4086 6258
332 289 386 354 itis
902 286 951 344 DE
971 285 1113 350 GEEE'U
1129 282 1329 355 conuulsis

248 425 316 504 psis
330 426 480 492 rationem
496 429 628 498 reddere
642 427 761 500 rolens,
779 442 833 490 eur
847 425 929 488 lleus
943 425 1102 504 permisis·
1144 429 1259 507 babet,
1286 435 1319 496 ut
1345 430 1559 496 resumeretur
1578 431 1611 497 in
1634 430 1773 496 Ecclesia
1795 444 1850 494 soa
1870 429 2008 512 pristina

247 514 295 584 ⁵9¹
308 514 571 590 Ρθῐδθθΰῐῑθΰθω,
587 515 650 592 85¹3
673 509 851 576 studebam
871 509 1022 588 ‘miliia⁰
1041 527 1101 590 po·
1145 513 1237 591 ciart,
1254 533 1289 580 ac
1304 514 1413 597 populi
1428 515 1639 580 ecclesiastiea
1655 511 1832 596 disciplina.
1845 513 1925 578 lnde
1943 515 2007 577 ian

248 593 400 659 immunia
416 599 561 682 singuli,
586 605 615 663 et
629 595 718 660 obliti
741 596 822 676 qaid
836 593 1019 664 eredentes,
1042 602 1101 659 cat
1145 600 1256 662 nrultes
1271 602 1422 663 hahemus
1434 598 1474 662 eb
1487 601 1556 678 ipso
1568 601 1701 680 posteris
1712 597 1838 663 relictas
1852 599 2010 662 constitu·

246 677 307 741 sub
320 677 478 760 Apostolis
499 693 575 748 unte
588 681 755 764 fecissent,
783 686 840 742 out
854 676 1099 756 semperiooere
1143 683 1266 759 tiones,
1283 684 1514 757 ordinationes,
1538 683 1777 748 admonitiones.
1799 685 1899 762 itque
1921 683 2009 745 haec

248 761 595 836 debeantsuscucotti
606 764 792 842 cupiditatis
809 761 1099 839 ardorccmpttmc
1143 783 1180 830 cx
1191 765 1516 850 Cyprianudddamus
1530 783 1627 846 pauca
1640 783 1677 832 cx
1689 768 1857 830 Beruardo.
1869 759 2023 844 neimo-¹

247 844 300 909 tiis
313 847 522 927 foeditatibus
537 847 744 916 inmcbabcnt.
762 847 832 910 Non
855 848 893 910 in
918 841 1099 908 Sacerdote·-
1143 855 1269 931 pignos
1283 868 1310 914 s.
1327 851 1502 914 heruardus
1513 851 1639 929 corripit
1654 851 1793 915 honorati
1809 849 2010 914 insedebant

247 926 306 994 bats
319 933 434 1016 rcbipa'o
446 935 643 1008 denotamus
652 935 690 996 in
700 932 856 994 ministris
866 927 945 1010 fides
956 930 1097 1008 inlapsu.
1142 936 1181 998 de
1195 936 1289 1000 honis
1302 933 1437 1007 Domini,
1452 935 1504 1013 qui
1517 935 1646 997 homino
1659 933 1931 999 nunserriebant:
1949 935 2024 997 ister

245 1025 317 1078 non
329 1018 368 1080 in
383 1019 531 1098 operibns
546 1017 793 1092 misericordia,
815 1029 884 1078 non
896 1015 933 1075 in
954 1013 1098 1078 moribus
1141 1019 1173 1082 in
1187 1020 1313 1097 publicu
1326 1019 1468 1082 utebatur
1479 1019 1685 1099 vestitu,quas
1696 1019 1830 1099 dignitas
1840 1017 2008 1098 exigebat,

247 1097 449 1180 disciplina:
472 1110 624 1182 eomupta
638 1099 740 1164 barbo
754 1101 791 1162 in
806 1099 884 1162 airis
898 1097 935 1160 in
949 1096 1099 1173 foeminis
1142 1104 1199 1167 sed
1212 1103 1352 1185 privatim
1367 1101 1445 1166 siles
1459 1108 1490 1165 et
1510 1102 1627 1165 attritas
1637 1110 1751 1165 uestes
1765 1101 1896 1183 gerebat
1910 1147 1918 1178 ‚
1950 1099 2010 1164 llo

242 1180 487 1264 formamenta.
503 1186 683 1251 adulterati
696 1188 767 1263 past
781 1182 836 1246 liei
851 1195 980 1254 monus,
998 1182 1096 1260 uenti,
1143 1188 1226 1250 mino
1242 1194 1343 1251 autem
1358 1187 1399 1249 ita
1414 1185 1576 1259 serviebat,
1593 1190 1626 1249 ui
1636 1186 1730 1250 verbo
1741 1187 1810 1260 Dei,
1823 1193 1856 1250 et
1869 1185 2009 1248 orationi

246 1266 359 1346 capitii
373 1270 543 1334 mendacio
566 1270 702 1334 colorati
726 1267 771 1329 ud
789 1265 985 1348 decipienda
998 1267 1098 1328 cordo
1142 1287 1266 1350 semper
1278 1272 1416 1334 intentus
1431 1274 1539 1334 noctes
1559 1268 1721 1334 insomnes
1737 1285 1798 1333 non
1813 1283 1887 1332 raro
1903 1269 2012 1331 trado·

245 1350 465 1429 simplicium,
488 1354 626 1417 callidae
640 1353 787 1431 fraudes,
803 1349 1098 1413 circumveniendis
1142 1359 1237 1417 caret.
1255 1352 1301 1415 llli
1317 1353 1498 1431 splendidas
1514 1367 1638 1416 mensas
1653 1358 1684 1416 et
1698 1353 1800 1432 cibis,
1825 1359 1857 1416 et
1872 1352 2009 1432 scyphis

244 1432 400 1512 rruiribns
414 1437 567 1502 subdolus
581 1439 782 1512 uoluntatem
803 1449 873 1496 nera
892 1436 1005 1495 iurare
1027 1439 1097 1495 tan·
1142 1437 1259 1501 habere
1274 1436 1438 1501 solebant:
1465 1437 1517 1498 hic
1538 1435 1694 1517 vulgarem
1717 1451 1868 1511 mensam,
1888 1444 1922 1498 et
1938 1451 2009 1516 scy-

245 1521 458 1599 inminuere,
473 1525 530 1585 ild
544 1523 651 1584 adhuc
667 1521 764 1582 etium
777 1519 942 1596 bestiarii
960 1511 1098 1594 Praepo-
1142 1523 1213 1600 piris
1228 1519 1458 1597 communibus,
1475 1535 1537 1581 non
1559 1519 1672 1598 aureis,
1697 1521 1746 1583 vel
1760 1519 1924 1601 argenteis
1940 1526 2009 1582 ute·

244 1601 323 1665 silos
337 1606 475 1683 superbo
491 1613 613 1669 tumere
628 1611 844 1676 contemnum
866 1602 1023 1664 benessio
1037 1599 1099 1662 tibi
1141 1605 1243 1668 batur.
1259 1603 1310 1668 illi
1325 1603 1649 1682 commessationibus,
1666 1613 1697 1666 et
1711 1603 1853 1667 ebrietati
1874 1618 2008 1683 operam

246 1699 302 1748 ore
316 1689 528 1769 maledicere3
550 1691 632 1754 odiis
646 1683 865 1768 pertinacibus
879 1682 1018 1748 inuicem
1032 1683 1097 1746 riis·
1142 1689 1278 1751 dabant:
1305 1689 1356 1751 hio
1372 1702 1467 1767 saepe
1480 1684 1633 1759 ieiunans,
1651 1693 1790 1766 arpena,
1807 1693 1839 1751 et
1852 1703 1953 1766 aqua,
1980 1695 2008 1750 ut

245 1769 375 1852 eidem
398 1773 550 1854 Episcopi
569 1773 727 1852 plurimi,
754 1783 833 1848 quos
855 1775 884 1829 et
898 1766 1097 1829 humumeuto
1142 1772 1321 1851 plurimum,
1335 1776 1500 1835 contentus
1515 1776 1592 1833 orat.
1608 1770 1656 1833 illi
1669 1771 1829 1846 citharam,
1844 1777 1876 1834 et
1891 1769 2005 1851 lyram,

246 1867 314 1917 osse
327 1864 449 1936 oportet
464 1859 608 1930 caetera,
625 1863 654 1920 et
668 1853 827 1930 emempto,
854 1851 970 1914 diuino
983 1865 1097 1927 procu·
1143 1863 1172 1918 et
1187 1856 1292 1919 tibiam
1307 1855 1339 1916 in
1355 1853 1502 1916 conririis
1517 1853 1723 1918 adhibebant:
1747 1855 1838 1918 istius
1860 1857 1903 1918 ad
1921 1871 2006 1918 men

245 1943 374 2002 rotiana
390 1947 590 2020 contemptu,
613 1942 836 2019 procuratores
849 1950 960 1998 renem
974 1933 1099 1996 sacula-
1141 1954 1207 2002 sarn
1223 1940 1288 2002 sula
1304 1939 1529 2018 seripturarum
1541 1944 1715 2001 sanctarum
1727 1938 1819 2002 rerba
1832 1939 2003 2002 sonabant

245 2021 334 2086 rium
347 2019 431 2104 fiffl',
446 2025 599 2087 dactictc
612 2023 777 2090 cathedra,
790 2018 880 2098 plebe
892 2021 1028 2087 deserta,
1040 2033 1099 2095 ner
1140 2021 1190 2085 lili
1205 2021 1407 2087 redundantia
1421 2021 1596 2093 torcularia,
1620 2029 1650 2085 et
1665 2022 1875 2102 promptuaria
1895 2023 2003 2102 plena,

246 2103 373 2171 olteacs
406 2110 591 2186 prouincias
628 2106 833 2174 oberrantes,
870 2099 1099 2196 nepotiotiouis
1142 2106 1267 2169 etdclia
1284 2105 1497 2186 pigmentaria,
1513 2113 1544 2167 et
1567 2105 1733 2186 praecipue
1754 2106 1867 2170 reieria
1886 2121 2005 2170 marso·

244 2193 458 2270 quaestuosae
478 2192 648 2254 nundinas
669 2187 855 2265 aucupum
882 2183 1096 2248 esurientibus
1142 2189 1191 2268 pia
1205 2189 1321 2252 hahere
1335 2187 1521 2268 gaudebant:
1534 2189 1593 2252 isle
1607 2190 1803 2267 modestiam,
1820 2196 1853 2254 et
1867 2205 2004 2269 pauper-

245 2273 283 2337 iu
297 2275 441 2336 Ecclesia
455 2273 610 2352 frutribus
624 2289 692 2337 uon
705 2269 892 2342 subveniam
914 2269 1031 2330 hobme
1044 2283 1096 2330 ar·
1141 2278 1233 2335 talem
1249 2271 1360 2336 Christi
1376 2287 1493 2346 emaus,
1510 2288 1580 2334 cunr
1597 2274 1685 2336 diaes
1709 2281 1803 2348 esset,
1816 2289 1951 2354 egenus
1966 2275 2003 2336 ia·

244 2363 379 2500 gentum
394 2359 530 2436 turpiter
543 2359 641 2436 uelle3
655 2355 777 2434 (andos
790 2353 957 2416 inuidiosis
970 2352 1098 2430 boudi-
1141 2362 1209 2420 ctos
1223 2364 1291 2431 est,
1317 2369 1376 2418 nec
1392 2355 1493 2418 solurn
1508 2356 1726 2432 patrimonium
1741 2359 1774 2419 in
1790 2373 1914 2436 egenos
1930 2373 2002 2420 eun

265 2453 305 2502 us
318 2456 457 2518 rupere3
473 2444 582 2505 usuris
606 2435 895 2518 multiplicantibus
908 2437 1022 2515 foenus
1037 2451 1095 2497 sti·
1140 2442 1284 2517 sumpsit,
1299 2438 1357 2502 sed
1373 2440 1464 2501 etiam
1479 2439 1571 2501 multa
1588 2439 1715 2521 pinguia
1730 2439 1882 2505 beneilcia
1900 2443 2002 2504 eccle·

242 2537 331 2602 gere.
357 2523 441 2602 Quid
454 2541 524 2589 uon
539 2527 664 2606 perpeti
686 2521 764 2584 talea
781 2535 843 2601 pro
863 2523 1002 2599 peccatis
1015 2517 1095 2580 eius·
1138 2524 1274 2598 mastica,
1291 2522 1405 2602 quibus
1419 2538 1435 2584 a
1451 2521 1600 2585 Pontiflco
1614 2524 1747 2588 maximo
1769 2525 1930 2588 avunculo
1946 2541 2003 2588 suo

241 2607 332 2672 mods
345 2607 539 2674 meremml·
555 2609 638 2672 Eaec
652 2606 782 2671 Sanctus
797 2601 977 2684 Cyprianus.
1140 2606 1252 2671 ditatus
1274 2607 1395 2678 iuerat,
1422 2620 1500 2668 noro
1524 2609 1665 2686 exemplo
1687 2614 1799 2687 sponte
1820 2607 1957 2671 dimisit.
1982 2609 2002 2671 (l

286 2691 480 2772 Perpendant
495 2694 585 2773 igitur
600 2698 720 2754 nostrae
735 2687 842 2751 aetatis
868 2687 1031 2767 homines,
1056 2709 1094 2754 an
1139 2689 1264 2753 beatum
1281 2687 1471 2760 Pontificem,
1488 2705 1525 2750 ac
1550 2705 1620 2753 rere
1636 2690 1750 2757 Christi
1766 2698 1948 2766 amantem,
1975 2701 2002 2755 et

244 2787 290 2850 ea,
307 2791 387 2855 quae
403 2775 563 2856 deplorent
578 2773 764 2838 sanctissimi
779 2771 827 2834 isti
840 2770 893 2832 riri
911 2771 940 2831 in
958 2773 1095 2840 moribus
1139 2773 1308 2839 imitantem
1325 2772 1531 2852 discipulum!
1554 2771 1579 2835 0
1601 2789 1658 2837 nos
1680 2773 1813 2850 beatas,
1842 2776 1869 2838 si
1886 2775 2000 2838 imitari

240 2873 367 2923 suarum
382 2864 578 2938 temporam,
603 2875 662 2921 non
679 2855 741 2919 sint
755 2855 881 2917 omnino
895 2854 1005 2919 similia
1021 2874 1094 2935 pec·
1139 2873 1200 2919 non
1216 2858 1342 2938 pigeat,
1365 2871 1458 2934 quem
1481 2854 1608 2919 laudare
1634 2858 1788 2922 delectati
1811 2858 1834 2921 0
1851 2873 1914 2921 nos
1929 2874 2001 2922 rere

241 2939 319 3004 cetis
334 2949 505 3022 temporum
522 2949 718 3006 nestrorum:
745 2938 785 3001 ob
801 2953 879 3016 quae
896 2954 952 3000 nos
969 2955 1093 3020 unoque
1139 2941 1292 3020 miserus,
1316 2946 1347 3002 et
1361 2939 1446 3000 onrni
1458 2939 1661 3018 lacrymarum
1678 2940 1762 3006 ionia
1777 2941 1998 3022 plangendus,

240 3024 354 3106 lugere
371 3025 506 3103 assidua,
518 3042 554 3088 ac
566 3041 688 3107 gernere
700 3023 880 3085 debeamus.
896 3021 992 3098 adda,
1010 3026 1093 3108 quod
1138 3023 1165 3086 si
1181 3030 1264 3087 tento
1281 3022 1439 3102 proposito
1455 3027 1525 3084 ante
1538 3023 1645 3086 oeulos
1661 3031 1784 3089 nostros
1797 3025 1955 3104 exemplo,
1970 3033 2000 3089 et

241 3105 499 3186 quemadmodum
516 3116 634 3172 veteres
649 3108 691 3170 ttli
708 3106 815 3186 populi
829 3103 1003 3169 hahuerunt
1018 3125 1092 3172 suus
1137 3109 1225 3186 quasi
1240 3105 1433 3172 lucidissimo
1444 3107 1523 3168 ritae
1537 3107 1690 3184 perlectae
1703 3109 1833 3187 speculo
1849 3109 1998 3172 deiormia

240 3191 421 3275 Cyprianus,
439 3209 514 3256 suus
528 3191 719 3263 Bernartius,
745 3189 797 3268 qui
812 3189 941 3251 cacteris
956 3189 1038 3264 vita,
1060 3200 1090 3255 et
1138 3196 1239 3254 nostra
1255 3207 1317 3253 non
1331 3188 1510 3264 uiderimus,
1523 3204 1626 3268 neque
1641 3195 1808 3256 emendare
1824 3191 1998 3273 diligentis·

240 3277 384 3357 exemplo
398 3277 631 3357 praelucebant,
644 3281 674 3337 et
689 3278 850 3353 propterea
864 3271 1092 3340 inexcusabiles
1137 3274 1216 3338 sime
1230 3271 1461 3338 studuerimus!

241 3369 351 3432 erant,
379 3361 430 3440 qui
446 3361 483 3423 ad
500 3360 551 3422 ille
566 3358 681 3422 lumina
697 3357 803 3419 oculos
818 3356 1024 3419 claudebant:
1046 3358 1093 3423 sic

241 3451 272 3508 et
287 3460 345 3507 nos
359 3443 527 3506 habuimus
542 3443 654 3505 diebus
669 3440 781 3502 nostris
802 3451 863 3501 non
879 3445 994 3518 paucos
1009 3441 1091 3506 viros
1499 3437 1582 3504 CAP.
1597 3439 1635 3504 V.

243 3527 479 3592 sanctissimos:
495 3541 624 3607 quorum
641 3540 752 3599 mures,
769 3528 800 3584 et
814 3525 871 3584 rita
885 3523 1012 3603 reliquis
1027 3541 1091 3588 onr-

239 3611 332 3676 nibus
346 3611 451 3688 regule
469 3609 549 3673 bene
562 3609 680 3670 risendi
692 3623 762 3668 esse
774 3612 949 3683 potnerunt.
961 3607 1021 3670 Sed
1035 3625 1091 3674 nos
1136 3607 1307 3693 liesspututo
1317 3608 1405 3685 toute
1416 3607 1712 3689 romanarumque·
1722 3615 1767 3673 est
1778 3610 1997 3675 omuiimatio

239 3694 453 3774 potissimum,
480 3693 531 3772 uui
548 3689 755 3754 Ecclesiastici
769 3705 899 3762 sumus,
925 3691 1090 3756 habuimus
1381 3691 1507 3754 ordinis
1523 3689 1752 3756 accederetis.

238 3785 380 3842 sanctum
392 3775 546 3851 Carolunr,
558 3775 646 3856 quasi
660 3777 814 3836 lucernam
827 3774 980 3836 lucentem
994 3776 1025 3836 in
1039 3792 1089 3838 ca·

237 3861 371 3942 liginuso
395 3860 475 3932 loco,
492 3873 624 3936 eamque
638 3873 700 3920 non
716 3857 774 3919 suh
791 3855 904 3929 modio,
921 3858 978 3920 sed
993 3875 1088 3938 super
1174 3859 1319 3934 Quemvis
1334 3858 1435 3936 capite
1450 3857 1612 3937 superiore
1626 3861 1799 3940 generatim
1814 3859 1995 3924 considera·

239 3941 459 4009 candelabrum
476 3941 791 4016 celsissimumundc
807 3940 930 4003 lucebat
946 3943 1090 4006 omnibus
1132 3947 1229 4006 verim
1258 3941 1418 4006 Ecclesiae
1445 3940 1618 4004 Catholicae
1644 3943 1808 4018 miserias,
1834 3951 1865 4006 el
1893 3960 1994 4020 pauca
2028 3953 2029 3962 ¹

238 4029 336 4110 quiin
352 4027 443 4089 domo
458 4025 513 4088 lter
529 4031 610 4087 suut.
1133 4028 1282 4105 quaedam
1306 4025 1457 4104 attigerim
1484 4026 1514 4086 in
1532 4025 1706 4104 particulari
1723 4028 1764 4090 de
1778 4026 1944 4094 Praelatis.
1963 4039 1995 4088 et

280 4111 384 4187 Qualis
397 4101 1089 4187 autemiue'ritexcomparationeeorum,uues
1132 4111 1288 4174 subditis:
1312 4110 1499 4190 uuiatamen
1516 4125 1690 4190 magnares
1713 4111 1823 4189 amtor,
1847 4127 1919 4173 cum
1937 4111 1991 4172 Ec·

236 4195 336 4260 saneti
351 4193 455 4256 Patres
470 4191 660 4275 Cyprianus,
688 4197 719 4254 et
732 4190 906 4252 Bernartius
921 4193 1090 4271 reprehen·
1134 4194 1250 4256 clasiae
1268 4191 1381 4266 morbi,
1398 4200 1428 4252 et
1443 4193 1568 4254 vulnera
1583 4193 1831 4269 considerantur,
1848 4202 1882 4257 ut
1896 4194 1937 4256 ad
1958 4211 1991 4257 ea

237 4279 336 4351 dunt,
365 4277 454 4340 iacile
470 4277 616 4354 cognosci
634 4275 754 4354 poterit.
770 4273 819 4336 Illi
835 4273 1034 4352 cathedram,
1058 4277 1088 4338 id
1135 4277 1269 4341 curanda
1283 4277 1485 4358 laerymarum
1498 4276 1634 4338 remedia
1648 4292 1703 4353 pra
1714 4277 1832 4341 uiribus
1845 4277 1992 4340 adhihes·

237 4371 296 4437 est,
313 4377 426 4424 munus
441 4359 658 4434 concionandi,
675 4357 857 4436 Epissorum
873 4361 1028 4437 proprium
1042 4375 1088 4421 re·
1134 4379 1226 4424 rnus:
1250 4359 1352 4424 risum
1379 4366 1426 4421 est
1448 4359 1582 4423 seorsim
1608 4360 1647 4422 de
1673 4359 1807 4440 singulis
1832 4360 1993 4425 Ecclesiae

235 4445 433 4524 linquebant:
446 4444 505 4507 iste
517 4443 691 4505 cathedram
709 4457 770 4504 non
786 4443 922 4518 reliquit,
940 4441 998 4504 nisi
1017 4459 1087 4504 uum
1134 4445 1283 4508 membris
1300 4459 1339 4506 ea·
1351 4443 1502 4518 scribere,
1519 4457 1597 4523 quae
1611 4442 1763 4507 Dominus
1777 4446 1934 4525 inspirare
1948 4447 1994 4506 di·

235 4527 295 4594 vita
312 4545 382 4593 esur
399 4527 535 4606 reliquit.
551 4525 599 4588 ltti
626 4525 749 4600 plebem
763 4525 944 4587 deserentes
960 4527 995 4588 ed
1014 4534 1087 4587 tern-
1133 4528 1289 4609 gnabitur.

237 4613 363 4692 poreles
379 4609 534 4675 nundinas
554 4609 586 4670 in
608 4609 675 4671 aliis
699 4608 865 4686 prouinciis
879 4609 1086 4688 vagabantur:
1147 4628 1154 4648 ⁴
1174 4611 1242 4673 'l'rie
1258 4615 1331 4672 sunt
1341 4607 1501 4672 Ecclesiae
1512 4607 1648 4672 membra
1659 4610 1839 4689 praecipua.
1854 4610 1991 4674 Primum

236 4693 296 4759 iste
311 4695 434 4774 piebem
452 4694 512 4757 sibi
530 4709 545 4754 a
562 4693 623 4754 heo
645 4691 789 4756 creditam
816 4707 981 4771 numquam
998 4693 1087 4754 dese·
1135 4709 1240 4758 eorum
1258 4701 1316 4768 est,
1332 4693 1385 4770 uni
1402 4693 1432 4754 in
1448 4698 1528 4755 stetu
1550 4692 1749 4770 perfectionis
1765 4695 1894 4768 adeptae
1918 4710 1992 4758 esse

237 4779 309 4851 ruit,
325 4779 385 4843 nisi
403 4778 526 4854 uuanda
541 4776 732 4852 plebissnae
747 4775 874 4851 utilitas,
889 4773 935 4837 rel
952 4775 1087 4840 necessi·
1133 4777 1287 4848 dicuntur,
1298 4775 1349 4856 qui
1361 4775 1588 4854 suntEpisoopi
1600 4773 1990 4858 Ecclesiaruml’rincipes,

237 4860 523 4942 tascamputit.1tti
541 4858 681 4920 iratribus
705 4858 894 4936 pauperibus
911 4874 972 4921 oon
989 4859 1087 4938 prori-
1133 4867 1164 4924 ct
1178 4861 1327 4940 magistri,
1345 4859 1459 4937 quihus
1475 4859 1674 4937 adiungimus
1690 4861 1911 4942 presbyteros,
1939 4879 1991 4940 qur

238 4943 377 5018 debent,
404 4945 460 5006 sed
483 4947 639 5022 argenton
661 4942 785 5020 largiter
800 4943 961 5022 possidere
976 4945 1088 5022 gaude-
1132 4941 1646 5020 suntminuresSacerdotesatqoe
1660 4958 1765 5006 eorum
1779 4945 1991 5009 administms.

237 5026 335 5090 bant:
359 5027 417 5089 iste
433 5025 647 5106 patrimonium
662 5041 752 5088 sunm
768 5073 776 5098 ,
804 5029 837 5087 nt
862 5027 990 5088 haberet
1004 5028 1086 5089 unde
1133 5028 1269 5090 hilarum
1284 5030 1333 5090 est
1348 5042 1467 5100 eorum,
1483 5026 1536 5103 uni
1550 5031 1623 5088 sunt
1637 5027 1668 5089 in
1685 5033 1764 5091 suto
1791 5027 1992 5108 perfectionis

235 5109 428 5258 granatibus
443 5109 567 5190 largiter
580 5109 766 5182 subueniret,
781 5125 850 5171 cum
863 5109 974 5190 gaudie
986 5110 1087 5172 distri·
1132 5109 1352 5189 adipiscendae
1367 5129 1375 5185 ;
1399 5111 1428 5170 id
1445 5117 1503 5178 est,
1526 5112 1577 5188 qui
1594 5110 1703 5175 relicto
1718 5112 1837 5185 seculo,
1855 5120 1888 5174 et
1902 5127 1992 5175 seco·

260 5193 363 5258 uehat.
379 5192 429 5255 Illi
444 5209 505 5256 non
521 5193 744 5256 erubescebant
766 5193 868 5255 usuris
884 5193 1086 5278 multiplican-
1133 5194 1249 5256 laribus
1262 5195 1357 5264 curis,
1371 5191 1553 5272 prolitentur
1567 5207 1603 5256 se
1617 5194 1655 5256 ad
1672 5195 1897 5274 perlectionem
1914 5198 1992 5257 ritae

237 5277 321 5342 tibus
345 5277 456 5340 luanus
471 5293 607 5354 augere:
630 5277 689 5338 iste
711 5277 912 5338 miserebatur
937 5277 1085 5356 inopum,
1133 5276 1325 5340 Christianae
1341 5277 1418 5338 aella
1434 5279 1561 5338 tendere
1579 5323 1587 5346 ,
1612 5280 1719 5352 aoeies
1735 5284 1807 5340 sunt
1821 5279 1991 5359 Reguleres

237 5365 272 5425 ut
284 5361 416 5426 Domina
432 5360 489 5421 soli
501 5359 829 5438 iueneraretnr‚sciens
840 5361 988 5436 scripturn
1002 5377 1085 5433 esse,
1132 5375 1253 5428 omnes.
1270 5361 1336 5424 sire
1350 5359 1513 5436 Eremitac,
1537 5360 1601 5423 sire
1618 5359 1814 5436 coenobitae,
1837 5369 1898 5425 tarn
1920 5365 1987 5440 riri,

240 5442 301 5524 Qut
320 5445 491 5508 miseretur
513 5457 716 5522 pauperum,
742 5445 929 5522 resumatur
942 5443 1016 5505 ileo.
1039 5444 1087 5506 litt
1133 5461 1223 5521 uuam
1246 5443 1411 5508 iuemioee.
1428 5443 1561 5506 Tertium
1577 5451 1625 5506 est
1640 5443 1800 5522 laicorum,
1824 5446 1877 5526 qui
1891 5447 1989 5510 susci-

236 5540 300 5590 non
317 5529 446 5591 multum
462 5526 653 5599 laborabant,
667 5528 748 5608 quud
762 5543 825 5591 nun
840 5535 922 5591 esset
938 5526 967 5587 in
984 5527 1088 5591 Seuer·
1131 5528 1222 5608 pioni
1236 5543 1340 5591 coram
1351 5525 1799 5606 familiae,uirorisliberoronr,
1816 5545 1989 5604 servoruum

237 5609 362 5676 deibus
375 5609 495 5690 Religio
517 5611 634 5688 devota,
647 5611 678 5674 in
695 5611 844 5676 ministris
859 5611 939 5674 tides
952 5610 1084 5691 integra,
1132 5613 1181 5675 ael
1197 5615 1287 5676 etiarn
1302 5609 1534 5690 Rempnblicarn
1552 5610 1776 5687 administrant,
1792 5617 1823 5676 et
1838 5629 1887 5686 ee,
1910 5631 1990 5694 quae

238 5689 273 5756 in
287 5695 425 5762 moribus
439 5693 626 5779 disciplina:
648 5695 708 5760 iste
721 5695 801 5774 dies,
817 5713 853 5762 eo
867 5701 973 5762 noctes
998 5711 1087 5762 eacu-
1132 5697 1289 5779 pertinent
1302 5695 1340 5760 ad
1357 5711 1476 5776 pacem,
1493 5696 1541 5761 ael
1554 5693 1637 5760 bella
1658 5698 1897 5776 procurantis
1917 5705 1953 5762 ot
1972 5715 1989 5762 a
