4002 6228
918 768 984 840 DE

199 1090 203 1096 .
288 991 901 1184 ¹suanuoarnus
946 1055 1589 1187 nuunasrasururs

662 1374 996 1462 uasannuuur
1025 1319 1248 1463 vernaus

745 1703 1150 1714 ——---—-—-—-——---

240 2209 284 2268 tin
299 2208 395 2269 Hose.
411 2205 506 2268 Anno
522 2203 641 2269 mundi
654 2203 749 2268 2483.
979 2204 1018 2269 ari
1042 2203 1156 2268 exitum
1182 2204 1314 2269 niteram
1339 2204 1435 2270 israei
1456 2206 1495 2270 de
1522 2207 1672 2288 Aegypto,
1699 2205 1792 2283 idest,
1810 2205 1849 2272 ab

978 2285 1068 2350 initio
1083 2292 1255 2362 temporum
1272 2288 1424 2366 usquead
1446 2304 1562 2351 annum
1579 2289 1629 2352 bis
1651 2287 1848 2352 millesimum

100 2369 210 2433 Moses
231 2369 385 2443 Propheta
407 2368 624 2431 sanettsstmaa
646 2372 677 2430 et
691 2366 933 2443 uetustissimus,
980 2368 1321 2448 quaennyentestmam
1337 2371 1560 2449 octogesimum
1577 2372 1713 2448 tertium,
1732 2371 1793 2432 imo
1809 2377 1852 2433 et·

58 2459 85 2514 et
101 2450 931 2529 primusinterScriptoresHeelesiestieos,natusest,
982 2452 1042 2513 ianr
1059 2465 1159 2530 usque
1175 2450 1213 2513 ad
1230 2451 1345 2517 ebitum
1367 2467 1470 2526 snum,
1495 2453 1585 2526 idest,
1612 2468 1712 2532 nsque
1739 2452 1775 2513 ad
1799 2469 1853 2516 an·

58 2535 235 2596 seeundum
259 2549 362 2594 rneurn
386 2538 577 2610 eomputurn.
601 2548 683 2594 anno
703 2533 753 2596 bis
769 2532 933 2594 millesimo
983 2547 1056 2596 nunr
1073 2533 1122 2596 bis
1137 2532 1336 2596 mittesimnm
1357 2533 1642 2614 quingentesimum
1669 2533 1852 2598 uicesimum

59 2616 487 2694 quadringentesimoiertro,
502 2614 540 2675 ab
555 2615 643 2676 initio
655 2614 772 2678 Hundi.
785 2614 866 2676 Vixit
881 2629 933 2675 an·
982 2617 1116 2678 tertium.
1140 2614 1224 2688 Quae
1249 2621 1351 2678 auteur
1379 2624 1448 2694 post
1474 2624 1603 2680 mortem
1630 2615 1732 2696 ipsius
1756 2615 1854 2680 Hosis

60 2701 109 2758 nis
134 2705 261 2759 eentum
284 2695 404 2770 viginti.
428 2696 515 2758 inno
537 2697 729 2772 octogesimo
756 2696 834 2759 ritae
856 2709 932 2758 suae
980 2697 1160 2762 seribuntur
1174 2698 1205 2758 in
1223 2703 1359 2760 extremo
1374 2698 1475 2776 eapite
1491 2697 1735 2770 Deuteronomii,
1750 2697 1853 2760 addita

60 2779 202 2857 suseepit
215 2781 301 2841 iussu
314 2778 370 2840 itai
385 2779 590 2856 triaetpatam
604 2775 826 2849 Hebraeorum,
841 2775 933 2848 idest,
981 2785 1064 2849 aaut,
1081 2780 1129 2842 rei
1143 2795 1158 2840 a
1174 2777 1341 2855 insueret
1357 2779 1396 2844 ab
1411 2779 1509 2844 Hsdra
1524 2825 1532 2856 ,
1558 2779 1604 2844 ret
1621 2780 1660 2844 ab
1675 2779 1735 2843 utin
1750 2779 1854 2860 atiquo

62 2877 145 2922 anno
162 2861 269 2923 mundi
286 2859 379 2922 etse.
394 2860 470 2923 abiit
482 2875 565 2924 anuo
578 2861 685 2922 muntii
696 2858 790 2924 2523.
807 2861 938 2939 seripsit
983 2862 1144 2942 i’ropbete.

63 2944 321 3010 Pentateuubum.
339 2943 430 3016 idest,
456 2941 596 3021 quinque
617 2943 785 3004 volumina:
804 2957 934 3018 auorum
1023 2943 1111 3018 Quod
1127 2943 1217 3005 etiam
1234 2941 1324 3006 Poeta
1339 2941 1474 3024 insignis
1490 2942 1580 3006 tuerit
1604 2943 1719 3020 nesea,
1743 2945 1856 3006 testan-

63 3026 189 3084 nemine
213 3025 253 3085 ab
274 3023 424 3088 Hebraeis
445 3029 639 3088 sumuntura
656 3025 764 3102 primis
780 3022 882 3087 verbis
897 3022 934 3086 ii·
984 3030 1031 3087 tur
1046 3024 1107 3087 duo
1122 3025 1239 3087 nentina
1258 3025 1370 3103 ipsius,
1387 3027 1530 3100 atterum,
1547 3025 1643 3089 Hrod.
1658 3026 1709 3089 te.
1726 3025 1855 3088 alterum

63 3108 204 3167 brorum.
958 3119 960 3122 ·
983 3104 1412 3170 neateraaon32.1iearte
1439 3108 1539 3186 ipsius
1566 3105 1703 3171 Oratorta
1730 3111 1858 3169 testatur

103 3188 214 3267 itaque
236 3187 369 3266 primurn
392 3192 503 3250 nonant
525 3187 673 3264 iteresoit,
690 3186 783 3263 idest,
800 3186 836 3249 In
854 3185 938 3266 prin·
984 3188 1098 3260 Oratio,
1116 3188 1328 3266 quamseribit
1342 3189 1401 3252 sub
1418 3190 1543 3251 nornine
1559 3189 1658 3252 iudae
1674 3189 1711 3250 nd
1727 3187 1857 3266 loseph.

66 3269 161 3348 eipio.
984 3270 1061 3332 Gen.
1077 3267 1130 3331 ii.
1147 3275 1176 3331 et
1191 3268 1249 3331 aiie
1263 3269 1363 3347 ipsius
1375 3269 1470 3333 Hosis
1481 3271 1519 3332 ad
1532 3269 1643 3334 Henna.
1656 3270 1745 3332 Num.
1763 3268 1813 3331 ii.
1828 3273 1859 3330 ei

105 3351 302 3427 Seenuriunr,
318 3350 362 3412 Ve
377 3349 438 3413 eiie
452 3354 565 3424 seruet,
582 3349 679 3422 idest,
698 3345 781 3410 Hane
796 3353 871 3412 suni
886 3361 939 3412 no·
985 3349 1226 3427 exhortationes,
1243 3351 1291 3413 rei
1307 3351 1584 3432 reprehensiones,
1597 3352 1635 3414 ad
1648 3349 1859 3431 populumne

68 3433 159 3495 urina.
660 3465 662 3470 ,
740 3461 743 3468 ⁴
984 3432 1114 3496 seientia
1137 3431 1255 3504 iterati,
1283 3439 1314 3495 et
1338 3432 1448 3512 peritia
1473 3433 1577 3514 legum
1607 3433 1858 3506 condendarum,

104 3515 246 3576 Tertiam
261 3511 380 3585 iniere,
392 3512 486 3585 idest,
499 3510 625 3574 Venerit
638 3517 754 3574 autem.
984 3529 1047 3576 non
1064 3519 1124 3574 tarn
1142 3513 1266 3593 proprio
1279 3513 1407 3592 ingenie
1423 3530 1515 3594 quarn
1527 3515 1732 3592 inspiratione
1744 3515 1859 3577 divina.

107 3597 268 3669 Quartum.
287 3594 492 3671 vaiedabber‚
509 3594 601 3668 idest,
619 3593 817 3672 taeniasque
832 3598 893 3655 est.
987 3597 1135 3659 tertiaeet
1151 3611 1259 3676 magna
1277 3611 1347 3674 pars
1362 3597 1470 3669 Exodi,
1492 3596 1632 3672 Leuitiei,
1659 3604 1690 3660 et
1713 3595 1860 3660 Deutero-

107 3676 343 3749 Quintamtttte
357 3675 546 3748 addabarim,
557 3674 936 3742 teostitaeesuutrerba.
986 3677 1094 3740 nomii.
1106 3677 1249 3756 Denique
1263 3677 1303 3740 de
1319 3678 1475 3760 mysteriis
1489 3677 1691 3758 'l'treaioyiae
1709 3678 1769 3741 sub
1783 3677 1861 3758 ilpu-

107 3760 219 3822 (iraeai
231 3763 262 3821 et
272 3758 369 3819 Latini
384 3758 653 3820 rtenurninantbos
663 3759 759 3820 tibros
771 3773 788 3820 a
802 3757 939 3830 materia,
985 3775 1017 3822 ra
1034 3758 1129 3822 areae
1146 3757 1293 3834 taauerts,
1310 3766 1343 3822 et
1356 3761 1485 3824 restium
1502 3761 1753 3837 saoerrtotatiurn,
1771 3765 1802 3822 et
1818 3765 1862 3822 tn·

72 3845 107 3904 rie
122 3857 184 3920 qun
201 3842 302 3920 agitur
315 3844 343 3901 tn
359 3837 512 3919 prineipie
524 3840 606 3915 iibri,
622 3839 792 3918 etquidem
809 3838 940 3917 primum
989 3843 1048 3904 tius
1065 3841 1268 3916 tabernaculi,
1285 3841 1374 3906 testis
1388 3841 1475 3905 Philo
1490 3842 1665 3920 Hebraeus,
1682 3843 1734 3922 qui
1748 3845 1804 3905 bas
1819 3841 1862 3904 ai·

73 3925 184 3986 tibrum
201 3927 310 3984 rneant
324 3923 483 3996 Genesim,
496 3923 568 4000 pota
581 3921 669 3985 initio
683 3922 830 3984 scribitur
844 3934 941 4000 yene-
987 3923 1121 4002 ispanias
1135 3922 1341 3986 subtilissime
1357 3923 1542 4005 explanarit.

73 4009 145 4067 ratio
162 4006 257 4077 eneti,
281 4009 313 4066 et
335 4010 445 4079 terrae,
468 4008 500 4067 ei
521 4003 711 4083 reliquarum
733 4019 835 4066 rerunt
858 4017 944 4066 oren·
1029 4006 1335 4085 Sertpseruntnitam
1361 4006 1456 4070 Hoste
1481 4005 1570 4070 Pbiio
1599 4023 1635 4070 ex
1661 4005 1809 4074 Iudaeis,
1832 4010 1863 4067 et

76 4096 185 4150 tarum.
989 4087 1154 4168 Gregorius
1166 4087 1374 4170 Hyssenusex
1386 4084 1863 4153 Christianis.'iribnunturHesi

110 4169 251 4231 lixorium
266 4168 495 4230 renuntiibrunr
507 4168 694 4240 seeundum,
705 4165 775 4244 quia
789 4166 878 4229 initio
889 4166 944 4229 de·
990 4170 1098 4248 psatmt
1116 4169 1260 4234 undecim
1277 4186 1293 4231 a
1309 4175 1417 4232 saneto
1432 4169 1639 4252 Hieronymo,
1655 4175 1686 4234 et
1700 4171 1783 4232 aitis:
1808 4169 1864 4232 sed

77 4251 222 4313 aeribitur
232 4252 373 4328 egressio
384 4250 516 4314 atterum
529 4248 626 4312 Israel
644 4249 683 4313 de
697 4248 851 4330 Aegypte.
865 4247 945 4311 Hro-
989 4252 1228 4332 probabitiorem
1244 4252 1413 4315 existimari
1429 4255 1615 4316 sententiam
1632 4251 1731 4316 senati
1759 4251 1863 4331 ttupu·

79 4337 135 4395 dus
149 4334 233 4396 eninr
250 4347 414 4411 egressum
431 4331 596 4410 signifieat.
990 4334 1075 4406 stint,
1088 4340 1119 4396 et
1133 4333 1330 4413 atterumqat
1347 4340 1442 4396 tntum
1460 4334 1639 4413 psaiterium
1654 4333 1777 4397 barinis
1793 4348 1865 4396 essa

115 4412 945 4491 TertiumroenntLeattieum,quoniemineodeseri·
989 4413 1108 4480 rotant.
1134 4416 1288 4495 [toquere
1312 4415 1425 4498 seripsi
1451 4417 1482 4480 in
1511 4417 1702 4500 praefatione
1728 4416 1865 4496 psainro·

77 4495 946 4570 bituroiiioiumLeritarumeiroatabernaeuiurn,saeri·
991 4513 1072 4562 rum.
1375 4517 1380 4524 ·

78 4579 155 4654 tinia,
172 4584 204 4640 et
218 4578 276 4640 aiia
293 4580 323 4640 id
340 4595 452 4658 grauns.

115 4660 264 4735 Quartum
286 4668 396 4722 nonant
417 4659 576 4731 iiurneros,
601 4657 746 4734 naeniam
763 4659 852 4721 initia
867 4657 940 4722 iibri
1358 4664 1402 4729 ite
1416 4665 1488 4729 see.

82 4746 256 4804 numeratur
278 4743 441 4806 multitudo
463 4739 596 4805 fitiorum
616 4742 713 4806 Israel
729 4741 899 4822 partribus
915 4747 947 4805 et

82 4825 208 4886 tantitas
224 4839 310 4886 sues.
1033 4819 1101 4894 iob,
1118 4820 1157 4883 ed
1173 4818 1356 4884 miraouiurn
1370 4833 1470 4898 usone
1486 4820 1623 4886 sanetus.
1640 4816 1673 4876 et
1686 4809 1866 4882 nantonen-

118 4906 266 4984 Quintum
281 4909 391 4974 renent
413 4905 702 4978 Deuteronominm,
723 4905 812 4984 nursi
835 4919 948 4968 seeun-
994 4907 1023 4966 te
1038 4903 1155 4967 besem
1171 4903 1253 4966 ririt.
1270 4902 1343 4965 iiam
1370 4917 1407 4964 ex
1432 4899 1584 4964 sententia
1611 4893 1812 4965 (iraeeorum,
1835 4896 1867 4952 et

83 4987 147 5049 darn
163 4988 282 5066 legem,
298 4989 446 5066 quoniam
461 4987 492 5050 in
509 5003 547 5051 ao
561 4987 713 5066 repetitur
724 4992 756 5050 at
767 4987 947 5068 explanator
994 4986 1159 5048 mattarum
1176 4985 1364 5060 Latinorum,
1382 4981 1440 5045 tuit
1454 4983 1561 5064 tertias
1575 4977 1613 5040 ab
1627 4977 1718 5051 Hsau,
1732 4980 1764 5036 et
1779 4971 1869 5050 nuin-

81 5069 127 5132 ier
143 5067 265 5131 bomini
281 5071 348 5130 dato
365 5071 396 5132 in
412 5068 513 5132 Honte
527 5071 613 5134 Sina.
994 5073 1043 5130 tus
1059 5066 1097 5128 ab
1114 5066 1277 5129 Abrabam.
1293 5066 1396 5128 Hoses
1412 5071 1513 5126 autern
1529 5063 1586 5126 init
1600 5063 1727 5154 quartus
1744 5071 1759 5116 a
1776 5052 1869 5116 iaeob

119 5151 163 5213 iix
174 5151 226 5213 bis
235 5149 326 5213 tibris
339 5151 467 5230 intelligi
477 5157 589 5231 potest,
604 5151 720 5214 Hosenr
735 5149 834 5213 tuisse
849 5149 947 5214 virum
994 5155 1026 5213 et
1040 5155 1147 5212 sertus
1161 5149 1200 5212 ab
1215 5149 1378 5211 Abretteni.
1395 5145 1458 5210 Sed
1483 5161 1522 5208 ex
1536 5147 1691 5208 sententia
1714 5137 1871 5232 Hebraeo·

85 5231 308 5306 doetissimum,
326 5247 388 5295 noa
404 5235 505 5296 satura
527 5233 561 5296 in
582 5235 666 5295 omni
682 5233 834 5313 sapientia
850 5231 947 5315 Aegy·
996 5247 1077 5306 rnrn,
1095 5237 1125 5293 et
1137 5231 1235 5294 sanat
1251 5227 1431 5309 Hieronymi
1446 5229 1476 5289 in
1492 5222 1729 5306 quaestionibus
1741 5217 1871 5283 ttebrn·

86 5315 228 5394 pttnrum,
245 5322 281 5376 at
293 5315 407 5378 dieitur
421 5331 437 5375 a
450 5322 558 5379 saneto
573 5315 745 5396 Stephano,
763 5315 830 5378 bet.
848 5314 878 5377 i.
893 5314 951 5379 seri
998 5314 1056 5390 ets,
1073 5313 1127 5377 iob
1146 5327 1207 5376 non
1223 5312 1388 5375 deseendit
1400 5311 1440 5374 ab
1453 5310 1548 5381 Esau,
1571 5306 1627 5370 sert
1643 5321 1660 5366 a
1674 5302 1796 5368 iiaabor
1811 5301 1871 5363 ira·

86 5398 172 5460 etiarn
189 5397 221 5459 in
237 5401 301 5460 arte
322 5396 488 5474 Historiae,
511 5396 647 5468 Poetine.
664 5397 814 5471 oratoria,
830 5397 951 5472 Horati,
999 5401 1044 5458 tra
1060 5395 1211 5458 Abrabae:
1227 5399 1258 5457 et
1271 5393 1328 5457 tuit
1342 5394 1450 5456 tertias
1461 5408 1477 5454 a
1490 5389 1610 5454 tiaebor
1621 5387 1715 5450 tratre
1727 5381 1870 5448 aenaea

86 5477 322 5558 etheoioyiee.
332 5478 719 5556 ScribiteninrHistnriom,
733 5478 951 5560 Genealogias,
998 5485 1035 5540 te
1051 5492 1108 5557 per
1121 5477 1183 5541 boo
1197 5476 1293 5540 mutto
1308 5475 1463 5556 antiquior
1476 5471 1573 5538 Hose.
1600 5465 1690 5546 ouon
1716 5467 1810 5532 eiiam
1832 5478 1870 5529 ex

86 5569 113 5624 et
126 5575 176 5626 res
191 5571 296 5641 pestus
311 5559 609 5641 Patriaretrerunr,ab
624 5562 701 5627 orbe
711 5562 836 5626 eondito
852 5577 953 5642 usqua
999 5563 1099 5624 aetate
1114 5557 1281 5641 nottiyitur.
1304 5558 1359 5624 iob
1385 5555 1468 5623 eninr
1490 5554 1563 5622 risit
1586 5556 1713 5618 eentum
1729 5545 1869 5633 ,quatra
