4056 6260
336 448 337 454 .
746 355 886 418 earnes
909 354 1241 429 necinuspunarus
1319 372 1322 378 ·
1708 365 1796 422 ,ιιι
1903 441 1906 450 ι

97 500 246 564 deessent
263 496 458 576 tentationes,
481 500 511 562 et
526 497 641 578 praelia
656 511 726 560 oum
742 493 957 571 daemonibus,
1003 495 1086 577 quod
1103 495 1172 577 ipse
1187 495 1259 560 tacit
1279 494 1312 560 in
1326 493 1520 578 indulgentia
1542 496 1729 577 praestanda
1755 495 1869 579 poeni·

99 583 152 646 ubi
170 587 277 646 essent
292 582 439 660 triumpbi
454 591 483 644 et
506 599 636 647 coronae
653 581 820 660 virginum,
837 585 866 643 et
881 579 957 643 don·
1001 579 1153 659 tentibus,
1171 580 1253 643 idem
1268 597 1326 644 nos
1338 579 1443 674 faeere
1460 581 1567 644 voluit.
1585 581 1657 658 lpse
1673 589 1777 644 autem
1796 580 1864 644 nul·

95 667 276 730 fessorum?
299 669 368 728 etsi
386 668 532 729 deessent
549 667 683 736 labores,
701 669 730 726 et
746 665 882 744 dolores,
906 662 959 726 ubi
1003 667 1068 728 lom
1085 665 1252 729 terminum
1280 666 1524 729 reconciliationi
1548 664 1674 743 posuit,
1693 667 1754 727 nisi
1772 666 1867 727 tinem

96 760 182 814 esset
198 767 308 814 corona
328 751 518 827 pationtiae?
541 761 570 812 ει
585 752 610 812 ει
635 748 708 810 nulli
726 756 833 809 essent
856 763 961 826 perse·
1005 748 1097 811 huius
1113 749 1357 829 vitae,quamdiu
1372 750 1443 813 vivit
1456 759 1611 828 peccator,
1626 749 1745 811 etiemsi
1763 751 1800 809 ad
1815 765 1868 812 an·

96 847 234 909 sutores,
254 836 303 896 obv
323 843 405 895 esset
423 835 521 910 palma
546 832 712 913 martyriis?
726 832 833 902 ltauue
857 833 888 894 in
903 833 961 893 troo
1006 849 1078 894 num
1095 837 1312 910 centesimum,
1330 835 1378 896 vel
1395 835 1471 896 ultra
1488 833 1635 905 labendo,
1653 838 1684 894 ει
1698 832 1870 898 relabendo

97 921 192 982 exilio
210 929 373 996 utrumque
390 936 494 979 verum
510 926 567 988 εει,
583 924 612 980 ει
628 927 737 978 terram
756 916 874 992 plenam
892 929 962 978 esse
1007 921 1204 995 pervenerit,
1222 936 1237 980 a
1254 917 1482 998 benignissimo
1498 917 1587 980 Patre
1602 917 1639 978 nd
1656 916 1775 980 veniam
1793 917 1868 979 deli·

98 1006 245 1079 miseriis,
261 1005 331 1083 quia
345 1003 392 1064 vel
410 1005 474 1081 ipsa
492 1003 557 1064 sola
574 1007 695 1081 peecata
712 999 854 1078 ingentes
871 1001 961 1062 mise·
1008 1008 1124 1064 clerum
1150 1002 1330 1078 admittitur,
1356 1004 1439 1064 nulla
1460 1008 1509 1064 est
1524 1001 1604 1077 apud
1623 1002 1868 1064 misericordiam

95 1089 163 1152 riae
179 1097 263 1164 sunt;
281 1098 311 1150 et
328 1094 435 1148 terram
454 1087 574 1164 plenam
592 1101 663 1148 esse
679 1085 887 1146 misericordia
904 1084 962 1145 Do·
1006 1085 1105 1148 Patris
1121 1086 1309 1162 poenitentia
1325 1101 1411 1162 sera,
1429 1085 1520 1146 modo
1537 1087 1577 1146 ειι
1589 1085 1682 1157 seria,
1701 1092 1732 1148 ει
1747 1101 1785 1150 ex
1800 1101 1866 1146 eor·

98 1171 199 1243 mini,
224 1173 370 1250 quoniam
386 1173 548 1233 conversio
563 1177 761 1250 peccaturum
779 1215 786 1242 ,
812 1175 841 1230 et
858 1167 963 1230 merita
1008 1168 1047 1230 de
1060 1183 1130 1230 vere
1142 1171 1282 1246 contrito,
1298 1177 1327 1231 et
1339 1169 1510 1231 bumiliato.
1530 1168 1592 1230 Sed
1608 1183 1670 1230 non
1686 1169 1757 1231 ideo
1776 1168 1872 1232 debet

98 1256 297 1328 Sanctorum,
316 1262 346 1316 ει
363 1255 420 1316 alia
436 1255 658 1333 propemodum
677 1251 806 1325 infinita,
824 1259 885 1313 tum
901 1255 970 1330 spi·⁴
1009 1251 1092 1314 ullus
1108 1251 1191 1313 abuti
1208 1253 1400 1331 benignitate
1412 1253 1481 1330 Dei,
1496 1259 1527 1316 el
1539 1253 1577 1315 de
1591 1251 1642 1314 die
1659 1253 1690 1312 in
1705 1253 1786 1314 diem
1798 1268 1870 1314 con·

96 1340 234 1410 ritualia,
251 1347 314 1401 tum
334 1337 512 1416 temporalia
529 1335 681 1399 beneiieia
697 1335 775 1408 Dei,
802 1335 876 1413 quid
892 1343 963 1397 sunt
1008 1335 1183 1398 versionem
1200 1333 1338 1414 differre,
1355 1354 1426 1399 cum
1443 1352 1534 1400 nemo
1550 1337 1629 1398 soiat
1644 1352 1705 1412 qua
1719 1336 1805 1406 bora,
1822 1334 1871 1399 vel

96 1423 259 1492 atiud.nisi
278 1423 440 1484 continuae
456 1425 487 1482 et
503 1422 649 1482 maximae
665 1418 879 1480 miserationes
895 1435 966 1481 con·
1008 1434 1069 1498 quo
1085 1420 1135 1482 die
1150 1420 1189 1480 de
1206 1435 1336 1497 eorpore
1351 1421 1391 1482 sit
1407 1421 1557 1491 exiturus,
1573 1425 1604 1482 et
1619 1419 1656 1480 ad
1672 1417 1807 1481 tribunal
1823 1419 1867 1482 iu·

97 1507 212 1568 diteris
229 1505 326 1568 nostri
340 1504 412 1566 Dei'l
429 1504 544 1583 gratias
560 1505 652 1583 igitur
667 1519 794 1581 agamus
809 1503 891 1564 bono
906 1503 966 1565 Do·
1009 1502 1139 1565 slissimi
1154 1501 1272 1565 Iudicis
1294 1504 1531 1582 competiturus.
1548 1502 1613 1565 lrnu
1627 1503 1701 1565 vero
1716 1503 1868 1565 deberent

98 1591 186 1652 mino
203 1596 330 1664 nostru,
355 1589 425 1666 quia
443 1589 523 1650 siout
538 1589 696 1649 abundant
710 1585 741 1647 in
758 1585 815 1646 bac
829 1587 966 1665 peregri·
1009 1602 1119 1650 omnes
1143 1593 1201 1650 bae
1224 1592 1303 1648 tanta
1324 1595 1355 1648 et
1376 1592 1436 1649 tam
1459 1585 1638 1649 incredibili
1661 1585 1796 1648 bonitate
1813 1585 1870 1649 Dei

99 1674 228 1734 natione
246 1674 461 1734 tribulationes
477 1680 622 1744 nostrae,
652 1669 698 1731 sie
724 1669 815 1730 etiam
831 1670 968 1732 abundat
1008 1669 1129 1732 invitari
1145 1716 1154 1745 ‚
1170 1676 1201 1733 ει
1216 1669 1300 1731 allici
1321 1671 1358 1732 ad
1382 1671 1643 1742 conversionem,
1666 1669 1693 1730 si
1709 1672 1793 1730 enim
1811 1676 1870 1732 tam

97 1773 159 1834 per
173 1755 417 1818 misericordiam
433 1754 498 1816 eius
514 1755 683 1817 consolatio
696 1757 811 1814 nostra.
825 1753 864 1814 lrr
879 1753 965 1815 coelo
1008 1755 1166 1832 benignus
1189 1760 1236 1816 est
1257 1753 1409 1816 Dominus
1436 1769 1506 1832 erga
1534 1760 1715 1834 peecatores
1742 1755 1869 1830 saepius

95 1841 331 1904 misericordie
343 1846 400 1900 tuo
411 1835 760 1916 Domime.iuqnitDavvd
773 1835 843 1912 onia
855 1835 896 1897 ibi
911 1837 965 1897 mi·
1009 1837 1209 1900 relabentes:
1234 1845 1347 1914 quanta
1369 1836 1429 1900 erit
1449 1837 1582 1899 dulcedo
1596 1835 1695 1898 Patris
1711 1849 1782 1915 erga
1800 1852 1866 1914 eos,

102 1923 276 1986 sericordia
294 1924 432 1984 eritsine
445 1921 581 1998 miseria,
596 1919 743 1998 quoniam
756 1919 967 1983 misericordie
1011 1923 1063 2000 qui
1082 1929 1150 1998 post
1165 1922 1263 1982 semel
1285 1927 1438 2001 gustatam
1461 1925 1587 1999 gratiam
1604 1919 1682 1996 Dei,
1701 1935 1869 1997 numquam

95 2023 226 2070 omnem
242 2005 368 2070 omnino
385 2006 472 2067 tollet
488 2005 655 2067 miseriam.
1011 2005 1144 2081 amplius
1160 2003 1271 2066 adduci
1289 2011 1433 2083 possunt,
1449 2011 1483 2067 ιιι
1498 2004 1536 2065 ab
1553 2020 1600 2081 ea,
1619 2003 1870 2081 quibuscumque

139 2092 203 2152 lam
219 2105 292 2152 vero
311 2089 477 2167 longitudo
502 2085 735 2150 misericordiae
757 2092 804 2148 est
825 2085 967 2166 longani·
1012 2087 1209 2166 pulsantibus
1225 2089 1456 2159 tentationibus,
1471 2094 1711 2166 separentur,ae
1724 2087 1871 2149 divellan-

94 2175 203 2246 mitas‚
220 2175 284 2238 sive
302 2171 465 2251 patientia,
481 2188 573 2250 quam
587 2169 744 2246 Scriptura
760 2187 830 2232 curn
848 2171 967 2232 miseri·
1012 2171 1077 2233 turl
1092 2171 1148 2236 sed
1164 2179 1211 2232 est
1225 2173 1316 2233 etiarn
1333 2172 1389 2233 alia
1402 2172 1618 2250 longanimitas
1632 2169 1684 2232 Dei
1698 2185 1792 2247 supra
1806 2186 1870 2234 mo·

98 2258 208 2321 cordia
225 2256 418 2332 coniungere
438 2256 519 2317 solet
534 2301 542 2329 ,
558 2261 590 2317 ιιι
606 2261 723 2333 partem
739 2300 747 2328 ,
765 2254 811 2315 vel
827 2254 967 2330 speeiem
1011 2254 1083 2316 dum
1101 2253 1262 2331 mirabilis,
1277 2262 1306 2316 et
1321 2255 1462 2316 amabilis
1476 2273 1485 2332 ;
1502 2271 1560 2332 qua
1577 2255 1671 2317 utitur
1686 2255 1717 2313 in
1735 2256 1867 2316 toteran·

98 2344 172 2404 eius
188 2341 233 2402 sic
250 2341 332 2402 enirn
349 2339 483 2418 loquitur
498 2339 591 2400 David
607 2356 614 2398 :
632 2337 812 2414 lliserntor,
830 2343 859 2400 et
874 2340 968 2399 mise·
1012 2338 1061 2400 dis
1077 2337 1302 2400 offensionibus
1324 2339 1496 2414 iustorum,
1519 2335 1593 2399 iecit
1610 2337 1693 2398 enirn
1710 2352 1767 2399 nus
1784 2337 1868 2402 Deus

96 2425 206 2488 ricors
223 2422 390 2492 Dominus.
412 2422 628 2500 longanimis,
646 2421 828 2483 almutium
843 2420 967 2483 miseri·
1012 2437 1068 2501 per
1082 2420 1231 2482 infinitam
1248 2420 1470 2502 benignitatem
1485 2436 1571 2482 suam
1587 2420 1704 2482 amicos
1717 2437 1754 2482 ειι
1765 2420 1868 2484 inimi-

97 2524 185 2581 eors,
199 2516 230 2570 et
241 2506 549 2580 rursuslttserotov,
563 2512 591 2566 et
603 2504 785 2568 misericors
798 2504 967 2579 Dominus,
1012 2505 1070 2574 cis,
1098 2502 1179 2567 iilius
1207 2519 1244 2567 er
1269 2505 1380 2582 servis,
1406 2504 1558 2567 haeredes
1580 2503 1668 2581 regni
1684 2503 1733 2564 soi
1751 2519 1788 2565 ειι
1803 2505 1866 2566 ιειε

98 2593 246 2674 potieris,
274 2598 303 2652 et
329 2592 470 2651 multum
495 2589 691 2652 misericors.
715 2587 915 2650 Admirabilis
936 2603 969 2651 o·
1014 2591 1119 2651 mortis
1145 2595 1310 2650 aeternae:
1335 2594 1365 2650 et
1388 2594 1489 2650 tamen
1514 2593 1594 2648 tanta
1618 2591 1666 2648 ost
1680 2585 1867 2664 ingratitudo

103 2676 215 2737 mnino
230 2680 278 2736 est
294 2673 524 2753 longanimitas,
550 2673 614 2734 sive
631 2672 776 2750 patientia
793 2671 967 2734 misericor·
1014 2679 1116 2734 nostra
1131 2717 1139 2747 ,
1157 2677 1191 2732 ut
1204 2671 1342 2748 nuntiate
1364 2670 1530 2734 reddamus
1545 2670 1572 2732 ei
1589 2669 1668 2732 anaia
1685 2685 1740 2746 pro
1764 2671 1868 2746 bunis,

100 2760 227 2821 dissimi
252 2757 347 2820 Patris
371 2757 466 2817 nostri
489 2754 545 2818 Dei
570 2771 643 2832 erga
666 2771 764 2833 genus
787 2754 967 2832 homanum,
1014 2773 1083 2818 narn
1100 2755 1126 2817 si
1141 2754 1308 2832 Apostolus
1322 2754 1452 2817 lacobus
1469 2753 1543 2816 dicit
1557 2771 1565 2814 :
1581 2752 1621 2816 1η
1643 2753 1755 2816 ιιιιιιιιε
1771 2753 1869 2835 offam·

99 2843 229 2920 qualem
252 2857 314 2902 non
332 2841 552 2906 inveniemus,
576 2853 680 2916 neque
700 2841 729 2898 ιιι
747 2837 881 2900 ιιειιιιιιιε
897 2853 970 2916 erga
1013 2840 1122 2902 dimus
1138 2853 1270 2916 omues,
1298 2837 1372 2917 quid
1389 2853 1446 2900 nos
1462 2837 1564 2900 dicere
1580 2843 1723 2916 oportet,
1741 2839 1794 2914 qui
1812 2846 1870 2901 tarn

99 2940 227 2996 servos,
252 2939 355 3001 neque
378 2922 408 2984 in
432 2920 614 3000 parentibus
631 2937 703 3000 erga
720 2919 812 2998 tilios,
830 2921 969 2999 quamvis
1014 2922 1105 3002 lungo
1121 2921 1282 2985 intervallo
1294 2923 1331 2984 ab
1343 2921 1561 2999 Apostolorum
1575 2919 1765 3001 portentione
1779 2921 1872 2986 dista·

100 3009 231 3082 utrique
247 3009 311 3070 sint
326 3005 481 3068 homines.
505 3007 547 3065 Ac
563 3005 694 3082 primum
713 3003 899 3084 longanimis
921 3009 970 3066 est
1014 3005 1100 3067 must
1114 3005 1195 3068 Eece
1211 3005 1368 3084 loquimur
1382 3003 1415 3066 iu
1431 3006 1570 3067 oratione
1586 3021 1656 3068 eum
1673 3003 1749 3078 Deo,
1767 3013 1798 3066 et
1810 3012 1869 3068 sta·

101 3092 192 3156 Deus
208 3107 281 3169 erga
299 3096 481 3169 peccatores
499 3137 507 3166 ‚
525 3095 692 3166 expectans
709 3087 779 3148 illos
793 3086 970 3149 incredibili
1015 3089 1069 3151 tim
1094 3088 1132 3150 ab
1158 3087 1379 3167 imaginatione
1404 3087 1443 3150 ad
1469 3088 1528 3150 alia
1554 3088 1717 3167 cogitanda
1735 3087 1868 3166 abrepti,

101 3175 280 3254 patientia,
299 3173 466 3249 aliquando
481 3173 520 3234 ob
537 3173 623 3232 initio
641 3171 793 3248 pueritiae
810 3185 910 3248 usque
932 3170 970 3233 ad
1015 3173 1102 3250 qnasi
1120 3179 1202 3250 terga
1219 3173 1365 3234 vertimus
1381 3171 1462 3248 Deo,
1480 3171 1549 3250 quis
1564 3172 1594 3232 in
1614 3171 1702 3234 terris
1718 3169 1868 3235 Dominus

102 3265 277 3322 extremam
294 3263 502 3330 senectutem,
521 3255 658 3316 tolerans
674 3253 872 3316 violationem
890 3254 969 3330 tegis
1015 3259 1169 3330 pateretur
1183 3269 1289 3317 servos
1301 3270 1375 3317 suos
1387 3269 1489 3317 eoram
1502 3271 1536 3316 se
1548 3254 1752 3324 adstantes‚et
1763 3271 1870 3318 secutn

99 3358 195 3414 suae,
213 3349 243 3401 et
260 3339 480 3402 lacerationem
498 3338 634 3399 nominis
650 3337 710 3410 sui,
725 3343 755 3400 et
771 3336 906 3412 interim,
921 3335 971 3398 be·
1015 3339 1191 3416 innuentes,
1208 3339 1354 3401 eontinuo
1370 3343 1513 3418 neglecto
1530 3338 1660 3400 Domino
1676 3341 1814 3401 converti
1833 3341 1869 3402 nd

98 3425 276 3504 ncluciems
291 3424 336 3485 eis
352 3424 392 3484 de
407 3424 505 3494 coelo,
522 3421 605 3482 does
623 3421 763 3497 pluuias.
781 3427 971 3498 attempero
1020 3420 1219 3482 tabutanuum
1246 3439 1315 3484 cum
1341 3421 1466 3483 servis?
1492 3421 1567 3498 quid
1588 3423 1688 3484 dicam
1715 3423 1754 3483 de
1771 3423 1873 3485 verbis

98 3507 427 3590 fructiferomeplcas
441 3506 509 3568 cibo
523 3511 551 3566 et
563 3505 689 3566 laetitio
701 3504 799 3566 eorde
811 3505 971 3582 ipsorum,
1021 3504 1162 3568 ociosis?
1177 3505 1215 3565 de
1229 3504 1467 3584 cogitationibus
1483 3505 1595 3567 vanis?
1610 3505 1649 3567 de
1664 3505 1813 3581 operibus
1827 3508 1874 3568 in·

103 3601 142 3655 ut
165 3593 302 3669 loquitur
318 3590 506 3667 Apostolus,
524 3596 553 3649 el
569 3588 638 3665 quis
660 3594 708 3649 est
730 3587 811 3649 inter
830 3589 973 3649 bomines
1019 3587 1214 3652 tructuusis‘l
1235 3589 1274 3650 de
1298 3589 1479 3650 excessibus
1502 3588 1532 3650 in
1556 3587 1626 3650 cibo
1641 3635 1650 3666 ,
1668 3593 1698 3650 ct
1720 3595 1817 3666 potu,
1842 3597 1872 3651 in

101 3675 267 3749 dominns,
291 3681 343 3736 aut
366 3679 475 3751 parens
498 3678 556 3733 tam
583 3671 674 3734 mitis.
700 3675 730 3732 ει
746 3670 859 3743 ιιειιιε,
878 3671 929 3748 qni
946 3671 972 3732 si
1019 3687 1140 3744 somno,
1158 3678 1188 3732 et
1204 3671 1312 3734 ludis?
1326 3672 1365 3734 de
1381 3672 1569 3751 negligentia
1591 3672 1622 3733 in
1639 3674 1732 3733 rebus
1748 3673 1875 3735 sacris?

100 3759 211 3822 videat
227 3775 261 3820 se
277 3758 446 3831 contemni,
465 3763 495 3816 et
511 3754 630 3816 iniuriis
646 3753 725 3816 alliot
743 3771 758 3813 a
776 3767 878 3829 servo,
893 3753 940 3816 vel
956 3770 972 3815 a
1020 3755 1058 3817 de
1075 3755 1242 3817 omissione
1267 3755 1419 3817 fraternae
1434 3755 1667 3834 correptionis?
1682 3757 1721 3818 de
1742 3755 1810 3817 aliis
1824 3756 1871 3818 in·

100 3843 186 3918 filio,
201 3849 232 3904 ει
245 3843 338 3919 longo
357 3847 494 3917 tempure
507 3839 538 3899 ιιι
552 3840 607 3900 bae
622 3837 822 3914 perversitate
836 3852 891 3899 eos
903 3851 974 3914 per·
1020 3837 1266 3901 numerabilibus
1288 3825 1514 3900 offensionibus
1529 3883 1537 3913 ,
1561 3839 1592 3899 in
1615 3838 1730 3915 quibus
1745 3840 1871 3902 assidue

104 3942 268 4001 severare,
286 3923 339 4002 qui
359 3926 480 3985 tandem
504 3937 565 3983 non
589 3937 643 3982 eos
666 3920 800 3997 expellet
823 3936 861 3984 ex
882 3921 973 3982 domo
1020 3920 1204 3984 utiendimns
1221 3921 1347 3984 omnes?
1363 3921 1399 3984 Et
1413 3932 1515 3983 tamen
1529 3922 1611 3984 Deus
1628 3930 1732 3984 noster
1745 3925 1869 4000 sonnis,

103 4010 192 4074 sna‘l
221 4013 254 4070 At
276 4007 486 4068 misericordia
507 4006 559 4066 liei
584 4020 644 4066 non
667 4005 799 4065 vincitur
820 4019 836 4064 a
860 4003 974 4065 malitia
1020 4011 1050 4066 et
1064 4006 1162 4076 mitis,
1176 4005 1338 4068 etmolloe
1352 4007 1608 4077 misericordiae,
1622 4005 1771 4069 omnibus
1786 4009 1876 4070 incon-

104 4093 272 4156 bominum
286 4109 294 4150 ι
311 4091 368 4152 seat
382 4092 542 4168 patienter
557 4089 635 4166 opit.
648 4087 904 4165 molensoliqrrns
921 4103 975 4164 pe·
1020 4088 1168 4152 coetibus
1184 4104 1270 4164 eum,
1294 4089 1402 4151 tolerat
1417 4090 1496 4152 bane
1511 4089 1710 4152 rusticitatem
1726 4135 1734 4163 ,
1753 4098 1783 4150 et
1798 4091 1871 4152 inci·

103 4179 189 4248 rire,
205 4177 262 4239 sac
277 4189 387 4236 ommes
403 4172 691 4252 oripoeoiteotiom
706 4173 832 4247 reuerti,
846 4171 975 4234 ntsl’e·
1021 4171 1165 4234 vilitatem
1182 4171 1240 4253 (ut
1255 4171 1300 4234 sie
1316 4167 1447 4254 loquar)
1461 4179 1491 4235 ει
1504 4173 1637 4252 ιιιεριιεε
1653 4171 1784 4235 liliorum
1802 4190 1873 4236 sno-

107 4269 179 4322 trus
201 4258 329 4320 affirmat
352 4257 381 4317 in
405 4259 537 4334 epistula
559 4273 626 4331 sua,
651 4262 680 4316 et
696 4253 828 4332 Sapiens
849 4253 972 4333 inquit:
1021 4271 1101 4334 rum3
1118 4271 1195 4330 quas
1211 4261 1294 4318 certe
1310 4255 1455 4318 homines
1470 4256 1508 4318 ab
1525 4255 1704 4318 bominibus
1720 4271 1781 4318 non
1800 4256 1875 4318 tole-

106 4343 273 4407 misereris
290 4341 437 4402 omnium
453 4339 599 4411 Dauniae,
617 4338 828 4401 etesiavroloos
842 4347 976 4415 peccato
1021 4345 1136 4402 rarent.
1152 4339 1186 4400 Id
1202 4355 1229 4401 s.
1246 4338 1434 4418 Augustinus
1457 4345 1540 4401 notat
1565 4338 1597 4406 in
1625 4345 1750 4400 tractatu
1778 4355 1873 4418 super·

105 4433 243 4508 propter
264 4425 511 4503 poeniteutiam.
535 4422 655 4484 Deinde
673 4420 816 4497 patientia
834 4423 930 4483 maior
945 4438 976 4481 a·
1023 4421 1173 4484 Psalmum
1190 4421 1241 4489 85.
1258 4423 1294 4484 ad
1311 4423 1361 4483 illa
1377 4423 1469 4485 verbe
1486 4441 1495 4484 ι
1514 4423 1559 4484 ιιι
1573 4422 1708 4485 Domine
1723 4425 1833 4486 suauis
1848 4431 1877 4485 et

109 4509 361 4576 dedecoratam,
379 4509 409 4567 in
428 4523 477 4580 eo,
503 4509 583 4582 quud
608 4513 787 4586 peccatores
810 4504 897 4565 multi
921 4519 977 4581 per
1021 4507 1109 4568 mitis
1125 4521 1168 4568 es.
1186 4505 1241 4566 Ubi
1257 4504 1397 4583 deplorat
1418 4504 1626 4570 infirmitatem
1654 4507 1822 4568 bumanam
1846 4509 1875 4568 in

109 4595 243 4674 gratiam
262 4591 316 4652 Dei
340 4593 377 4653 de
393 4590 462 4652 lacu
480 4589 647 4664 miseriae,
665 4596 693 4650 et
710 4589 771 4650 tutu
790 4589 884 4649 taeeis
900 4588 973 4650 edu·
1022 4587 1154 4650 vitandis
1170 4588 1402 4668 evagationibus
1424 4592 1536 4650 mentis
1552 4589 1583 4650 in
1601 4589 1750 4666 oratione,
1768 4598 1798 4653 et
1813 4607 1876 4652 rna·

110 4677 168 4748 oti,
187 4684 218 4739 et
234 4692 268 4737 ειι
285 4674 358 4736 illlis
379 4674 574 4736 tenebrarum
596 4670 651 4732 litii
667 4672 747 4734 lucis
763 4669 876 4742 ettecri,
894 4676 924 4732 et
939 4687 976 4732 err
1022 4670 1146 4752 guilieat
1162 4673 1429 4735 mansuetudinem
1442 4673 1493 4736 Dei
1507 4674 1538 4734 in
1553 4673 1721 4735 tolerandis
1739 4681 1780 4735 tot
1797 4674 1876 4736 iniu-

110 4770 202 4823 reatu
221 4757 327 4820 mortis
343 4765 485 4820 aeternae
498 4757 536 4817 ad
549 4756 745 4832 adoptionem
761 4752 892 4816 fitiorum
905 4754 976 4830 Dei,
1022 4755 1077 4817 riis
1091 4771 1249 4818 servornm
1265 4771 1405 4818 suorum.
1421 4755 1493 4818 llam
1510 4759 1578 4835 ipse
1598 4757 1681 4818 nuvit
1695 4755 1876 4834 figmentum

112 4850 148 4906 et
164 4859 256 4924 spem
275 4845 363 4921 regni
387 4841 534 4902 eoelestis
555 4837 665 4905 vocati.
683 4838 794 4899 iterum
817 4845 907 4916 atque
923 4839 977 4900 ite·
1025 4845 1176 4916 nostrum,
1194 4845 1224 4903 et
1239 4839 1285 4912 sic
1299 4839 1463 4902 nobiseum
1485 4841 1568 4918 agit,
1586 4846 1619 4901 ιιι
1634 4847 1731 4904 mater
1746 4858 1816 4902 eum
1832 4843 1877 4904 iu·

113 4945 200 4999 rum,
220 4932 251 4989 ει
266 4942 362 5003 ειερε
378 4941 414 4987 ac
430 4925 555 5002 saepius
571 4922 748 4984 relabentes
764 4920 800 4983 ad
817 4921 977 5000 pristinam
1023 4921 1139 4986 tantulo
1154 4939 1222 5000 suo,
1240 4937 1332 4999 onem
1349 4923 1441 5001 luvet,
1458 4931 1488 4984 et
1503 4922 1616 4999 nutrit,
1633 4925 1754 4986 etiamsi
1770 4923 1877 4987 abillo

111 5011 352 5088 turpitudinem,
371 5007 676 5086 etiogratitudinem,
693 5013 822 5068 tamena
840 5003 978 5084 longani·
1027 5008 1103 5070 torte
1130 5005 1331 5085 percutiatur.
1358 5006 1419 5070 Sed
1446 5022 1630 5085 quemquem
1655 5006 1738 5070 Deus
1768 5010 1880 5072 toleret

113 5096 224 5158 mitato
241 5092 295 5155 Dei
319 5109 382 5153 non
408 5091 604 5162 deseruntur,
622 5088 677 5151 sed
692 5088 917 5168 benignissimo
939 5087 978 5149 ad
1026 5096 1085 5152 tam
1110 5090 1221 5154 multas
1246 5087 1434 5153 oliensiones
1459 5097 1602 5167 nostras,
1629 5091 1700 5167 onia
1722 5107 1784 5154 non
1799 5092 1871 5156 ideo

114 5179 356 5241 conversionem
380 5181 591 5253 expectantur,
609 5179 638 5235 et
660 5172 836 5248 invitantur;
853 5179 884 5234 et
899 5171 926 5233 si
941 5188 978 5237 ex
1026 5171 1186 5251 disrumpit
1199 5174 1377 5251 amiciu'am
1394 5188 1451 5238 nec
1469 5173 1565 5251 privat
1580 5175 1646 5237 iure
1661 5175 1873 5240 baereditatis:

114 5262 214 5324 eorde
230 5261 452 5340 poenitentiam
468 5264 570 5336 agant.
590 5265 742 5334 tamqnam
759 5255 812 5318 tilii
828 5255 978 5335 prodigia
1024 5261 1126 5318 lumen
1153 5275 1214 5320 non
1230 5258 1343 5321 inultas
1359 5257 1489 5320 dimittet
1512 5259 1542 5319 in
1557 5256 1688 5336 ludieio,
1707 5260 1737 5320 in
1755 5274 1815 5336 quo
1837 5257 1877 5320 dc

115 5345 416 5407 misericordissimo
441 5341 527 5403 Patre
555 5341 746 5420 recipiuntur
771 5340 808 5401 ad
836 5340 979 5401 osculum
1023 5338 1127 5404 verbis
1143 5341 1256 5404 ociosis
1273 5341 1421 5404 rationem
1434 5342 1681 5413 reddemus,nisi
1696 5349 1766 5404 ante
1782 5346 1878 5422 tacry-

118 5429 221 5508 paeis,
239 5435 270 5490 et
285 5427 321 5488 ad
339 5427 486 5506 pristinos
502 5426 636 5487 bonores
651 5471 657 5496 ,
675 5431 705 5484 et
720 5423 897 5502 dignitates.
915 5423 979 5485 lion
1026 5423 1085 5485 mis
1099 5470 1106 5493 .
1134 5425 1180 5487 vel
1204 5424 1342 5487 oratione
1357 5472 1365 5504 ‚
1381 5425 1430 5488 vel
1452 5427 1513 5488 aliu
1528 5441 1645 5506 gernere
1661 5423 1878 5488 satisfactionis

117 5512 191 5575 sine
205 5527 296 5575 nausa
306 5510 455 5572 Dominus
468 5508 763 5586 quaerentisl’etro,
774 5508 895 5584 quoties
908 5523 979 5585 pec·
1025 5511 1151 5586 purgata
1168 5508 1292 5586 reperit.
1308 5509 1351 5572 Ao
1366 5526 1405 5573 ne
1422 5509 1499 5575 torte
1515 5516 1558 5588 to,
1575 5509 1676 5573 anima
1692 5525 1772 5585 mea,
1790 5510 1876 5572 leves

120 5597 206 5658 canti
228 5597 260 5658 in
283 5611 318 5656 se
340 5593 424 5657 tratri
447 5593 603 5656 remittere
626 5591 766 5654 iniuriam
783 5590 924 5668 deberet,
940 5608 979 5654 an
1024 5591 1101 5654 istas
1117 5589 1305 5658 cilensiunes
1327 5594 1507 5674 existimes,
1524 5599 1555 5656 et
1569 5593 1639 5656 ideo
1656 5593 1766 5673 teipsa
1783 5593 1875 5657 sedu-

120 5696 223 5758 usqne
249 5679 393 5758 septies?
417 5677 598 5758 respondit:
621 5675 689 5739 dou
710 5677 783 5740 alico
806 5675 981 5756 tibiasque
1027 5691 1119 5752 cens,
1144 5677 1304 5758 negligas,
1327 5679 1398 5742 audi
1414 5693 1441 5744 s.
1458 5677 1722 5754 Beneventurnnn,
1742 5679 1817 5759 quid
1839 5677 1877 5740 do

120 5765 250 5846 septica,
273 5765 331 5828 aed
352 5777 467 5844 usgue,
483 5761 665 5843 septuagies
679 5761 806 5842 septies,
823 5759 980 5839 nimirum,
1028 5758 1061 5826 b.
1077 5757 1243 5828 Franciseo
1257 5761 1322 5828 viro
1336 5761 1443 5846 utique
1458 5761 1562 5828 divino
1577 5761 1875 5838 lumineillostrato,
1900 5767 1903 5778 '
