4056 6260
258 199 313 266 εει,
812 195 860 252 oa
880 195 1057 254 auream
1076 195 1295 256 restaurare

188 339 236 400 est
250 336 281 396 ει
295 327 462 402 home,sed
477 324 610 406 quilibet
623 324 781 387 Praelalas
794 321 826 382 iu
843 320 981 382 Ecclesia
995 338 1050 382 sua
1096 325 1143 386 ies
1165 321 1232 384 iiiii.
1248 321 1322 384 iiam
1338 367 1346 396 ,
1374 325 1406 383 ει
1422 325 1548 386 εεεειεε
1562 319 1676 384 Ρεειεε
1691 327 1795 398 aperte
1810 321 1904 384 docet
1932 320 1981 379 in

187 429 234 482 est
248 415 479 478 tundamentum
496 418 527 474 et
542 410 708 489 lastigium,
725 407 795 482 ouia
812 405 905 467 debet
931 411 963 464 ut
984 401 1052 467 iun·
1096 407 1232 483 Epistola
1248 407 1286 469 ad
1302 408 1464 482 Romanos
1482 405 1766 485 heremumque·
1789 421 1832 467 ecc
1854 399 1984 467 Isi-aei

188 505 367 565 dementum
383 497 537 560 sustinere
553 493 676 572 pondos
692 489 837 563 aedilicii,
856 489 985 548 tolerare
1006 487 1052 550 in·
1096 497 1183 566 suut,
1200 491 1228 552 ii
1241 495 1318 552 suut
1332 490 1524 566 Israelitee3
1549 505 1656 568 raeque
1678 493 1737 569 qui
1757 505 1868 550 semea
1882 491 1984 550 sunt

187 585 347 648 firmitates
363 585 513 648 amnium,
530 595 565 640 aa
590 593 644 652 per
660 576 719 636 boc
735 574 866 635 subesse
881 571 1050 633 omnibus:
1097 573 1258 649 Abrahae,
1275 590 1384 636 ommes
1398 574 1475 652 iulii.
1492 570 1608 654 (Rom.
1621 571 1677 652 a.)
1693 576 1744 650 qui
1761 575 1850 634 etiam
1868 571 1984 650 paulo

192 677 223 736 et
241 675 343 730 ιεειεε
358 666 427 742 ipse
444 664 525 724 idem
549 661 641 722 debet
668 667 700 720 ui
724 659 879 735 fastigium
906 671 1052 730 praeesse
1099 657 1173 718 inira
1192 663 1348 735 comparat
1363 658 1507 718 israelem
1524 659 1647 720 arbori.
1676 659 1765 718 cuius
1781 655 1868 718 multi
1886 654 1984 716 rami

188 751 347 824 omnibus,
364 747 511 812 omnibus
527 747 704 820 imbesill-
727 747 757 802 0¹
779 741 817 800 ³¹)
833 737 979 798 omnihus
1002 757 1054 801 Sil·
1098 740 1183 814 isacii
1199 750 1272 802 sunt
1288 749 1412 818 propter
1428 741 1673 802 incredulitatem
1690 788 1698 810 ,
1727 748 1758 800 et
1784 741 1835 800 aiii
1852 735 1982 800 inserti

188 835 312 900 stineri.
335 833 428 894 liutto
454 829 547 907 igitur
563 828 661 902 magis
678 823 818 886 Christus
833 821 984 884 Dominus
1001 839 1054 898 pe·
1099 833 1170 886 sunt
1187 831 1312 902 propter
1327 825 1432 886 iidem.
1448 826 1498 884 Sic
1514 823 1596 886 enim
1613 823 1750 886 Gentiles
1765 823 1909 885 conrersi
1927 821 1984 883 ad

188 925 259 982 terit
273 925 305 978 ut
319 915 553 977 laudamentum
570 909 729 970 Ecclesiae
745 954 753 980 ,
781 921 890 966 omnies
908 912 1051 984 portare,
1100 908 1191 974 iidem
1206 915 1462 986 coeperuntesse
1477 905 1531 968 filii
1547 907 1657 978 isreel,
1671 913 1701 969 et
1713 908 1835 985 plurimi
1852 902 1985 968 ludaei

187 1015 360 1078 omnesque
376 997 556 1058 auctoritaie
573 1001 604 1052 et
621 994 730 1054 virtute
746 1007 801 1052 sua
818 990 995 1050 sustinere:
1024 999 1054 1052 et
1099 989 1259 1056 desierunt
1274 1007 1345 1054 asse
1360 995 1422 1053 reri
1440 992 1611 1053 israelitae.
1634 992 1829 1052 Demonstrat
1855 999 1886 1053 et
1915 1007 1983 1052 ex·

183 1067 280 1152 ‘simui
297 1092 329 1145 ut
345 1083 466 1158 positus
481 1079 512 1138 in
529 1081 622 1152 caput
637 1073 754 1152 anguli,
772 1079 958 1134 connectere
975 1076 1054 1136 duos
1101 1079 1192 1152 plicat
1218 1077 1295 1138 lraee
1320 1091 1422 1136 omnia
1450 1076 1620 1151 copiosos.
1638 1076 1827 1153 Augustinus
1844 1076 1873 1135 in
1892 1073 1984 1153 Epi-

190 1170 347 1249 lliilelisi
374 1169 405 1224 ⁰¹
427 1178 466 1222 0¹
488 1161 636 1223 Gillllbils
666 1163 696 1219 ei
721 1157 849 1218 ludiels
877 1172 971 1216 unuin
1001 1174 1053 1233 ilo·
1100 1161 1176 1221 stola
1203 1159 1240 1221 ad
1256 1159 1446 1230 Asellicum‚
1476 1161 1645 1232 monasio
1669 1159 1826 1236 loquitur:
1849 1159 1985 1220 Notene

192 1253 297 1330 poium
314 1248 515 1318 constituere,
532 1243 679 1304 omuibus
702 1241 893 1320 praesidere,
910 1240 1055 1304 omnibus

191 1349 356 1408 imperare.

552 1490 634 1554 cie.
649 1489 687 1554 x.

346 1662 391 1726 De
404 1667 501 1742 porta
514 1661 654 1740 mystica
670 1655 814 1722 Ciuitatis
828 1657 898 1719 Dei.

232 1830 379 1911 Sequitur
395 1834 428 1892 ει
444 1831 549 1905 portas
564 1825 709 1891 caelestis
724 1825 897 1888 Jerusalem
912 1821 1056 1885 couside-

191 1933 307 1978 ramus.
322 1914 361 1976 El
376 1913 502 1990 quidem
519 1913 694 1973 communis
716 1917 764 1971 est
786 1910 989 1984 interpretum
1005 1925 1057 1968 ex·

193 2000 317 2078 positio,
334 2013 389 2076 per
405 2001 508 2074 portas
524 1993 653 2071 intelligi
671 1992 798 2054 eosdem
814 1991 978 2071 Apostolos
992 2009 1001 2068 3
1014 1992 1055 2070 in

190 2099 250 2162 qua
267 2080 461 2157 expositione
478 2077 574 2138 secuti
599 2081 673 2136 sunt
693 2084 834 2138 saucium
851 2074 1053 2153 Augustinum

189 2168 222 2228 iu
241 2163 435 2244 expositione
446 2161 558 2224 Psalmi
572 2161 753 2237 octogesimi
771 2159 860 2222 sexti.
874 2158 932 2220 Sed
949 2162 1057 2220 beatus

192 2248 328 2313 Joaoues
344 2249 375 2308 in
390 2245 590 2322 Apocalypsi,
603 2259 673 2302 cum
691 2245 730 2304 de
746 2243 841 2319 portis
857 2243 978 2304 locutus
994 2249 1051 2316 est,

192 2334 382 2394 mentionem
399 2329 470 2390 lecit
485 2325 648 2388 duodecim
664 2327 872 2402 Angelorum,
897 2333 927 2386 ei
939 2326 1055 2385 duode-

191 2416 252 2478 cim
266 2414 404 2478 tribuum
420 2411 553 2472 illiorum
570 2409 679 2483 lsrael,
697 2425 826 2486 quorum
843 2408 968 2470 nomina
983 2407 1059 2468 scri·

190 2503 242 2578 pla
269 2512 340 2559 esse
366 2496 442 2557 dixit
467 2499 497 2554 in
524 2493 689 2576 duodecim
714 2493 810 2570 portis
833 2492 967 2555 Civitatis
991 2491 1056 2552 liei.

191 2579 314 2663 (apoc.
331 2580 410 2657 at.)
431 2577 596 2652 Apostolus
611 2592 648 2638 eo
663 2577 732 2639 ioco
749 2593 788 2637 ne
811 2579 978 2637 nominarit
992 2579 1059 2650 qui-

191 2666 276 2728 dem.
290 2663 351 2725 ilec
367 2669 468 2722 lamen
491 2659 564 2720 laisa
589 2671 636 2720 est
651 2662 804 2722 sententie
821 2660 902 2720 beati
917 2659 1060 2735 Augusti-

192 2749 237 2822 ni,
255 2752 285 2808 et
301 2761 421 2817 eorem,
439 2745 489 2820 oui
506 2760 576 2804 euin
593 2745 691 2805 secuti
709 2751 802 2804 sunt:
826 2743 961 2820 ioooiiur
976 2747 1057 2804 enim

191 2849 220 2894 s.
238 2828 374 2894 loannes
388 2831 530 2906 mystice,
549 2842 612 2886 nou
628 2833 660 2887 ut
677 2826 777 2888 littere
799 2833 910 2901 sonat;
934 2830 968 2886 ut
988 2824 1067 2896 Pro<

192 2916 297 2994 pheta,
315 2927 377 2972 nen
396 2919 427 2974 ut
444 2909 633 2971 historicus:
658 2918 688 2968 ει
703 2915 763 2970 tola
781 2911 830 2969 illa
847 2911 915 2970 eius
941 2909 1059 2968 descri-

1099 1243 1268 1306 mirobilie
1283 1259 1406 1322 mayoc
1421 1250 1498 1303 sumt
1512 1243 1586 1317 ιἐιε,
1603 1241 1870 1322 profundumque
1895 1259 1983 1321 my·

1099 1329 1247 1400 sterium,
1262 1333 1298 1388 ut
1312 1327 1407 1388 arulti
1420 1343 1466 1388 eac
1477 1325 1579 1388 Israel
1589 1341 1658 1387 mou
1672 1327 1754 1397 aad,
1771 1324 1985 1400 siutisrae15

1101 1413 1240 1472 etmulti
1254 1425 1322 1471 acu
1336 1411 1401 1472 siai
1414 1410 1492 1485 iiiii,
1509 1426 1585 1470 cum
1599 1413 1665 1470 sini
1675 1423 1785 1471 semen
1798 1409 1985 1472 Abrahae?

1102 1494 1266 1572 Quomodo
1283 1493 1370 1555 enim
1386 1508 1456 1554 aaa
1470 1493 1573 1554 suat?
1595 1494 1758 1573 quomodo
1773 1493 1877 1554 suut?
1900 1491 1986 1554 ruisi

1099 1594 1169 1640 moa
1183 1581 1260 1640 saul
1274 1577 1340 1654 iilic·
1363 1577 1591 1655 promissionis
1607 1577 1652 1638 od
1679 1575 1797 1638 Christi
1821 1578 1984 1653 peritiam

1100 1663 1321 1738 pertinentes,
1348 1662 1405 1721 sed
1419 1660 1484 1735 iilic·
1499 1661 1633 1730 corais,
1657 1674 1778 1722 uomere
1799 1662 1904 1722 irene
1921 1676 1987 1739 ye-

1101 1752 1244 1813 steates:
1272 1761 1311 1805 ac
1334 1760 1393 1820 per
1420 1744 1479 1804 hee
1495 1760 1554 1804 uec
1568 1744 1621 1804 ilii
1634 1751 1711 1804 suut
1725 1742 1853 1819 israel,
1880 1745 1982 1805 siaul

1100 1843 1213 1890 sumus
1227 1844 1286 1891 uos
1298 1847 1310 1902 ,·
1331 1843 1391 1889 aee
1405 1842 1465 1888 uos
1490 1843 1604 1888 sumus
1630 1827 1753 1898 israel,
1782 1828 1865 1888 sicut
1889 1833 1986 1889 sumt

1101 1913 1169 1974 tili:
1191 1928 1252 1974 rios
1268 1913 1357 1974 euim
1369 1926 1482 1972 sumus
1497 1911 1680 1972 secuudum
1694 1911 1905 1987 spirituatem
1921 1927 1983 1972 re·

1101 1997 1357 2072 yeaerotioeem,
1380 1993 1431 2056 ilia·
1444 1994 1625 2056 secuudum
1640 1994 1809 2056 carnalem
1829 2010 1981 2073 ytaera·

1103 2081 1246 2140 tionem:
1277 2076 1393 2160 (Rom.
1412 2073 1487 2158 ii.)
1513 2085 1543 2136 et
1561 2078 1653 2154 paulo
1679 2077 1778 2138 intra:
1805 2077 1844 2140 ia
1870 2093 1983 2156 aepo-

1103 2161 1186 2224 libus
1201 2166 1299 2224 eliam
1313 2160 1474 2234 Abrahae,
1498 2159 1578 2237 filiis
1593 2161 1698 2236 Isaac,
1721 2161 1789 2222 illis
1804 2164 1954 2240 yeminis
1971 2209 1981 2236 ,

1103 2245 1194 2310 Esou
1208 2251 1237 2307 el
1251 2244 1361 2320 Jacob,
1378 2245 1435 2322 oui
1447 2251 1559 2322 postea
1574 2251 1705 2306 uocetur
1722 2251 1766 2306 est
1781 2243 1894 2318 Israel,
1914 2247 1984 2308 isac

1104 2331 1213 2407 ipsum
1226 2345 1384 2408 meyaum
1399 2335 1428 2388 et
1442 2327 1645 2404 profundum
1660 2330 1850 2408 mysterium
1877 2346 1983 2408 repe·

1102 2417 1199 2486 riter,
1215 2415 1256 2474 de
1271 2427 1335 2492 quo
1351 2412 1437 2474 idem
1451 2409 1622 2488 Apostolus
1638 2413 1793 2489 loquitar,
1812 2429 1888 2474 cum
1915 2431 1986 2492 per

1103 2496 1198 2558 isaac
1208 2495 1527 2574 proscissionisiilios
1536 2501 1816 2558 commemorasset
1830 2496 1875 2556 ed
1885 2496 1984 2558 Chri·

1103 2585 1143 2640 sti
1153 2582 1296 2656 prolium
1307 2580 1518 2657 perlieeuies.
1532 2579 1618 2641 liceo
1630 2587 1712 2640 certe
1725 2580 1878 2640 doctriua
1889 2581 1983 2658 Apo·

1101 2667 1217 2724 steliea
1242 2673 1341 2742 eique
1369 2661 1534 2724 Catholice
1554 2665 1633 2722 sotis
1656 2663 1821 2724 euidertler
1843 2664 1984 2726 iudicet

1103 2747 1218 2823 aubis,
1245 2747 1425 2808 secuudum
1451 2747 1612 2822 oriyiuem
1638 2750 1749 2810 caruis
1776 2747 1821 2808 ad
1849 2745 1979 2810 Soram

1103 2831 1258 2906 iudaeae,
1276 2830 1321 2890 ad
1335 2827 1507 2907 Ayareero
1523 2827 1704 2890 ismaelitas
1719 2831 1902 2906 periinere:
1928 2849 1981 2892 se-

1104 2915 1249 2976 cuudum
1266 2917 1374 2974 aulem
1389 2913 1580 2991 mysterium
1595 2915 1729 2988 spiritus
1745 2958 1752 2983 ,
1780 2913 1826 2974 ed
1854 2913 1984 2978 Sarum

192 3000 256 3076 pito
273 2991 1060 3074 iliyslieisslgnilicalionibusplenissimaeslius·
1107 2998 1328 3068 Chli'illt'tiilos,
1356 2997 1400 3058 ad
1421 2995 1677 3070 AanJudaeos,
1694 2996 1983 3060 Ilemsecmndyym,

190 3098 223 3142 ra
239 3077 458 3157 promissionis
472 3075 568 3154 figura
586 3077 652 3147 tuit,
667 3076 803 3137 omnium
818 3091 1059 3140 consensuaae·
1105 3082 1266 3160 perparuam
1291 3081 1401 3142 earnis
1424 3080 1468 3140 nri
1483 3079 1594 3154 Esau,
1623 3081 1681 3158 poi
1695 3081 1800 3141 dietus
1817 3091 1863 3142 esu
1878 3085 1985 3144 etium

189 3165 278 3226 lestis
301 3161 448 3224 Ciuitatis.
474 3158 527 3220 Cui
555 3159 687 3237 primum
714 3159 793 3220 lacta
819 3167 867 3220 est
894 3161 1059 3235 promissio
1105 3167 1230 3230 Edam.
1257 3161 1649 3242 yeutemidumoeorum,·
1666 3163 1823 3226 odJeeab
1841 3174 1981 3232 aretem.

189 3253 290 3308 terrae
304 3247 398 3320 iiiios,
414 3243 566 3304 Abraham
582 3239 651 3318 itii13
665 3241 710 3303 sic
727 3241 809 3302 enlm
827 3243 961 3318 iodu'tltii
976 3242 1060 3304 Deus
1106 3249 1166 3327 qui
1180 3248 1285 3309 dietus
1302 3254 1344 3307 esi
1360 3249 1458 3306 eiiam
1473 3246 1588 3318 Israel,
1605 3255 1733 3323 ysilium
1748 3247 1983 3310 Iudaeorum:

191 3329 230 3392 ad
245 3329 396 3390 Abraham
422 3327 453 3386 in
476 3325 533 3388 lib.
550 3323 734 3402 Geneseos3
761 3323 894 3388 Omaem
916 3333 1058 3396 terram,
1103 3347 1201 3409 porro
1216 3332 1398 3394 secuudum
1424 3333 1612 3408 mysterium
1627 3333 1785 3407 spiritus,
1815 3333 1860 3392 ed
1890 3333 1985 3394 Esau

192 3428 296 3494 quam
308 3411 481 3487 conspicis.
494 3409 553 3469 tibi
564 3409 648 3469 dabo
665 3415 694 3468 ei
707 3410 826 3470 semiui
841 3416 894 3470 tuo
910 3425 1011 3487 usque
1022 3409 1060 3470 in
1104 3415 1269 3489 ludaeos,
1297 3417 1342 3474 od
1357 3412 1458 3473 israel
1472 3414 1636 3489 pertinere
1653 3413 1863 3476 Christianos.
1897 3415 1984 3478 liaeo

189 3495 440 3572 seaipiilermum.¹
463 3489 568 3572 (deu.
588 3490 638 3551 ta.
655 3481 668 3566 )
692 3499 722 3551 et
737 3493 904 3567 Apostolus
920 3492 958 3553 ad
974 3491 1059 3552 Gaia·
1105 3499 1180 3558 ilie:
1204 3498 1256 3574 oui
1272 3497 1346 3558 satis
1362 3504 1468 3572 aperte
1485 3497 1677 3559 deuieostrat
1693 3497 1887 3560 Christianos
1907 3515 1981 3562 esse

192 3590 249 3652 ιεε,
266 3576 428 3642 Abrahae.
447 3575 559 3650 inquil,
577 3576 683 3634 (liciae
703 3584 781 3634 iiiiii
804 3576 1058 3650 promissiones,
1106 3597 1193 3643 ueros
1209 3581 1364 3644 israelitas
1381 3595 1440 3640 non
1458 3583 1631 3642 secundum
1650 3582 1847 3652 carnem,sed
1862 3598 1982 3644 seeun-

191 3669 221 3725 el
234 3662 354 3724 semlai
369 3663 461 3730 eius,
486 3666 516 3718 et
532 3659 623 3733 paulo
640 3665 708 3730 post
724 3675 732 3733 3
759 3655 908 3720 Abrahae
929 3675 988 3736 pet·
1009 3675 1056 3720 re·
1106 3665 1181 3724 dnm
1197 3665 1349 3741 spiritum,
1367 3680 1401 3723 ac
1419 3679 1474 3739 per
1498 3664 1556 3725 hec
1572 3682 1644 3726 esse
1662 3681 1752 3728 veros
1767 3666 1906 3727 heredes
1923 3677 1984 3728 ter·

191 3745 442 3824 promissionem
457 3740 592 3802 doueuii
607 3740 703 3802 Deus.
727 3736 814 3821 (Gai.
832 3739 878 3822 3.)
892 3741 1056 3803 Abrahami
1101 3763 1153 3808 ree
1170 3747 1410 3822 promissionis,
1436 3763 1514 3822 oriae
1539 3747 1568 3808 iu
1586 3749 1680 3810 caelis
1697 3756 1757 3810 est.
1774 3749 1853 3824 Ergo
1870 3757 1983 3828 portae

191 3830 305 3892 haeres
320 3825 378 3904 iuli
390 3824 476 3886 Isaac
493 3827 591 3896 solos,
605 3821 737 3884 ismaele
753 3826 891 3894 excluso,
907 3824 959 3903 qui
975 3825 1055 3886 iilius
1103 3833 1247 3891 caelestis
1266 3829 1438 3891 Jerusalem
1464 3830 1578 3891 liabent
1597 3831 1741 3909 inscripta
1760 3833 1886 3893 uomina
1903 3835 1983 3895 duo-

193 3915 259 3975 erel
272 3907 426 3981 anciliae,
455 3907 578 3968 dicente
595 3906 761 3980 Scriptura.
776 3907 848 3968 Nou
864 3909 976 3970 imeres
999 3912 1060 3970 crit
1104 3915 1204 3975 decim
1224 3915 1355 3976 tribuum
1374 3913 1481 3985 isreel,
1500 3915 1568 3992 quia
1587 3922 1685 3991 peria,
1704 3932 1758 3994 per
1775 3932 1866 3992 quarm
1886 3917 1982 3978 intra-

193 3995 284 4071 ll'iius
301 3991 444 4054 cucillae
460 4006 534 4051 cane
548 3990 618 4065 [itio
635 3989 764 4051 liberae.
781 3989 1056 4072 (Gea.2l.)1saaci
1105 4004 1152 4058 tur
1168 3999 1197 4057 in
1215 3999 1297 4058 iilam
1314 3997 1483 4058 caelestem
1500 4000 1718 4073 promissionis
1734 4006 1913 4074 terram,est
1930 4004 1981 4062 ius

196 4079 306 4141 haeres
324 4073 488 4136 luitJaeob
504 4074 603 4138 soles,
621 4073 747 4134 excluso
761 4071 841 4134 Esou
860 4077 950 4136 iraire
966 4078 1056 4158 eius,
1103 4081 1302 4141 haereditatis
1325 4078 1458 4140 liliorum
1478 4083 1541 4152 tici,
1562 4085 1612 4160 qui
1631 4082 1689 4142 soli
1707 4089 1780 4144 suot
1795 4084 1857 4145 aeri
1876 4087 1982 4147 since-

196 4167 249 4238 εει
263 4158 402 4222 uendidit
420 4157 622 4233 primogenite
635 4155 720 4226 (Gal.
735 4155 781 4236 b.)
798 4159 879 4218 uude
895 4158 1058 4223 Melanidas
1103 4164 1191 4238 rioue
1207 4163 1384 4234 Christiani,
1402 4164 1617 4241 Apostolorum
1634 4175 1811 4227 sanctorum
1829 4167 1898 4240 tilii,
1925 4171 1982 4244 qui

196 4244 292 4305 dicit:
315 4241 425 4304 Diiemt'
438 4239 571 4310 iacobi,
599 4239 690 4301 asco
715 4248 824 4302 autem
850 4242 925 4303 edio
942 4242 1055 4304 habui.
1105 4263 1261 4322 perieras
1279 4247 1452 4322 israelitas,
1479 4250 1507 4308 id
1531 4254 1589 4318 est,
1608 4246 1715 4311 iacobi
1733 4249 1928 4312 Patriarehae
1947 4253 1984 4313 ii·

196 4324 336 4408 (Malae.
356 4325 411 4396 i.)
434 4340 523 4398 uuam
540 4327 726 4383 sententiani
754 4324 865 4400 repetit
888 4325 1054 4402 Apostolus
1106 4330 1403 4407 lios,signihcantnr,
1419 4331 1505 4404 Quod
1523 4341 1624 4394 autem
1642 4334 1727 4394 addit
1743 4341 1871 4396 sanetus
1886 4333 1982 4396 Joaa·

197 4411 237 4474 ad
253 4411 418 4472 Romanos.
443 4405 554 4482 (Rem.
571 4401 622 4486 9.)
644 4405 750 4467 iacobi
768 4408 919 4468 haeredes
936 4409 1058 4470 luerunt
1107 4431 1174 4478 εεε.
1189 4415 1219 4474 io
1235 4417 1329 4491 portis
1347 4415 1408 4475 iliis
1424 4415 1518 4475 luisse
1532 4415 1666 4492 Angelos
1683 4417 1864 4488 duedecim,
1881 4418 1983 4496 signi·

198 4509 307 4556 omnes
324 4492 390 4552 cius
407 4489 473 4557 iiiii,
491 4493 541 4566 qui
559 4493 645 4554 erarii
660 4491 837 4561 duodecim,
853 4495 939 4553 nollo
954 4494 1057 4554 exclu-
1106 4497 1196 4568 iicat,
1226 4498 1361 4575 Angelos
1386 4513 1457 4559 esse
1475 4505 1627 4574 portarum
1654 4501 1822 4575 custodes,
1847 4517 1982 4574 quorum

198 4593 246 4640 so.
263 4578 362 4647 Ainue
378 4575 416 4634 itu
433 4579 511 4634 terre
529 4574 743 4648 promissionis
759 4575 853 4636 diuisa
879 4585 926 4637 est
942 4579 1057 4637 duode-
1105 4579 1238 4642 cilicium
1256 4589 1303 4642 est
1319 4597 1439 4644 curare.
1456 4599 1495 4652 ne
1511 4583 1586 4642 iiiuc
1603 4583 1817 4658 ingrediatur,
1846 4587 1898 4661 qui
1918 4602 1980 4646 non

199 4659 258 4722 cim
277 4658 419 4718 tribubus
435 4656 540 4720 Israel.
559 4663 590 4716 ut
606 4673 642 4716 ex
656 4655 737 4716 libro
753 4655 847 4719 losue
862 4657 993 4738 intelligi
1007 4677 1059 4736 pe·
1107 4664 1216 4725 lrabeat
1234 4667 1282 4724 ius
1298 4663 1507 4726 haereditatis.
1529 4665 1566 4726 Et
1583 4666 1712 4726 tortasse
1737 4667 1796 4728 hae
1823 4667 1861 4726 de
1884 4684 1982 4730 cansa

198 4747 269 4805 test.
286 4739 374 4821 (Jes.
392 4738 440 4800 ti.
459 4739 509 4801 il.
529 4737 578 4800 ib.
596 4739 884 4821 etscqueuiibus.)
907 4741 989 4803 Haec
1013 4755 1062 4806 est
1107 4747 1285 4826 depingitur
1308 4749 1523 4826 Archangelos
1549 4749 1680 4810 iiichael
1707 4767 1776 4811 cum
1805 4757 1915 4812 statera
1945 4754 1978 4812 in

200 4826 291 4904 igilur
307 4839 421 4898 eausa,
451 4839 506 4884 cer
532 4828 658 4884 sanetus
672 4822 810 4884 loannes
825 4823 855 4884 in
873 4825 1056 4903 Apocalypsi
1108 4833 1274 4904 manibus,
1299 4831 1369 4907 quie
1397 4833 1600 4910 peruagatos
1617 4833 1677 4892 sibi
1694 4835 1853 4894 subiectos
1868 4837 1982 4897 erami-

200 4907 321 4982 dixerit,
346 4907 377 4967 in
393 4906 556 4968 duedecim
574 4909 670 4980 portis
692 4906 806 4985 scripta
824 4907 920 4969 luisse
938 4913 1060 4970 noririna
1109 4921 1159 4974 nat
1176 4915 1282 4974 ruerita
1299 4930 1430 4988 eorum,
1459 4917 1510 4990 oui
1530 4917 1566 4973 ed
1585 4916 1752 4978 caelestem
1769 4916 1853 4978 iiiam
1871 4915 1982 4978 Civita-

200 4991 364 5054 duedecim
382 4990 514 5050 tribuum
532 4988 663 5047 liliorum
686 4987 806 5050 Israel:
830 4991 900 5068 quia
919 4991 1062 5056 videlicet
1109 5004 1169 5058 tem
1186 4997 1335 5075 aspirant.
1352 4998 1436 5060 llaec
1452 5000 1490 5058 de
1509 4999 1621 5072 portis.

199 5081 283 5150 porta
300 5073 494 5150 ingrediendi
519 5079 629 5132 terram
658 5073 879 5144 promissionis
894 5071 991 5136 luerat
1015 5080 1061 5138 ius

198 5151 416 5232 baereditatis,
446 5154 526 5227 ouod
543 5154 619 5216 solis
641 5164 672 5216 ει
698 5155 843 5217 omnibus
871 5155 941 5220 iuliis
968 5159 1063 5223 Israel

198 5243 405 5318 competebat.
423 5239 494 5313 Sed,
513 5245 544 5296 ut
561 5237 651 5310 paulo
667 5250 738 5301 aute
754 5238 957 5316 dicebamus,
983 5245 1060 5321 Apo·

198 5326 297 5386 stolus
311 5322 447 5385 Joanues
465 5323 592 5396 mystice
608 5321 754 5398 loquitur,
773 5328 804 5384 et
826 5339 880 5394 per
895 5325 1060 5400 duodecim

201 5408 299 5469 tribus
314 5407 408 5468 lsrael
426 5403 637 5482 intelliguntur
653 5406 714 5466 reri
732 5405 908 5472 israelitae.
935 5425 994 5471 aon
1012 5428 1061 5470 se·

200 5492 335 5552 eundum
351 5491 545 5559 caruem,sed
563 5492 734 5551 secundum
748 5491 889 5563 spiritum
906 5499 936 5552 et
951 5491 1056 5570 iidem,
1148 5487 1276 5572 italiana
1299 5495 1471 5559 aediucatto
1503 5505 1622 5560 constat
1647 5517 1684 5562 ex
1709 5500 1891 5580 lapidibus,
1919 5503 1977 5577 eiii

199 5589 233 5636 uc
249 5589 303 5652 per
317 5573 377 5635 hoc
391 5573 529 5651 Apostoli
546 5572 722 5645 duodecim,
741 5581 771 5636 el
787 5589 893 5636 eorum
916 5575 1058 5654 spiritua·
1107 5587 1179 5642 sunt
1193 5595 1302 5642 omnes
1317 5579 1439 5657 iideles,
1451 5582 1504 5658 oui
1520 5584 1835 5664 superaedificantur,
1847 5594 1880 5648 ει
1897 5585 1979 5664 Apo·

1467 5157 1549 5227 CAP.
1566 5165 1620 5228 xl.

1226 5329 1270 5391 Dc
1286 5330 1455 5411 lapidibus
1471 5333 1613 5414 mysticis
1632 5335 1778 5398 Ciuitatis
1792 5336 1863 5398 Dei.
