4086 6258
288 287 340 344 toa
887 285 937 344 oe
957 285 1103 348 suarna
1122 247 1233 347 rana.
1255 285 1342 347 nou.

217 407 366 482 inimicus
379 417 436 482 Dei
453 424 511 495 cst,
528 434 608 486 nont
623 417 661 482 a'rt
675 405 823 496 moiiprto
837 417 961 495 positus
977 423 1034 495 cat,
1053 421 1086 481 at
1136 417 1321 496 promereri,
1339 416 1366 480 si
1389 415 1500 482 vellent
1516 415 1804 498 perturbationibus
1829 421 1921 484 animi
1953 425 2008 486 sui

218 499 355 579 loquitur
370 517 397 564 s.
413 500 560 578 Ioannes,
578 501 624 580 (l.
641 499 961 580 inornatumque
979 501 1089 578 diripit
1134 497 1332 573 dominarier
1348 500 1460 563 breves
1475 516 1511 562 aa
1526 515 1636 578 partas
1651 499 1779 566 iniurias
1794 504 1918 568 excelso
1934 509 2010 567 ani·

149 581 152 592 '
218 584 395 655 mandam,
412 600 482 648 nort
493 584 693 648 catenarum
707 582 815 646 Patria
827 583 865 646 in
886 597 935 652 ea,
952 589 985 646 ut
1001 584 1085 645 idem
1133 598 1184 645 rao
1199 583 1380 658 praeterire:
1397 587 1482 646 certe
1498 599 1561 648 non
1576 585 1638 644 tam
1654 583 1721 646 dari
1738 591 1771 647 ει
1791 586 2010 651 inexorabiles

217 664 287 742 ipse
304 665 391 728 testis
408 674 465 738 εει,
484 673 523 736 ει,
537 666 691 730 Amicitia
706 664 804 728 batur
817 664 1086 730 manditnimico
1133 667 1242 728 essent
1256 665 1293 726 ad
1311 665 1441 728 iniurias
1464 663 1708 739 condonandis,
1734 666 1782 730 rel
1809 667 2006 734 tolerandas.

219 752 268 810 eat
279 746 348 809 Dei.
373 748 418 823 (l.
435 749 532 812 loon.
548 743 596 831 2.)
612 753 654 820 ει,
674 745 874 825 Quicumque
887 747 1028 810 coluerit
1049 763 1084 809 a,
1133 745 1208 820 Sed,
1226 745 1382 824 inquiunt,
1395 746 1517 818 ridetur
1532 744 1661 809 omnino
1675 748 1732 810 iuri
1749 752 1878 812 naturae
1893 751 2006 816 adrer-

154 887 156 890 .
217 833 324 894 micas
340 845 407 892 estc
421 832 549 894 saecoli
561 830 684 904 buius,
708 829 865 896 inimicus
886 827 946 893 lici
967 830 1084 896 conati·
1132 831 1207 904 sari,
1224 829 1307 906 qood
1323 831 1393 907 quis
1405 827 1521 890 iniuste
1537 844 1573 892 sa
1588 830 1812 902 conculcaret
1826 833 1933 894 verbis
1950 841 2006 896 aut

217 913 333 986 tutior,
350 905 433 994 (loc.
451 913 498 989 i.)
515 919 546 975 ot
562 911 672 975 scribit
686 916 814 974 sanctus
836 910 981 982 lacobus,
997 910 1083 975 Deus
1131 910 1220 974 tactis
1233 910 1338 973 rioiari
1353 909 1494 990 patiatur:
1507 910 1649 975 ridemus
1661 911 1743 974 enim
1751 913 1917 977 animantia
1928 916 2005 978 hru-

217 991 311 1072 igitur
327 993 461 1072 diligens
477 996 625 1058 mundum
642 1039 650 1064 ,
674 992 837 1059 inimicum
858 1007 950 1056 suum
965 994 1083 1072 diterit;
1132 998 1173 1067 la,
1186 1009 1268 1073 quae
1280 993 1348 1056 solo
1361 999 1487 1057 naturae
1499 991 1643 1056 instincta
1660 991 1864 1068 decantanta
1879 997 2004 1062 bestias

217 1075 274 1136 scd
293 1079 324 1137 ut
340 1074 454 1139 iaceret
470 1079 618 1138 amicum.
634 1075 708 1140 Nam
727 1074 800 1138 ideo
822 1076 907 1138 misit
931 1075 968 1137 ad
995 1075 1083 1139 illum
1128 1073 1285 1151 inimicas,
1310 1075 1363 1137 ubi
1379 1091 1432 1136 eas
1456 1075 1696 1154 conspexerint,
1723 1077 1835 1144 acriter
1860 1077 1999 1154 insilire,

215 1155 329 1220 Filium
346 1175 449 1232 suum,
474 1158 527 1236 qui
549 1164 595 1221 est
610 1157 766 1237 Princeps
780 1159 872 1236 pacis
893 1155 975 1238 (lani
988 1157 1036 1238 a.)
1052 1162 1085 1220 ut
1116 1163 1246 1238 'casque
1261 1157 1416 1220 morsibus
1432 1158 1478 1218 rol
1493 1157 1633 1220 calcibus
1655 1157 1848 1224 interimere.
1864 1160 1998 1240 Experi-

215 1255 275 1316 pcr
290 1255 359 1302 eum
373 1242 628 1304 reconciliaretur
650 1241 786 1304 mundus
809 1241 882 1302 lieo.
907 1239 982 1302 ideo
998 1240 1082 1310 enirn
1129 1255 1199 1302 mur
1213 1239 1316 1318 elipsi
1331 1239 1362 1301 in
1379 1238 1482 1314 nobis,
1506 1255 1576 1302 cum
1598 1239 1676 1304 torte
1703 1242 1734 1304 in
1762 1242 1924 1306 inimicum
1943 1262 1998 1308 no-

217 1330 368 1384 nasceute
385 1321 506 1385 Christo
522 1325 706 1386 cecinerunt
722 1322 831 1400 tapeti
850 1320 960 1385 diaria
979 1321 1018 1384 in
1033 1321 1082 1384 ol·
1128 1329 1225 1384 stram
1243 1322 1425 1398 incidimus,
1442 1321 1592 1385 continuo
1612 1324 1842 1388 accendibitem
1855 1326 1997 1392 ebullire

216 1401 350 1466 lisrtmis
365 1404 450 1480 Deo,
475 1412 503 1468 ει
517 1405 555 1468 a'o
578 1411 667 1468 terra
690 1419 774 1482 pom:
797 1404 888 1481 (hcc.
906 1402 953 1550 2³
972 1403 1082 1482 ltaque
1128 1403 1326 1484 sanguinem,
1344 1404 1497 1468 vindictae
1512 1406 1713 1482 cupiditatem
1729 1407 1909 1471 naturaiiter
1924 1426 1998 1472 axo·

214 1484 299 1548 Deus
316 1487 423 1550 ditarit
445 1489 595 1550 mundum
614 1486 791 1562 inimicum,
809 1493 841 1549 ut
858 1501 915 1564 per
952 1485 1083 1548 hristum
1127 1484 1477 1562 tirtlallituromnino
1492 1487 1606 1565 quista
1628 1488 1849 1565 ratiocinatur,
1874 1495 1906 1552 ει
1922 1509 1996 1554 ron-

214 1565 340 1630 atterrat
355 1569 402 1632 illi
418 1569 719 1639 reconciliationem,
736 1573 768 1631 at
783 1567 1001 1631 reconciliatus
1013 1583 1080 1632 era·
1126 1565 1227 1632 tundit
1242 1569 1353 1632 iustum
1365 1567 1579 1634 detonsionem
1596 1587 1667 1635 cum
1684 1572 1802 1635 uitione
1814 1572 1942 1636 iniusta.

214 1652 304 1712 deret
317 1651 506 1730 supplicium
524 1651 662 1713 debitam
679 1650 819 1713 inimico.
836 1650 970 1714 Mundus
995 1649 1082 1712 Chri·
1168 1649 1317 1714 betensio
1331 1650 1410 1714 iusta
1426 1652 1615 1731 reprehendi
1629 1659 1817 1732 competent:
1831 1653 1936 1718 ethoc
1948 1664 1997 1719 est

214 1738 295 1794 sium
312 1748 373 1794 non
387 1733 517 1810 recepit,
534 1734 617 1796 auxit
632 1734 767 1810 cuipam,
784 1733 954 1795 insurrexit
970 1732 1001 1793 in
1017 1732 1079 1796 lla·
1126 1734 1208 1809 quod
1226 1738 1332 1796 natura
1353 1731 1423 1811 ipsa
1440 1735 1541 1806 docet,
1560 1733 1618 1796 rim
1636 1734 1664 1798 ri
1680 1735 1846 1812 repetiere,
1864 1753 1927 1800 oon
1944 1756 1995 1801 ac-

213 1813 635 1893 diaiorom3inspiraritDeus
647 1814 807 1880 Mediatari
823 1820 854 1876 ut
869 1814 1014 1878 redderet
1025 1814 1081 1879 hc·
1126 1819 1246 1894 ceptam
1262 1814 1405 1878 iniuriam
1422 1814 1591 1880 vindicare.
1609 1817 1792 1897 licpugaare
1820 1835 1860 1880 no
1877 1819 1991 1883 iniuria

100 1955 108 1974 ,
213 1912 252 1956 na
269 1899 443 1974 promatis,
460 1897 1081 1976 etrogaretpropersecutorihusrrapa·
1125 1896 1358 1969 sibiiittmemo
1372 1898 1529 1978 prohibet:
1543 1900 1599 1961 sad
1614 1906 1772 1979 acceptam
1787 1900 1935 1964 iniuriam
1949 1905 1993 1966 ul·

213 1978 269 2054 til,
285 1981 464 2042 recuditur
480 1987 524 2042 est
536 1996 598 2060 pro
619 1995 683 2043 auc
704 1979 887 2042 reverentia
908 1977 1016 2059 (liebr.
1032 1978 1080 2059 5.)
1126 1978 1213 2052 cisci,
1229 1979 1405 2042 berdirina
1421 1984 1521 2051 retal,
1546 1981 1577 2042 ld
1601 1981 1684 2044 enim
1701 1998 1763 2046 uon
1791 1985 1829 2044 ad
1855 1986 1991 2059 privatos

213 2059 389 2140 Expectant
405 2062 456 2124 bei
471 2062 627 2140 patientia,
646 2066 679 2123 ut
694 2060 829 2124 mundus
847 2076 902 2139 per
917 2063 1080 2141 Apostolo-
1127 2060 1283 2134 homines,
1301 2063 1357 2136 sed
1374 2061 1412 2125 ad
1428 2061 1587 2138 publicum
1606 2063 1815 2142 magistratum
1843 2068 1991 2143 pertinet.

212 2157 281 2205 rum
299 2144 562 2217 praedicationem
579 2145 802 2221 poenitentiam
828 2150 955 2221 ageret:
980 2149 1012 2206 et
1025 2146 1078 2221 oui
1125 2147 1157 2206 et
1171 2145 1241 2218 cuia
1254 2144 1339 2208 licus
1354 2144 1418 2216 Rea
1429 2146 1544 2224 llegum
1561 2151 1619 2220 est,
1636 2144 1708 2209 ideo
1723 2147 1836 2210 clamat
1850 2153 1881 2209 et
1894 2150 1990 2213 dicit:

212 2224 436 2301 poenitentiam
452 2233 593 2304 egerunt,
618 2224 842 2303 indulgentiam
865 2234 1077 2303 acceperunt,
1123 2224 1204 2290 hiat
1217 2226 1376 2301 ceadicta,
1394 2232 1423 2291 ct
1437 2241 1495 2306 epo
1510 2225 1702 2298 retribuent:
1720 2229 1883 2306 (bentii.
1898 2231 1990 2296 Rom.

212 2307 265 2382 nui
283 2321 344 2368 non
359 2317 499 2386 egerunt,
518 2309 641 2370 tandem
659 2312 729 2386 post
744 2307 866 2386 longam
889 2306 944 2370 liei
961 2310 1079 2387 patien-
1126 2307 1176 2371 lt.
1192 2310 1272 2376 llcb.
1300 2308 1351 2388 0.)

213 2388 283 2450 tiam
303 2390 383 2451 iusta
401 2389 454 2451 bei
471 2389 586 2453 iudicio
598 2389 791 2452 exterminati
807 2389 973 2453 auctiore
986 2392 1079 2470 igitar
1166 2391 1254 2466 Quod
1266 2398 1368 2458 autent
1384 2390 1506 2457 bestiae
1519 2391 1553 2456 ia
1569 2391 1686 2456 bestias
1708 2393 1852 2456 inimicas
1867 2402 1990 2460 natura·

213 2486 252 2532 aa
265 2470 327 2534 boc
343 2473 444 2548 primo
466 2471 580 2533 Christi
606 2471 700 2536 rerba
727 2471 878 2534 discimus
905 2471 1079 2549 superemi·
1124 2473 1195 2537 liter
1210 2476 1339 2548 irruant,
1358 2491 1396 2548 etr
1418 2491 1456 2538 eo
1471 2472 1609 2538 nascitur
1624 2476 1707 2552 quod
1722 2475 1843 2540 bestiae
1859 2477 1936 2550 sint,
1961 2487 1990 2540 et

209 2558 337 2615 nentem
351 2554 502 2616 scientiae
514 2551 990 2618 charitatemdhristizdisoimus
1003 2572 1078 2635 quo·
1124 2558 1305 2620 discerncre
1320 2561 1478 2636 nequeant
1491 2557 1572 2620 inter
1585 2562 1746 2633 naturam,
1768 2565 1799 2622 et
1813 2559 1923 2622 tiliam
1940 2578 1991 2624 na·

212 2651 273 2709 oue
287 2635 573 2712 supereminentem
591 2636 740 2700 scientiae
755 2637 937 2700 charitatem
954 2637 1008 2700 bai
1025 2639 1079 2700 la·
1122 2645 1220 2703 turae.
1236 2639 1384 2704 llominas
1397 2647 1521 2714 autom,
1547 2641 1598 2718 qui
1615 2639 1733 2708 ratione
1749 2641 1879 2717 praediti
1896 2651 1986 2718 sunt,

123 2776 129 2786 ,
212 2717 333 2794 tris,qut
350 2719 396 2778 sic
412 2718 531 2780 dilectit
544 2720 757 2796 mcndrrmmt
771 2715 989 2798 fiticmattttm
1001 2720 1077 2784 ttni-
1123 2737 1268 2799 separare
1284 2722 1400 2785 debeat
1416 2727 1567 2794 naturam,
1591 2721 1661 2788 sire¹
1672 2737 1851 2800 personam,
1875 2741 1960 2799 onae
1974 2745 1989 2788 a

210 2803 361 2873 crocitant
375 2801 480 2874 dorcic
494 2805 532 2862 ccl
546 2800 665 2874 omnis,
681 2804 740 2880 qui
755 2801 906 2864 credilirt
919 2817 1079 2876 cumpton
1123 2804 1189 2871 Deo
1204 2809 1304 2868 creata
1320 2805 1400 2868 hona
1415 2809 1475 2879 est,
1490 2807 1520 2868 et
1532 2803 1637 2867 ritiutn
1649 2804 1716 2868 sire
1728 2809 1991 2885 peccatum,qoad

207 2888 333 2958 porcat,
351 2883 409 2946 sad
423 2881 540 2945 babeat
554 2885 656 2946 citata
671 2890 851 2952 aeternnm.
866 2881 979 2966 (loon.
997 2883 1044 2964 3.)
1125 2886 1237 2950 malum
1252 2895 1312 2961 ast,
1329 2893 1360 2948 et
1375 2903 1390 2948 a
1407 2885 1471 2950 bac
1497 2901 1559 2951 non
1585 2886 1710 2962 prodiit.
1737 2886 1872 2951 Proinde
1898 2889 1993 2953 debet

1123 2969 1228 3045 boma,
1246 2985 1315 3032 cum
1329 2968 1474 3031 iniuriam
1490 2969 1634 3048 accepit,
1658 2970 1790 3048 diligere
1806 2986 1990 3048 personam,

566 3049 650 3114 diti.
671 3049 727 3116 ΙΙΙ.
1124 3057 1154 3113 ει
1169 3051 1275 3115 odisse
1291 3049 1511 3126 iniuriam,·nec
1528 3057 1587 3115 tam
1603 3051 1695 3114 irasci
1711 3052 1829 3116 homini
1847 3053 1990 3130 inimico,

1123 3150 1214 3214 qoam
1231 3132 1394 3210 misereri,
1412 3140 1442 3196 et
1457 3133 1569 3196 imitari
1586 3132 1746 3207 medicas,
1775 3136 1829 3214 qui
1854 3135 1991 3215 diliguat

224 3204 267 3268 lla
281 3207 385 3270 altero
400 3208 511 3286 [raucio
525 3211 670 3274 eiusdem
685 3213 786 3290 primi
800 3214 890 3278 uerbi
902 3230 924 3276 o
937 3211 1062 3278 atarbio
1120 3219 1274 3296 aegrotos,
1291 3219 1323 3284 et
1336 3216 1408 3278 idco
1423 3215 1663 3295 diligentissime
1685 3225 1795 3279 curant
1811 3263 1818 3284 .
1841 3219 1901 3280 sed
1917 3219 1990 3282 odio

493 3294 531 3354 in
546 3294 786 3373 crooeprolnti.
1120 3297 1236 3362 hahent
1252 3298 1415 3374 morbum,
1443 3303 1474 3362 ει
1494 3298 1532 3360 ad
1548 3314 1620 3362 eom
1646 3298 1865 3378 expoliendum
1889 3307 1924 3362 et
1938 3303 1990 3364 de·

1120 3379 1315 3457 struendum,
1332 3387 1424 3458 atquc
1439 3382 1475 3444 ad
1491 3380 1622 3444 nihilum
1636 3380 1856 3461 redigendum,
1873 3398 1932 3457 pro
1949 3387 1990 3446 ri·

255 3455 340 3518 hilar
354 3456 519 3534 tructus,et
533 3461 656 3537 quidem
672 3461 762 3524 valde
774 3459 917 3522 salatmis
931 3457 1077 3522 omnihus
1121 3463 1209 3525 ribus
1223 3461 1418 3528 incumbunt.
1434 3463 1535 3544 Atque
1549 3463 1608 3528 hoc
1624 3469 1683 3538 est,
1700 3465 1783 3543 quad
1796 3463 1945 3542 Magister
1960 3473 1991 3528 ει

211 3539 410 3614 gustantibus
426 3557 494 3602 eum
512 3545 581 3608 erit.
598 3545 623 3604 si
642 3544 763 3607 discant
775 3543 918 3606 homines
930 3547 1075 3620 acceptas
1120 3545 1442 3610 lledicusanimarum
1458 3545 1599 3610 cbristus
1614 3545 1731 3622 docuit,
1755 3561 1826 3610 com
1846 3547 1912 3623 ait;
1937 3549 1991 3612 lli·

216 3620 347 3684 iniurias
363 3622 452 3684 tacite
468 3623 658 3698 condonare,
681 3642 717 3688 ac
740 3641 795 3702 per
809 3624 870 3686 boc
884 3625 1002 3686 amicos
1017 3623 1077 3685 sibi
1120 3627 1210 3708 lipilc
1226 3627 1378 3692 inimicat
1391 3632 1523 3705 oectroa,
1548 3627 1724 3706 benefacite
1738 3627 1812 3704 bie,
1836 3628 1897 3708 qut
1911 3633 1988 3694 ode·

214 3717 248 3763 cr
270 3702 404 3764 inimicis
420 3705 533 3767 tancre.
557 3705 602 3768 Ad
619 3708 678 3769 boo
694 3717 795 3768 autem
822 3704 1075 3781 persuadendam
1119 3715 1198 3774 caint
1211 3725 1279 3783 cas,
1295 3715 1325 3773 et
1339 3715 1500 3788 oroteprc
1514 3711 1802 3789 peraequentihoa,
1821 3714 1851 3773 et
1864 3714 1988 3775 ectum·

214 3785 440 3861 satismagnnm
455 3794 669 3864 argumentum
683 3788 889 3851 essedeberct
901 3787 1075 3865 exemplum
1119 3791 1292 3856 nicntrbce
1304 3807 1372 3858 coc.
1387 3789 1510 3874 (dietih.
1526 3787 1573 3875 5.)
1595 3791 1701 3868 decue
1722 3791 1835 3856 similis
1857 3792 1914 3856 tuit
1927 3794 1987 3856 lta·

215 3865 372 3941 christini
389 3867 458 3930 liei.
475 3869 546 3930 bam
560 3871 733 3934 sidbrislus
745 3870 979 3933 crucifixoribus
990 3873 1076 3950 igno·
1118 3876 1214 3956 gisler
1230 3881 1335 3938 noster
1350 3873 1491 3938 Christus
1503 3873 1919 3952 Scribisathtrisaeis,qui
1935 3891 1984 3938 se·

207 3949 260 4018 rit,
279 3955 308 4008 et
325 3967 379 4023 pro
397 3949 516 4012 eisdem
534 3954 652 4018 oraritt
676 3969 731 4017 cur
745 3953 777 4016 id
795 3969 856 4014 aon
881 3953 972 4016 iactet
988 3952 1073 4015 cari·
1115 3957 1226 4020 denter
1240 3972 1335 4035 super
1349 3956 1527 4020 cathedram
1542 3955 1640 4038 lloysi
1656 3955 1820 4020 docebant.
1844 3957 1858 4034 (
1869 3957 1981 4022 ltcttlt.

206 4029 344 4091 stiones?
362 4030 392 4093 Si
411 4032 493 4095 beas
509 4039 640 4108 creator,
668 4039 719 4113 oui
737 4041 854 4113 posset,
874 4041 906 4095 ut
923 4034 1072 4098 boninus
1115 4036 1183 4121 23.)
1197 4045 1227 4102 ει
1242 4055 1303 4104 nan
1320 4039 1484 4102 iaciebant:
1499 4038 1555 4110 scd
1571 4039 1687 4110 sedens
1701 4038 1734 4101 in
1745 4038 1890 4122 cathedra
1907 4057 1977 4102 saa·

206 4115 237 4172 ct
250 4109 358 4182 iudex.
373 4116 476 4176 statim
493 4117 642 4179 ultionem
659 4133 783 4180 sumere
799 4119 838 4180 de
855 4117 1071 4196 peccatoribus
1115 4126 1182 4184 ctae
1196 4121 1311 4194 crucis,
1328 4121 1410 4200 qaod
1427 4121 1544 4194 docuit,
1562 4122 1648 4183 lacit:
1661 4119 1768 4184 dilexit
1779 4121 1861 4182 anim
1878 4122 1982 4186 inimi·

202 4197 308 4255 iumen
325 4202 532 4273 exspectatur
556 4207 701 4276 peccator
723 4201 760 4262 ad
785 4199 1007 4276 poenitentiam
1024 4217 1072 4262 ra·
1116 4219 1171 4264 cas
1186 4217 1273 4276 suos,
1290 4209 1321 4268 et
1335 4219 1390 4280 pro
1405 4203 1444 4268 its
1460 4204 1557 4267 orarit
1570 4201 1706 4267 dicensc.
1722 4202 1837 4276 Pater,
1854 4203 1982 4268 dimine

204 4274 287 4352 deat3
305 4283 336 4336 at
352 4277 389 4339 ad
406 4295 513 4354 pacem
529 4288 561 4343 et
574 4282 863 4344 reconciliationem
880 4282 1000 4355 invitat,
1018 4298 1071 4362 pa·
1112 4285 1191 4349 iiiia:
1213 4300 1283 4350 nott
1304 4287 1393 4350 cuim
1406 4285 1514 4350 actual
1536 4286 1619 4366 qutd
1632 4285 1773 4363 sociant.
1792 4283 1880 4356 Quod
1905 4301 1979 4350 roro

204 4363 288 4418 ratus
302 4358 468 4435 ignoscere
485 4362 534 4436 iis,
549 4368 599 4438 oui
614 4365 764 4426 maiestati
779 4380 853 4428 suaa
865 4365 1008 4427 iniuriam
1027 4366 1069 4427 le·
1113 4367 1204 4430 etiam
1221 4371 1252 4432 ia
1269 4367 1448 4432 hominihus
1466 4367 1598 4446 sanguis
1614 4367 1727 4430 bullire
1749 4365 1891 4445 incipiat,
1910 4385 1981 4432 cum

205 4446 326 4500 cerunt:
345 4457 400 4504 cur
414 4442 445 4504 id
462 4458 523 4506 noa
539 4445 632 4508 iaciat
646 4447 803 4510 creatura?
815 4446 912 4518 Adde,
928 4447 1010 4524 quod
1022 4447 1071 4509 in·
1113 4465 1179 4524 cos,
1195 4467 1212 4514 a
1229 4450 1342 4528 quibos
1358 4450 1501 4514 iniuriam
1515 4453 1706 4528 acceperunt
1718 4491 1734 4524 ,-
1745 4447 1875 4522 ridant,
1900 4454 1980 4514 ratio

205 4521 302 4582 iuriae
320 4523 506 4586 condonatio
522 4541 583 4587 non
599 4535 683 4589 caret
697 4529 815 4607 ingenti
828 4527 1071 4607 praemiosrrt·
1114 4538 1173 4607 ast,
1191 4535 1261 4610 quia
1274 4538 1347 4596 sant
1361 4531 1504 4596 homines
1515 4531 1680 4605 animales,
1695 4539 1726 4594 et
1741 4531 1880 4594 nondum
1896 4532 1982 4596 didi·

207 4609 290 4676 ptum
309 4611 357 4664 ast
373 4605 404 4666 in
421 4607 547 4669 historia
564 4610 602 4670 de
620 4611 677 4672 rita
695 4619 725 4672 et
741 4610 825 4674 obitu
842 4611 941 4673 sancti
957 4611 1071 4690 ungar,
1115 4620 1225 4676 cerunt
1240 4623 1341 4677 malos
1358 4613 1453 4692 partis
1468 4613 1721 4693 interioris,quaa
1734 4611 1826 4677 nohis
1839 4630 1911 4678 cum
1928 4615 1982 4680 bc·

206 4687 286 4746 berti
303 4687 539 4767 archiepiscopi
557 4689 765 4763 Coloniensis,
787 4691 880 4773 (lide
895 4694 987 4768 opud
1002 4693 1069 4757 Sor
1115 4697 1184 4759 otiis
1199 4697 1375 4760 communia
1390 4700 1449 4770 ast,
1467 4696 1571 4758 ircano
1592 4696 1724 4759 rationis
1745 4711 1906 4760 coarcere:
1924 4697 1980 4772 Qui

205 4766 258 4827 die
275 4767 304 4827 l.
323 4765 535 4849 Noce'mbrr’r.)
551 4773 633 4850 quod
650 4790 720 4836 cum
738 4776 790 4837 ille
806 4773 837 4836 in
861 4775 970 4838 itinere
986 4775 1070 4854 posi·
1115 4777 1198 4841 enim
1214 4780 1393 4858 spirituales
1408 4782 1482 4844 sunt
1495 4783 1527 4841 et
1543 4779 1679 4842 malibus
1694 4777 1836 4855 corporis
1851 4795 1915 4846 noa
1929 4797 1980 4844 su·

205 4853 255 4909 tus
271 4847 309 4908 ab
324 4849 456 4915 iru'micis
472 4855 539 4916 suis
561 4856 779 4930 occideretur,
803 4864 835 4918 et
856 4857 908 4919 illa
929 4855 1068 4922 lucardo
1115 4859 1239 4924 blacere
1255 4861 1310 4924 sod
1335 4875 1484 4940 praeesse
1506 4865 1679 4933 natarunt,
1704 4874 1766 4923 non
1789 4859 1979 4938 irascuntur,

202 4943 260 5024 suo
279 4931 407 5008 dicerem
425 4937 521 4999 l’oter
534 4937 666 5015 ipnosce
680 4939 770 5015 tttts,
787 4938 1010 5002 remicianae
1030 4955 1069 5004 eo
1113 4941 1261 5019 inimicis,
1278 4944 1334 5007 sad
1350 4941 1548 5014 misercatur,
1566 4942 1773 5005 etbeneticiis
1786 4941 1859 5006 iilos
1874 4944 1912 5006 ad
1927 4961 1979 5024 pa·

201 5009 269 5081 tart,
288 5015 368 5088 quod
382 5015 422 5078 ob
438 5017 520 5082 illam
534 5035 626 5080 onam
643 5021 807 5095 actionem,
817 5021 882 5082 lieo
896 5037 989 5100 sopra
1002 5038 1067 5085 mo·
1113 5038 1181 5087 cem
1197 5030 1291 5102 atque
1305 5024 1504 5088 concordiam
1517 5023 1645 5088 allicere
1657 5025 1795 5088 student.

202 5093 276 5189 dum
293 5103 408 5172 gratam
424 5145 432 5175 ,
451 5116 512 5164 non
528 5101 629 5164 sotum
646 5105 746 5165 anima
762 5103 815 5166 illa
831 5103 935 5166 subito
952 5103 990 5166 ad
1006 5105 1066 5168 bn·
1155 5105 1192 5169 itt
1206 5105 1277 5183 hoc,
1294 5107 1449 5185 inquiunt,
1469 5105 1562 5168 nimis
1577 5105 1703 5170 difficile
1725 5113 1773 5170 est
1794 5109 1826 5170 et
1840 5106 1976 5185 durum,

204 5176 286 5253 getis
301 5187 446 5255 suscepta
463 5183 494 5243 in
511 5183 633 5246 caelum
649 5187 748 5248 delata
766 5186 879 5263 tuerit;
902 5186 957 5248 sed
975 5187 1066 5249 ctiam
1112 5191 1293 5266 praesertim
1306 5187 1497 5264 bominibus,
1512 5189 1564 5265 oui
1579 5189 1724 5252 nobiliter
1737 5191 1812 5260 nati,
1826 5189 1867 5252 de
1881 5189 1978 5253 hono·

202 5265 283 5320 inter
298 5260 411 5323 choras
433 5262 595 5344 llartyram
610 5269 797 5348 acceperit,
822 5275 851 5332 ει
876 5269 982 5331 multis
998 5275 1067 5348 past
1112 5285 1146 5332 re
1171 5271 1294 5335 solliciti
1319 5285 1391 5334 essa
1417 5270 1544 5333 debeat.
1570 5270 1670 5335 immo
1692 5285 1765 5334 rara
1792 5271 1884 5335 lacila
1906 5280 1974 5335 est:

201 5340 318 5404 obitum
337 5343 496 5406 miraculis
510 5349 666 5410 claruerit.
1111 5351 1235 5432 (liottb.
1250 5353 1315 5430 ll.)
1331 5369 1401 5416 uam
1417 5353 1522 5432 iugum
1539 5351 1665 5427 Christi,
1690 5356 1741 5432 qai
1758 5353 1872 5431 Legem
1889 5355 1978 5418 istam

243 5423 267 5484 0
284 5425 310 5485 si
333 5424 451 5487 scirent
474 5428 618 5492 homiues
643 5431 830 5507 Christiani,
858 5447 950 5508 quam
976 5431 1066 5496 tacite
1112 5436 1317 5498 sectatoribus
1328 5436 1395 5498 suis
1407 5433 1570 5513 imposuit,
1586 5452 1679 5498 strare
1695 5443 1753 5508 est,
1768 5441 1797 5498 ει
1810 5451 1892 5500 onus
1907 5437 1977 5499 etus

201 5513 340 5598 possent,
357 5507 384 5569 si
398 5509 523 5584 vellent,
538 5509 834 5592 incomparabilibus
850 5515 1004 5578 thesauris
1020 5515 1051 5576 di
1111 5517 1226 5592 iere,ut
1240 5515 1403 5598 Erangeiie
1419 5521 1581 5586 testantur:
1598 5524 1629 5580 et
1644 5519 1806 5582 mandato
1818 5517 1891 5580 et‘tta
1901 5536 1977 5598 pro·

207 5601 265 5665 ort;
281 5595 312 5652 ot
327 5605 420 5669 quam
436 5591 575 5657 illustres
590 5592 742 5660 bonarum
770 5603 800 5660 ει
822 5597 940 5676 gloriae
959 5596 1064 5662 titulos
1110 5600 1167 5664 aio
1192 5602 1378 5684 rtortssattrtt,
1395 5606 1427 5665 ut
1453 5607 1580 5666 sanctas
1595 5599 1731 5666 ioannes
1752 5600 1895 5664 atlirmat.
1919 5601 1972 5682 (l.
