4086 6258
344 229 355 272 ι
748 303 854 364 LIBER
873 304 1063 368 SECUNDUS
1662 309 1716 374 U

4 440 237 530 sspirituoieam
254 459 355 524 nenne
371 441 445 504 setis
459 449 507 503 est
521 438 621 505 semel
635 445 666 502 et
676 439 787 519 frigide
799 446 883 519 pete·
932 457 1002 504 uos:
1017 447 1094 506 tona
1115 443 1308 525 opomerum
1326 445 1416 510 asoti
1440 459 1622 523 anesomtm,
1637 452 1667 514 et
1686 461 1785 512 oraro

4 531 75 592 Qre.
93 528 152 592 sed
177 535 299 606 oportet
313 540 511 606 perseverare
535 524 698 602 pulsando,
716 530 747 585 et
761 524 883 587 inener·
928 527 1107 590 sardarum
1131 525 1300 606 parabant,
1328 533 1406 590 tana
1433 528 1529 594 saliet
1551 530 1635 594 smol
1658 545 1782 610 amoos,

4 607 117 676 ¹¹rabili
136 612 250 692 gemitu
267 615 398 676 clamare
414 611 452 668 ad
464 624 553 669 aures
565 607 674 670 Patris.
690 606 721 669 Si
735 611 817 668 enlm
832 626 883 686 pa·
928 609 1082 686 einardum
1098 617 1128 672 et
1141 615 1257 690 aperto
1271 613 1332 674 erit
1346 611 1461 692 lin9rra
1482 618 1658 676 annornm.
1675 613 1782 678 Sessio

4 696 73 778 tter
89 696 227 758 earnalis
243 695 374 770 ploranti
390 691 487 754 filiolo
502 699 533 752 et
547 706 659 788 panem
677 692 819 788 noscenti
831 692 884 754 de·
929 708 1025 790 saner
1036 698 1156 793 'asinam
1172 701 1204 756 et
1219 695 1336 773 nullam
1353 697 1423 774 ejus
1437 713 1446 756 ι
1462 695 1543 793 liaeo
1557 695 1629 759 ilem
1643 702 1717 760 rma
1730 714 1781 762 rre-

15 775 884 939 atattitulatittttttrtttlmltbltttt
928 776 1780 943 titttrtttdaitltl'atttlmutx

4 946 171 1010 ,remorsas
184 945 235 1010 sei
250 945 340 1025 (lam.
357 941 439 1023 22.)
932 941 1043 1023 (Zaeb.
1061 944 1107 1014 9.)
1123 946 1262 1042 Denique
1279 909 1383 1042 uass'lo
1398 951 1459 1008 tota
1474 961 1531 1023 per
1545 951 1648 1025 partas
1662 945 1782 1010 deseri„

369 1116 448 1179 aaa.
473 1117 541 1178 ιιι.
928 1031 1076 1181 ἕιιιᾶιξῖιιιῗ
1091 1025 1780 1208 r'issv'sdg.{¹}s¹a{⁰rr¹n¹2¹‚⁸ir(e50⁸ss⁸”ii'flagitabis

101 1273 291 1350 Dmpoaitnr
304 1272 350 1334 ari
363 1272 503 1336 litteram
517 1270 651 1334 omium
663 1277 805 1344 sentem,
929 1193 1190 1339 &dimissius
1202 1201 1240 1340 aod
1250 1192 1779 1353 {oggioanrgediaeossaetsrflgcnw

201 1353 452 1418 consummatam
469 1363 528 1433 est,
543 1355 641 1420 loon.
659 1353 708 1418 19.
928 1361 1037 1422 dimus
1050 1360 1295 1440 ierosolymam
1307 1368 1337 1422 et
1346 1361 1657 1426 annumerabuntur
1666 1361 1779 1426 mettio

928 1459 1014 1521 quae
1027 1447 1152 1524 scripta
1171 1449 1250 1507 soni
1267 1459 1328 1520 per
1341 1442 1516 1524 Propbetnn
1540 1446 1581 1508 de
1594 1443 1662 1520 tilio
1676 1443 1778 1508 bomi-

65 1519 206 1584 Verbum
219 1528 338 1586 sexium
364 1522 527 1586 aDnmino
554 1523 585 1584 iu
606 1538 700 1586 arnae
718 1524 882 1601 prolatum,
928 1528 994 1589 mis.
1010 1523 1106 1609 (Lao.
1123 1525 1173 1590 to.
1186 1529 1199 1605 )
1213 1526 1258 1589 De
1273 1525 1334 1588 illis
1348 1527 1452 1604 igitur,
1469 1542 1548 1605 quae
1562 1541 1778 1592 eonsummab-

17 1603 161 1667 retertur
175 1607 335 1668 abeodem
351 1615 458 1670 sanata
470 1607 602 1672 insane.
618 1611 650 1667 ut
662 1621 742 1684 poue
754 1608 882 1686 eonjun·
929 1609 965 1671 da
983 1619 1079 1676 erant.
1099 1627 1182 1674 nune
1197 1611 1283 1680 dieii,
1298 1608 1561 1674 denominatam
1572 1613 1628 1688 ιιις
1641 1611 1670 1672 id
1683 1617 1778 1676 taram

19 1695 113 1748 otum
130 1705 199 1750 eum
215 1691 336 1767 quinto.
353 1691 460 1754 Statim
476 1698 567 1767 atque
588 1689 738 1752 Dominus
753 1689 881 1752 dixerat.
927 1692 1081 1768 videlieet,
1091 1694 1172 1772 quod
1194 1695 1485 1762 consummandum,
1497 1691 1777 1774 idostltnulendom

15 1769 123 1842 Sitia,
140 1775 171 1833 et
182 1781 300 1834 saetam
313 1774 373 1835 sibi
387 1775 519 1837 ablatum
534 1773 666 1841 biberat,
679 1773 799 1835 addidit
810 1790 886 1836 ssu·
930 1783 1004 1846 arat,
1022 1785 1055 1840 nt
1067 1777 1240 1848 Praebetae
1254 1775 1362 1839 bdeles
1378 1778 1600 1841 invenirentur.

16 1860 97 1914 atus
111 1853 260 1933 ioannes3
278 1855 356 1918 dam
370 1873 447 1936 erno
462 1857 635 1934 accepisset
648 1855 741 1918 leons
757 1863 883 1920 anetum
970 1859 1101 1936 Deinde,
1119 1860 1386 1923 domummatom
1402 1866 1459 1935 est,
1475 1857 1628 1938 signilleoi
1650 1875 1688 1924 ox
1708 1873 1777 1924 sen·

16 1937 128 1998 dimit:
147 1935 412 2003 consummatum
428 1949 484 2003 est.
500 1937 612 2019 (ioan.
630 1937 696 2019 tt.)
709 1939 745 2002 Et
759 1940 884 2016 quidem
929 1945 1021 2003 tentia
1039 1944 1142 2006 saneti
1157 1941 1284 2006 ioannis
1300 1942 1521 2020 chrysostomi,
1537 1948 1778 2006 masammrtrm

21 2021 65 2081 ad
85 2022 216 2082 litteram
233 2022 310 2085 nibil
323 2031 371 2086 est
385 2023 481 2092 alind.
495 2029 756 2086 consummatam
768 2028 825 2099 est,
840 2023 883 2085 ni·
932 2024 1030 2087 luisse
1046 2031 1078 2087 iu
1093 2032 1190 2088 morte
1207 2025 1317 2088 Christi
1333 2031 1517 2105 potestatem
1533 2071 1541 2100 ,
1556 2039 1635 2104 aute
1650 2027 1780 2106 permis·

17 2102 63 2176 si,
85 2114 332 2168 consummatum
356 2126 391 2170 ae
407 2108 578 2186 perfeetum
605 2114 654 2168 est
671 2122 751 2182 opus
767 2109 885 2182 naasio-
929 2125 961 2168 sa
979 2117 1044 2170 erat
1059 2109 1236 2172 bominibus
1252 2115 1282 2170 et
1297 2108 1498 2172 daemonibus
1513 2109 1544 2170 in
1560 2105 1727 2188 Christum
1740 2109 1781 2173 do

23 2187 94 2248 nis.
112 2187 271 2265 Siquidem
287 2206 382 2268 opera
410 2193 471 2252 duo
488 2191 665 2268 injunxerat
677 2188 768 2252 Pater
781 2189 883 2252 Filio:
931 2208 989 2266 aua
1008 2199 1157 2268 potestate
1174 2191 1314 2254 cbristus
1327 2191 1396 2269 ipse
1412 2189 1486 2254 dixit
1501 2191 1538 2254 ad
1550 2189 1712 2271 Prinoipes
1727 2192 1781 2256 St·

18 2286 139 2342 unum,
157 2272 353 2348 praedicendi
368 2273 580 2352 Evangelinm3
594 2274 735 2346 alterum,
750 2273 884 2349 patiendi
930 2278 1103 2348 eardotum,
1125 2282 1155 2338 et
1181 2275 1375 2353 magistratus
1400 2274 1531 2352 lemnii.
1558 2280 1589 2338 ot
1614 2275 1780 2340 seniorest

21 2368 87 2427 pro
103 2369 218 2434 genere
235 2355 382 2419 bumana.
398 2357 443 2419 De
460 2358 562 2434 priore
577 2370 672 2433 opere
695 2355 772 2417 dixit
783 2355 886 2418 Domi·
930 2357 1015 2420 ltnee
1041 2363 1086 2420 ast
1100 2357 1183 2421 bora
1197 2364 1315 2429 uestra,
1343 2362 1373 2420 et
1396 2359 1536 2436 potestas
1560 2356 1780 2424 noemammz

21 2451 90 2496 nus
106 2438 189 2514 apud
205 2437 368 2501 ioannem:
387 2440 471 2518 opas
484 2441 719 2514 consummaui,
733 2440 822 2518 qood
833 2441 886 2502 de·
930 2438 1021 2520 (boe.
1037 2441 1105 2518 22.)
1119 2439 1201 2504 ilaee
1214 2443 1308 2520 igitur
1323 2441 1408 2510 bora,
1423 2447 1453 2502 et
1469 2441 1527 2502 boe
1540 2445 1662 2520 tamnus
1673 2446 1782 2514 totum,

18 2519 108 2580 disti
121 2521 203 2581 mibi
215 2531 252 2582 ut
265 2521 388 2596 saetam
403 2542 410 2582 ι
428 2522 636 2601 manifestant
659 2537 779 2584 nomen
794 2530 886 2584 tuum
930 2540 993 2598 ano
1006 2525 1071 2588 Deo
1088 2528 1284 2602 permittente
1312 2530 1493 2600 potestatem
1509 2523 1682 2588 babuerunt
1696 2524 1783 2602 tmatl

18 2601 229 2666 lromtatons.
245 2604 356 2680 (toan.
373 2605 441 2684 lt.)
456 2605 538 2668 liaeo
561 2605 635 2667 dixit
649 2604 802 2666 Dominus
817 2617 887 2683 post
932 2609 961 2666 in
979 2606 1145 2682 Christum,
1161 2608 1281 2670 finitum
1298 2615 1356 2678 est,
1370 2623 1439 2668 oum
1451 2606 1601 2670 Dominus
1613 2605 1698 2680 dixit,
1707 2621 1783 2670 aon·

21 2687 171 2748 ultimam
198 2696 228 2748 et
242 2687 453 2766 longissimam
482 2689 664 2750 censionem
692 2689 825 2750 habitam
848 2691 884 2750 ad
931 2695 1131 2753 summatum
1146 2699 1204 2754 est:
1220 2697 1294 2752 tana
1309 2690 1391 2753 eninr
1407 2689 1499 2752 Dnem
1515 2689 1635 2768 raaeutt
1650 2693 1785 2770 ueremi·

19 2769 203 2846 discipulos
218 2779 288 2847 nost
302 2788 444 2835 eoenam.
458 2771 592 2836 Proinde
609 2780 680 2834 turre
693 2788 887 2833 eonsumma-
933 2773 1015 2834 natio
1037 2773 1107 2835 Filii
1124 2774 1175 2838 Dei
1190 2774 1272 2836 inter
1288 2773 1443 2842 homines.
1458 2785 1550 2852 quem
1565 2771 1717 2852 praedixit
1730 2773 1785 2836 lio·

23 2851 69 2912 rit
88 2853 220 2930 primum
237 2871 328 2928 onus.
347 2858 427 2930 qued
452 2857 479 2917 ei
503 2855 590 2916 Pater
605 2853 791 2924 injunxerat.
807 2853 886 2916 Alte·
932 2857 1019 2930 roob,
1037 2873 1107 2920 eum
1123 2861 1182 2918 ait:
1197 2857 1255 2919 Hie
1271 2856 1415 2919 eatDens
1427 2861 1548 2932 noem,
1564 2863 1594 2918 et
1606 2857 1782 2920 nummasii·

21 2953 97 2996 ram
115 2952 195 3014 opus
211 2947 275 2998 erat
291 2939 418 3002 bibendi
434 2941 563 3002 eatieem
588 2939 753 3012 passionis,
771 2939 886 3016 dequo
931 2937 1075 3002 moditor
1099 2941 1186 3004 alias
1211 2940 1366 3002 adamans
1392 2954 1478 3002 eom.
1494 2937 1552 3002 Hie
1565 2939 1783 3004 adimentia·

22 3017 183 3080 Dominus
200 3021 240 3080 ait
256 3039 264 3080 ε
280 3021 413 3084 Potestis
429 3021 537 3084 bibere
550 3022 696 3091 salicem,
712 3035 809 3100 qoem
830 3038 887 3100 aaa
932 3037 1041 3084 moena
1055 3024 1156 3086 attam
1171 3024 1379 3100 desipimus,
1394 3029 1423 3083 et
1434 3021 1571 3085 tradidit
1583 3021 1677 3084 iliram
1687 3021 1785 3088 ineat

23 3101 193 3165 bibituros
215 3104 315 3166 eom?
330 3102 464 3188 (Maron.
480 3105 532 3166 Pb.
550 3108 559 3178 )
575 3111 605 3166 et
620 3105 716 3165 aiibi:
737 3102 886 3178 Calicem,
931 3121 1034 3182 auaro
1049 3121 1121 3172 seo.
1144 3111 1173 3170 et
1195 3105 1298 3168 lsrael
1318 3105 1434 3167 diiecto
1458 3119 1529 3172 ooo.
1544 3102 1620 3166 Post
1643 3103 1723 3169 boae
1748 3109 1786 3168 itt

22 3202 128 3262 quem
140 3187 227 3248 dedit
240 3187 322 3250 mibi
335 3191 440 3250 Pater.
454 3204 524 3251 noa
535 3187 645 3250 bibam
656 3185 886 3265 ilinml(ioarr.
933 3189 1128 3251 termsoisos
1142 3193 1198 3262 est,
1216 3196 1245 3252 et
1269 3204 1344 3250 eam
1367 3187 1553 3251 asmodeus
1579 3195 1785 3252 ennoematas

22 3267 97 3344 18.)
115 3269 158 3330 De
175 3271 233 3330 boa
249 3271 342 3346 igitur
359 3271 509 3333 Dominus
525 3271 682 3348 proximas
704 3272 806 3337 marti,
822 3271 886 3344 ait;
936 3278 993 3331 ast.
1009 3269 1023 3350 (
1034 3271 1174 3334 Barneb.
1192 3268 1249 3354 3.)
1266 3269 1303 3347 lit
1327 3271 1420 3333 simul
1444 3283 1513 3332 eum
1536 3269 1785 3351 peregrinatione

26 3351 300 3416 consummatum
314 3359 380 3423 est,
398 3355 526 3418 salicem
547 3359 631 3416 enim
648 3352 776 3416 exhausi
792 3361 887 3414 toxam
934 3353 1026 3414 baem
1042 3354 1164 3431 aceepit
1186 3353 1263 3418 ritae
1279 3353 1415 3416 mortalis
1437 3352 1573 3416 eonditio
1588 3400 1596 3424 ,
1613 3355 1784 3417 seeundum

25 3440 183 3511 usquead
201 3437 314 3508 laenam
327 3439 406 3499 nibil
420 3439 479 3516 jam
494 3443 649 3515 superest,
662 3436 725 3497 nisi
739 3443 770 3494 at
781 3435 887 3498 abeam
936 3453 1027 3512 qnam
1043 3439 1221 3510 esuriebat,
1238 3437 1374 3505 sitiebat,
1392 3433 1575 3510 dormiebat,
1591 3434 1783 3516 fatigabatur,

25 3534 69 3580 en
91 3524 164 3579 rita.
188 3520 226 3580 et
246 3521 408 3583 inelimata
429 3524 535 3600 canite
558 3520 696 3582 tradidit
719 3519 883 3597 spiritam.
938 3519 1060 3595 injuriis
1075 3527 1105 3581 et
1119 3519 1262 3599 flagellis,
1280 3518 1462 3582 vulneribus
1484 3524 1514 3580 et
1529 3518 1619 3582 morti
1633 3520 1787 3583 obnoxias

24 3597 143 3682 (ioan.
162 3601 241 3680 ts).
826 3654 830 3664 .
934 3612 1011 3663 erar.
1025 3602 1132 3678 Itaque
1148 3605 1199 3665 ubi
1216 3602 1293 3665 dixit
1308 3601 1449 3686 Christus
1470 3600 1500 3664 in
1518 3618 1621 3674 erues,
1638 3617 1787 3669 eonsum-

72 3683 133 3748 Sed
150 3685 297 3762 ananiam
314 3701 416 3766 neque
431 3689 582 3752 Dominus
598 3688 681 3762 inse.
697 3699 798 3759 uentre
813 3684 888 3748 San·
933 3691 1057 3746 matam
1070 3691 1126 3749 est:
1137 3687 1173 3748 Di
1182 3687 1343 3748 inelimato
1354 3687 1459 3763 eapite
1471 3685 1612 3748 tradidit
1621 3687 1784 3764 spiritum:

25 3773 101 3829 atus
115 3767 264 3838 loannes,
278 3771 417 3834 brevitati
434 3773 646 3840 consulentes,
660 3768 890 3848 explicaverunt
936 3777 1180 3832 consummatum
1204 3783 1252 3832 est
1272 3769 1343 3838 iter,
1361 3769 1399 3830 de
1421 3783 1482 3844 quo
1498 3767 1636 3829 dixerat:
1652 3769 1787 3832 Dmiuia

28 3852 107 3928 qnid
125 3858 208 3914 esset
222 3853 296 3914 illud
315 3856 396 3932 quod
413 3861 659 3918 consummatam
676 3861 740 3924 est3
756 3852 823 3912 data
841 3862 887 3913 est
937 3849 1043 3926 Patre,
1071 3862 1099 3914 et
1123 3854 1200 3914 oeni
1224 3853 1261 3912 in
1285 3851 1468 3913 mundum:
1493 3851 1609 3912 Derom
1634 3851 1785 3932 relinquo

27 3935 126 3995 nobis
141 3941 263 3998 desasto
278 3938 315 3999 ad
333 3938 420 4013 plura
437 3937 594 4018 mysteria.
611 3951 671 4000 non
689 3935 756 3997 sine
772 3935 889 3995 ratione
933 3935 1105 4008 mondum,
1122 3943 1151 3997 et
1163 3937 1248 3997 ando
1264 3937 1310 3997 ad
1323 3933 1462 3996 Patrem.
1480 3929 1599 4015 (Jonn.
1618 3933 1666 3997 lb.
1682 3939 1693 4012 )
1709 3933 1785 3997 Cou-

29 4017 191 4091 miruolo,
211 4019 285 4082 illud
308 4022 495 4098 applicandi.
512 4021 647 4082 Primam
672 4019 767 4097 igitur
783 4017 815 4079 S.
831 4018 890 4079 da·
936 4023 1086 4078 summata
1100 4028 1146 4081 est
1158 4018 1363 4090 neregrinstio
1376 4016 1656 4093 laboriosa,deaua
1668 4017 1783 4080 dietum

28 4101 176 4180 gostinus
190 4103 222 4162 in
237 4105 458 4168 commentario
474 4106 567 4180 bajns
583 4102 661 4174 inei,
679 4101 770 4164 reiert
785 4116 887 4162 roeenr
934 4104 998 4160 erat
1019 4119 1034 4158 a
1049 4099 1193 4164 ieremia.
1210 4101 1399 4178 llmpectatio
1421 4099 1534 4176 maol,
1551 4099 1701 4162 Salvator
1716 4102 1784 4180 ejus

27 4185 130 4249 illam.
140 4196 401 4248 consummatam
412 4193 468 4262 est,
482 4191 518 4247 ad
532 4187 741 4261 impletranem
756 4185 888 4261 Praebe—
934 4185 971 4242 io
991 4189 1131 4262 tempore
1153 4183 1396 4248 tribulationis:
1413 4198 1514 4260 qnare
1539 4184 1636 4262 qnasi
1650 4184 1783 4246 colonos

28 4269 156 4334 tiaram.
173 4285 251 4345 ause
276 4269 315 4331 de
337 4269 405 4348 ipsa
428 4274 526 4331 erant.
552 4269 663 4332 Seiana
678 4267 759 4330 enirn
783 4266 885 4334 Jeeus,
932 4263 1062 4340 saturare
1077 4284 1109 4328 es
1124 4269 1160 4330 ia
1174 4277 1271 4338 terro,
1290 4274 1318 4328 et
1330 4268 1427 4346 qnasi
1436 4265 1543 4328 oiator
1556 4265 1726 4329 destinans
1738 4266 1784 4328 od

28 4349 135 4427 inquit
150 4347 355 4431 Drangaiista.
369 4354 530 4431 quiajam
541 4355 654 4414 omnin
665 4357 890 4414 consummata
932 4351 1162 4412 manendam?
1177 4347 1254 4433 (ier.
1270 4346 1339 4429 tl.)
1354 4348 1570 4411 consummata
1586 4354 1636 4410 est
1648 4351 1782 4412 mortaii-

29 4434 135 4507 erant,
151 4440 187 4495 ot
201 4442 483 4499 consummaretur
496 4438 669 4513 scriptura,
687 4436 784 4505 diaeta
800 4433 885 4494 sitta:
935 4438 979 4494 tas
999 4434 1196 4495 humanitatis
1211 4432 1294 4510 eius,
1311 4442 1342 4492 et
1358 4439 1567 4494 consummata
1583 4437 1782 4508 estnotesias

30 4522 65 4580 et
80 4513 171 4592 paulo
187 4524 266 4595 post,
283 4529 410 4599 aeeepto
433 4527 532 4592 noeto,
549 4525 809 4581 consummatam
831 4523 887 4588 ad,
934 4515 1069 4575 omniurn
1088 4516 1281 4578 inimicorum
1304 4515 1371 4594 ejus
1397 4515 1427 4574 in
1449 4513 1564 4590 ipsum.
1582 4513 1693 4581 Tertio.
1711 4531 1783 4578 eon-

30 4602 64 4662 id
83 4606 143 4670 est,
160 4599 319 4678 impletam
336 4608 384 4664 est
406 4601 493 4676 illud,
510 4605 591 4681 quod
615 4607 772 4678 supererat
793 4599 889 4661 adira-¹
934 4605 1119 4661 summatum
1145 4607 1192 4660 est
1206 4597 1392 4662 saeritleium
1408 4597 1544 4658 omnium
1561 4598 1782 4660 sacrificiorum

31 4685 199 4762 piendum.
216 4683 260 4748 ur
274 4702 335 4763 quo
351 4685 563 4766 intelligimus,
578 4685 666 4748 etiarn
679 4683 764 4746 illurn
777 4683 888 4744 voluis·
934 4681 1110 4756 maximnm,
1126 4688 1157 4746 et
1171 4683 1203 4743 in
1217 4680 1300 4759 quod
1315 4679 1417 4742 omnia
1433 4679 1580 4742 saeriilais
1603 4680 1779 4743 reterisbe·

31 4784 70 4828 se
94 4765 210 4838 dicere,
237 4777 446 4830 consummata
473 4772 503 4830 et
528 4770 691 4845 adimpleta
718 4767 780 4846 jum
805 4781 887 4834 esse.
932 4763 992 4842 gis,
1008 4769 1160 4844 tamquam
1183 4764 1299 4844 figurae
1324 4770 1354 4826 et
1377 4762 1523 4836 umbrae,
1540 4764 1572 4824 in
1594 4763 1779 4826 saeriileium

33 4865 118 4924 auae
134 4852 173 4912 de
187 4850 285 4920 insius
299 4852 358 4913 rita
373 4860 403 4914 et
417 4861 513 4913 morte
530 4851 715 4928 praediatus
730 4851 889 4927 Prophetas
934 4863 1037 4908 reram
1060 4857 1091 4910 et
1105 4848 1237 4910 solidum
1254 4846 1463 4909 intuebantur.
1480 4845 1530 4908 Sia
1545 4846 1627 4908 enim
1645 4847 1780 4926 loquitur

32 4931 171 4996 inerant.
186 4933 265 4995 Vere
280 4935 361 4995 enirn
375 4935 478 4996 amnia
494 4937 647 5014 praedicta
663 4935 794 4995 inerant.
812 4930 891 4994 Can·
933 4937 1059 4992 sanetus
1073 4931 1146 4994 Leo.
1164 4931 1305 4993 Promisti
1317 4930 1451 4993 Domine
1466 4929 1579 4990 omnia
1592 4931 1637 4992 ad
1647 4934 1687 5002 te,
1700 4945 1779 5008 qoo-

33 5017 142 5093 eeptio
156 5035 164 5075 r
180 5015 260 5080 ane
274 5018 364 5098 uiryo
390 5019 558 5096 eoneiuiat.
574 5016 716 5080 Nativitas
743 5018 773 5075 tn
800 5015 888 5075 lietb·
933 5013 1026 5075 aiam
1049 5016 1146 5078 scisso
1160 5015 1270 5092 templi
1289 5014 1380 5087 uelo,
1397 5011 1518 5074 Sancto
1532 5011 1725 5074 Sanctorum
1738 5012 1780 5076 ab

33 5101 133 5162 leem:
151 5100 408 5164 boxamauream
423 5101 578 5180 prrnta.
596 5095 758 5182 ete.(1so.
777 5097 832 5166 l.)
848 5114 890 5162 am
932 5096 1081 5176 indignis
1101 5095 1306 5172 Pontificibus
1330 5101 1542 5166 recesserunt,
1565 5104 1601 5156 nt
1622 5093 1730 5176 fiabra
1742 5096 1780 5158 in

34 5189 66 5244 te
81 5183 169 5246 mibi
182 5185 366 5261 aaredietor
380 5185 437 5263 qui
460 5185 502 5246 sit
516 5185 699 5247 dominator
721 5182 761 5243 ia
775 5181 887 5244 lsrael.
932 5182 1110 5257 veritatem,
1124 5178 1296 5259 Prophetis
1308 5181 1347 5241 in
1356 5177 1660 5255 manifestationem,
1674 5185 1703 5240 et
1712 5177 1780 5244 Lem

35 5265 147 5346 (Mieb.
164 5263 211 5348 2.)
228 5265 383 5341 isaaritis
399 5283 494 5328 norae
509 5268 638 5330 stellae:
657 5265 784 5328 merar-
795 5267 889 5327 stelia
933 5267 970 5326 io
982 5259 1514 5343 emanantiumveromadensem&
1528 5263 1568 5324 de
1580 5261 1778 5340 Paeanem.)

36 5366 84 5411 em
99 5348 210 5410 iareb.
232 5348 350 5430 (Nom.
367 5346 444 5431 tt.)
469 5349 611 5412 adoratio
633 5351 772 5427 Regum.
788 5347 888 5424 lienes
935 5355 964 5408 et
979 5348 1071 5424 paulo
1087 5352 1167 5423 nost:
1184 5347 1271 5408 dane
1283 5345 1778 5425 carnaliamsaerisreioromoa·

38 5433 171 5495 Tborsr's
186 5440 215 5493 et
228 5433 359 5495 insulae
375 5449 514 5494 munero
527 5429 671 5512 offerent.
686 5431 837 5512 (Psalmi
849 5429 889 5514 ι.)
933 5431 1047 5493 rietate
1061 5436 1228 5495 cessante.
1246 5444 1354 5491 omnes
1373 5424 1572 5504 differentias
1588 5429 1777 5502 bestiarum,

35 5515 229 5580 Praestentio
246 5517 412 5592 Evangelii:
428 5516 566 5593 Spiritus
577 5516 887 5592 Dominisrrparare.
933 5529 1004 5576 rma
1018 5515 1160 5591 eorporis
1175 5520 1204 5574 et
1216 5511 1390 5591 sanaminia
1410 5511 1460 5572 tui
1472 5510 1585 5588 implet
1597 5512 1728 5575 ablatio.
1745 5509 1779 5572 ln

35 5601 87 5662 ad
101 5600 370 5661 annuntiandam
385 5601 562 5662 orarmoetis
576 5599 661 5660 misit
676 5615 737 5660 me.
756 5597 888 5679 (laada.
935 5599 995 5660 boo
1010 5597 1090 5660 enim
1107 5596 1218 5660 Christi
1234 5594 1386 5656 saeriilaio
1408 5595 1554 5657 sacerdos
1569 5602 1616 5657 est
1629 5593 1712 5655 Deos
1727 5591 1781 5656 ho·

36 5683 107 5746 isa.
125 5681 190 5760 33.)
206 5681 348 5744 ilrrarnla
363 5700 370 5743 :
388 5681 470 5748 Deos
482 5686 552 5762 ipse
572 5685 689 5754 ueniet,
712 5687 742 5743 et
754 5682 891 5746 salvabit
936 5697 985 5742 mo
1000 5699 1009 5758 ς
1026 5695 1089 5757 ιιι,
1105 5695 1201 5756 erux;
1216 5676 1414 5754 saerilieiont3
1425 5675 1532 5757 bnans
1544 5676 1613 5740 Dei:
1629 5675 1710 5756 iguis
1725 5677 1780 5742 bo·

155 5785 308 5843 seraranan
323 5785 353 5842 V.
368 5785 411 5842 Vl.
1603 5772 1640 5834 55
