4044 6256
827 285 1116 350 urunurunrrus
1342 242 1344 246 ¹
1707 287 1762 349 aas

11 375 28 505 ξ
60 421 248 488 huiuamodi
263 425 369 491 serbis
384 421 564 504 pudicitiam
581 437 669 486 auam
693 419 824 486 bomine
846 435 930 485 cnm·
975 425 1139 500 uirumque
1154 423 1316 502 populum,
1340 421 1494 486 banorum
1517 423 1640 488 scillcet
1665 428 1696 484 ct
1721 421 1837 502 buglo-

11 542 26 592 ῃ
59 506 255 570 mandabat:
272 506 345 570 lesu
362 510 457 577 bona,
474 511 524 567 tua
541 504 698 582 cuondam
713 502 929 568 misericordia
974 520 1087 576 rum,a
1112 509 1239 582 peccalo
1263 506 1444 584 pariter,ei
1465 505 1602 583 periculo
1626 505 1779 567 liberarit.
1805 503 1841 565 Et

17 632 26 656 ,
60 594 129 651 tres
146 605 262 667 pueros
277 591 357 652 inter
371 587 511 652 ilamuras
528 586 708 650 cbaldaioas
724 589 850 650 illaesos
864 601 930 649 ser·
975 585 1114 663 spemin
1132 587 1261 650 bomine
1276 587 1342 652 beu
1359 603 1439 664 mco,
1458 594 1487 649 et
1503 588 1533 648 in
1548 588 1727 651 dulcissima
1744 595 1842 648 matre

11 665 23 737 i
59 673 158 735 verit.
177 671 233 733 Per
248 675 279 734 te
294 671 422 750 ioseph,
434 671 544 732 relicto
557 671 652 747 pallio
663 671 695 732 iu
709 668 854 731 manibus
865 683 942 742 mea
976 669 1057 744 eius,
1075 670 1156 746 quod
1175 670 1367 747 {emporibus
1383 671 1461 732 meis
1477 671 1597 732 nullum
1609 669 1738 742 habebit
1749 684 1843 732 cona·

11 735 24 831 ζ
60 754 202 838 ratricis,
218 769 289 816 cum
313 753 400 817 titulo
422 751 572 816 castitatis
595 751 705 814 erasti.
729 751 930 814 admirabilis
975 755 1025 813 lus
1040 765 1147 813 eorunr
1164 747 1323 814 effectum.
1339 752 1424 815 llaec
1438 758 1522 829 sunl,
1548 753 1627 830 duno
1650 751 1771 815 cbristo
1793 767 1843 812 rc·

11 824 22 844 ⁸
58 833 229 897 susannae
255 835 453 911 coustumia,
483 840 531 896 tua
558 833 670 897 virtute
697 834 737 895 de
763 833 931 908 impudicis
974 833 1096 896 velante
1111 836 1254 912 cognovi,
1276 843 1304 896 ei
1318 834 1393 904 uidi,
1411 843 1441 897 et
1462 834 1529 910 risi,
1553 843 1583 896 et
1604 838 1730 912 gavisus
1752 849 1836 896 som.

11 961 23 1012 Ε
60 917 260 996 presbyteris
286 917 497 996 triumpharit.
522 917 653 978 sanctae
674 915 776 978 Iudith
804 915 930 978 castilas
976 916 1081 978 liisurn
1098 917 1181 977 enirn
1196 917 1270 978 milri
1283 917 1571 987 ieciibominos,al
1584 919 1838 993 cuicumquean·

11 1035 20 1108 ἴ
58 999 101 1060 ab
118 998 287 1064 Holuierne
299 1016 360 1063 neo
376 1000 438 1062 ledi
451 998 631 1076 potuii,uec
645 997 857 1061 lentarilicce
870 1013 929 1076 ego
977 999 1080 1074 dierit,
1098 999 1266 1060 corridebit
1281 1001 1369 1061 mibi.
1385 998 1533 1061 liniantur
1555 1004 1677 1078 ternpus
1701 1008 1732 1060 ai
1755 1000 1842 1070 bora,

11 1115 19 1181 t
59 1096 176 1145 seruus
192 1089 276 1158 tuus,
293 1088 326 1144 ot
339 1082 423 1146 iilius
439 1080 569 1142 ancillae
585 1086 832 1156 loae‚·succurre
855 1079 931 1142 mibi
976 1082 1140 1143 mittuntur
1156 1083 1260 1142 nuncii
1278 1081 1309 1143 in
1326 1082 1464 1152 baalam,
1479 1089 1509 1141 at
1522 1084 1623 1143 omnia
1637 1097 1716 1160 quae
1729 1080 1842 1142 beatis·

57 1163 212 1238 Domine,
229 1171 384 1244 quatenus
406 1165 454 1225 sio
475 1165 615 1225 maritale
637 1164 807 1240 suscipiam
830 1177 930 1224 sacra·
975 1163 1056 1224 simo
1072 1163 1146 1240 ilugi
1163 1164 1294 1226 caelitus
1306 1164 1593 1238 nunciataiueranl,
1606 1181 1676 1228 uera
1691 1163 1841 1226 cicadam

11 1215 19 1346 ²
56 1251 218 1316 mentum.
236 1255 270 1311 ut
285 1247 453 1328 pudicitiae
475 1246 647 1321 periculum
672 1261 733 1306 nou
759 1247 928 1307 incurram.
976 1245 1050 1306 bore
1067 1246 1220 1308 accidisse
1236 1253 1356 1324 reporta
1373 1255 1458 1310 suni.

57 1328 149 1408 Rege
165 1329 259 1408 igitur
275 1345 441 1410 procerum
457 1329 604 1390 uoluntati
629 1343 820 1392 consensum
844 1343 931 1405 prae·
976 1357 981 1364 ·
1019 1328 1267 1390 succedentibus
1290 1332 1392 1402 itaque
1417 1329 1598 1406 prosperis,
1623 1330 1686 1392 lter
1709 1327 1771 1389 uoti
1792 1329 1841 1390 sui

11 1387 18 1514 f
57 1411 161 1474 benle
177 1431 185 1488 3
202 1413 354 1476 (lodorini
371 1409 568 1473 tiliamduxit
583 1413 614 1472 iu
632 1425 773 1473 onorem.
792 1409 863 1471 Erat
878 1428 931 1472 au·
976 1427 1174 1488 nequaquam
1190 1413 1318 1483 oblitus,
1337 1413 1510 1492 recogitans
1526 1419 1637 1489 quonia
1655 1411 1715 1474 sibi
1732 1412 1844 1473 iecerit

59 1501 124 1556 lcm
143 1494 324 1558 Goduriuns
339 1495 385 1555 uir
401 1508 581 1573 magnarum
604 1507 699 1570 opum
722 1492 779 1555 scd
802 1491 932 1555 astutiae
976 1492 1139 1568 Dominus,
1167 1496 1218 1571 qui
1243 1492 1347 1554 ditarit
1369 1511 1516 1571 egenum,
1540 1495 1717 1557 sublimauit
1741 1497 1844 1556 bomi-

11 1553 17 1660 ξ
57 1577 242 1657 singularis,
262 1578 390 1656 ltegum,
408 1575 570 1654 Ragnique
587 1575 737 1652 proditor,
751 1575 804 1653 qui
821 1579 931 1638 doctus
975 1576 1049 1647 leur,
1068 1577 1418 1654 ingloriumcorouavi13
1437 1584 1521 1653 parat
1536 1578 1668 1640 reddere
1685 1584 1752 1640 rota
1771 1593 1841 1647 sua,

11 1661 17 1684 ⁸
59 1660 186 1734 tallere,
206 1667 237 1722 et
251 1659 412 1736 quaelibet
427 1657 626 1720 dissimulare
642 1669 822 1734 consuetus
840 1657 931 1719 iucile
976 1665 1062 1736 paral
1077 1663 1232 1735 sumpius,
1251 1667 1335 1734 parat
1351 1661 1491 1722 denaria.
1509 1660 1630 1721 vocalis
1652 1667 1755 1721 autem
1783 1660 1840 1720 lte-

11 1721 16 1766 '
59 1743 214 1821 populum
231 1744 267 1804 ad
285 1740 452 1804 cuiuslibet
466 1739 611 1802 iectionis
632 1739 801 1802 inclinabat
822 1755 931 1802 essen·
977 1742 1029 1818 gui
1046 1742 1239 1818 proceribus,
1258 1740 1365 1803 babuit
1380 1759 1450 1804 curn
1468 1742 1514 1802 eis
1527 1743 1657 1804 destatu
1672 1743 1781 1823 llegni,
1796 1744 1845 1804 rel

11 1809 16 1850 ⁵
58 1840 148 1887 sum.
173 1824 236 1887 Sed
258 1825 341 1886 sicut
361 1825 453 1901 spina
476 1837 598 1894 rosam,
623 1823 731 1900 genuit
752 1821 931 1885 Goduriuus
977 1825 1015 1885 de
1039 1840 1095 1885 sue
1119 1824 1369 1902 peregrinatione
1393 1839 1592 1889 sermonem.
1618 1827 1752 1896 dicens3
1778 1825 1841 1888 lien

11 1927 12 1932 ¹
57 1906 230 1984 Egdidam.
247 1905 334 1968 Hanc
356 1907 471 1968 dilecto
493 1919 551 1968 suo
574 1904 768 1984 praepararit
791 1903 932 1968 Christus
976 1906 1603 1984 exciditvobisquemodoirrueotibosiu
1619 1909 1842 1970 haereditatem

11 1975 14 2032 ¹
60 1991 221 2068 ilduardo,
246 1989 405 2066 inspirans
428 1990 456 2050 ei
480 1987 518 2050 ab
541 1991 609 2066 ipsa
633 1986 759 2050 iuinniia
781 1990 931 2050 castitalis
972 1988 1842 2068 nostrambarbaris,iactisnmusopprobriumricinis
1912 2033 1917 2040 .

11 2061 15 2102 ¹
59 2087 215 2145 amoram,
233 2071 339 2134 odium
355 2071 512 2148 uitiorum,
524 2071 645 2133 uirtutis
660 2067 820 2133 allecium.
834 2071 931 2148 Lege·
975 2071 1105 2146 nustria,
1122 2071 1326 2134 subsannatio
1342 2077 1373 2132 et
1389 2072 1493 2136 illusio
1510 2073 1571 2145 his,
1590 2073 1642 2150 gui
1660 2075 1690 2134 ln
1707 2073 1838 2135 circuitu

11 2141 13 2186 ¹
60 2170 110 2228 ra,
129 2161 182 2217 aut
196 2155 319 2232 operari
335 2155 491 2228 manibus,
504 2155 607 2214 ocium
621 2153 782 2232 fugiendo,
797 2168 929 2215 cousue-
978 2163 1084 2217 nostro
1099 2161 1184 2215 suni.
1198 2154 1274 2215 Aliis
1288 2171 1422 2231 uanique
1435 2155 1619 2227 interiectis,
1634 2156 1842 2234 aliis-iugatis,

11 2227 14 2270 ¹
59 2237 104 2299 rit
119 2239 277 2299 lasciuiam
292 2237 399 2308 uitare,
418 2244 448 2296 at
463 2235 779 2314 colloquiajoreuom
792 2236 930 2298 declina·
975 2235 1044 2298 aliis
1060 2238 1132 2316 iugo
1147 2236 1374 2313 ignominiosae
1391 2237 1548 2300 servitutis
1564 2239 1738 2317 oppressis,
1762 2239 1843 2299 nibil

11 2325 13 2404 ξ
59 2335 109 2382 re.
122 2318 387 2383 convenientibus
403 2318 496 2396 igilur
511 2319 542 2380 io
559 2335 669 2390 unum,
684 2319 748 2382 ilex
767 2324 798 2380 et
812 2319 929 2396 liegina
975 2318 1040 2379 iere
1057 2318 1197 2394 honoris,
1215 2319 1294 2380 nihil
1310 2319 1427 2397 gloriae
1443 2326 1549 2381 nostro
1572 2324 1680 2398 generi
1705 2321 1844 2400 relique-

11 2406 12 2438 ³
60 2403 102 2465 de
119 2403 260 2465 castitate
276 2401 429 2462 servanda
446 2403 660 2479 paciscuntur,
678 2415 737 2463 nec
759 2402 833 2462 lruic
855 2401 929 2464 ildei
975 2405 1057 2466 runt.
1074 2400 1211 2462 Tandem
1228 2400 1376 2463 deiunclo
1394 2410 1479 2478 patre
1497 2417 1577 2475 meo,
1597 2406 1768 2480 peremptis
1785 2404 1844 2464 ira·

60 2485 171 2559 alium,
188 2499 279 2563 quarn
292 2483 389 2546 Deum
403 2489 512 2545 testem
526 2483 691 2546 aestimant
703 2484 928 2546 adhibendum.
974 2485 1086 2554 tribus,
1103 2484 1179 2544 aclis
1195 2483 1226 2545 in
1244 2483 1371 2546 exilium
1396 2486 1576 2561 nepotibus,
1601 2490 1631 2546 et
1653 2503 1722 2548 cunr
1747 2486 1844 2548 busti·

11 2577 12 2600 1
59 2567 182 2631 Fitilla
206 2568 320 2630 conlun
345 2573 462 2638 mente,
488 2581 552 2629 nou
578 2581 695 2644 camc;
722 2568 775 2628 iile
802 2566 931 2628 marius
975 2566 1843 2646 busuoslrisinomnibnslortunaiueratmibipru·

62 2655 183 2727 mente,
201 2665 265 2713 non
280 2664 389 2725 opere.
405 2648 584 2712 Perseverat
599 2649 681 2710 inter
696 2663 752 2712 eos
768 2651 838 2712 sine
860 2657 930 2712 actu
973 2650 1056 2712 lertio
1067 2649 1146 2711 nibil
1158 2650 1226 2728 spei
1238 2665 1409 2727 superesse
1421 2649 1670 2730 videbaturego
1683 2667 1756 2714 reru
1770 2667 1844 2713 cou-

60 2732 221 2812 oeuiogali
237 2731 411 2810 coniugalis
426 2727 568 2808 atl'eclus,
586 2731 703 2794 alsine
724 2731 928 2794 defloratione
973 2738 1017 2794 ira
1034 2746 1121 2809 spem
1140 2732 1171 2792 in
1189 2745 1277 2808 spem
1294 2735 1440 2810 credens,
1458 2739 1488 2794 et
1504 2732 1623 2794 bomini
1641 2734 1701 2796 mei
1720 2734 1842 2796 miseri·

59 2815 261 2894 uirginitatis,
279 2821 384 2878 castae
399 2813 579 2876 dilectionis
594 2815 767 2891 amplexus.
785 2813 930 2892 llrllgitur
973 2813 1098 2877 cordiae
1114 2830 1162 2874 me
1179 2821 1274 2877 lutum
1291 2814 1421 2884 dedens,
1440 2815 1721 2893 peregrinationem
1735 2831 1834 2879 meam

62 2900 132 2970 ille,
151 2898 285 2960 sednon
304 2899 514 2975 corrumpitur
529 2913 538 2974 3
555 2897 695 2975 diligitur
709 2897 774 2973 illa,
792 2902 928 2958 nectan-
972 2893 1011 2960 a'd
1027 2895 1209 2959 Sanctorum
1226 2895 1442 2975 Apostolorum
1464 2898 1572 2960 limina
1596 2899 1674 2972 rori,
1699 2906 1728 2962 ei
1750 2899 1839 2960 dein-

60 2981 157 3062 gilor,
174 2989 205 3043 et
221 2981 307 3058 quasi
325 2996 401 3042 noua
418 2979 570 3058 quaedum
586 2980 702 3058 Abisag
716 2979 832 3059 Regem
849 2980 929 3041 cale·
969 2993 1049 3057 ceps
1064 2979 1187 3042 diuinae
1202 2995 1252 3041 me
1264 2979 1462 3056 protectioni,
1478 2981 1741 3058 dispositionique
1754 2997 1838 3043 com·

60 3063 134 3126 lacit
150 3077 267 3132 amere,
284 3065 340 3124 sed
357 3077 418 3124 non
436 3061 579 3124 dissoluit
591 3061 733 3136 libidine,
747 3061 929 3124 mulcetob-
973 3062 1058 3125 misi
1083 3063 1139 3124 llte
1156 3067 1256 3124 autern
1274 3064 1412 3140 respexit
1426 3063 1456 3123 in
1473 3061 1644 3123 orationem
1670 3079 1782 3139 meam,
1806 3071 1837 3125 et

60 3144 196 3224 sagulis,
214 3145 270 3207 sed
287 3143 454 3206 desideriis
469 3159 532 3207 ucn
549 3145 679 3206 emollit.
975 3159 1038 3205 non
1055 3144 1172 3221 spreuit
1187 3159 1309 3220 precem
1327 3161 1440 3217 meam,
1455 3151 1485 3205 et
1496 3143 1623 3206 abstulit
1637 3145 1838 3224 opprobrium

104 3229 243 3305 Quadam
259 3243 332 3288 reru
348 3226 398 3289 die
415 3227 626 3297 Pentecosies,
644 3243 714 3288 cum
730 3225 794 3288 Rex
816 3225 929 3289 diuinis
974 3241 1089 3295 meum,
1107 3232 1136 3288 et
1151 3228 1280 3289 restituit
1299 3242 1347 3288 me
1361 3227 1390 3288 in
1409 3241 1538 3303 regnum
1557 3227 1653 3302 patris
1665 3227 1738 3289 mei.
1751 3226 1840 3290 Insu-

62 3307 930 3389 intercssatmysteriishuruelevationiscorporiscbri·
976 3325 1034 3387 per
1050 3311 1238 3371 rumutaruru
1256 3307 1382 3382 diuitiis,
1399 3310 1481 3370 auxii
1496 3307 1606 3388 gloria,
1624 3311 1714 3372 donis
1736 3311 1837 3372 caele-

63 3393 115 3465 sti,
133 3393 241 3456 subilo
254 3391 316 3454 ilex
337 3392 422 3454 rolin
446 3391 584 3466 hilarior,
608 3398 639 3454 et
660 3397 793 3455 erectior
814 3391 927 3458 ocutis,
972 3392 1074 3454 stibus
1090 3391 1274 3454 illustrauit:
1291 3391 1363 3468 lpse
1379 3391 1447 3453 sine
1464 3393 1616 3470 sangnine
1640 3391 1774 3455 rebelles
1789 3408 1841 3456 su·

62 3477 93 3538 iu
111 3476 209 3538 risum
227 3475 396 3552 modicum,
413 3477 531 3537 serrata
547 3479 650 3536 tamen
673 3473 927 3554 regiagraritate,
973 3473 1072 3552 begit,
1092 3474 1200 3536 nostes
1222 3472 1384 3545 subuertit,
1410 3481 1440 3536 et
1462 3473 1564 3535 omnia
1588 3481 1691 3537 nostra
1716 3474 1839 3538 amabili

62 3557 252 3622 dissolvitur.
263 3557 377 3620 llirari.
391 3559 442 3633 uui
456 3557 585 3618 aderant
596 3560 775 3634 caeperunt,
790 3571 847 3619 nee
858 3557 928 3620 siue
973 3556 1100 3632 quidem
1116 3573 1193 3635 pace
1209 3559 1397 3634 composuit.
1410 3556 1495 3619 llbsii
1508 3561 1541 3618 nt
1553 3563 1607 3633 toi,
1622 3563 1655 3621 ci
1668 3557 1758 3621 laniis
1770 3559 1841 3620 eius

62 3657 169 3714 causa,
187 3655 257 3703 cum
274 3644 399 3718 praeter
414 3639 674 3702 consuetudinem
693 3638 723 3700 id
734 3640 763 3702 el
776 3639 929 3702 accidisse
973 3639 1139 3701 banellciis
1154 3639 1350 3701 inveniamur
1366 3640 1475 3718 ingrati
1490 3655 1499 3716 3
1517 3640 1591 3716 quin
1610 3642 1712 3718 polius
1727 3641 1766 3702 de
1778 3655 1841 3702 ma·

62 3723 362 3788 sciebant-‚Peractis
374 3728 477 3783 autem
492 3722 655 3784 liissarom
667 3722 842 3798 solemniis,
857 3739 928 3784 ean·
974 3737 1017 3784 nu
1034 3721 1230 3784 inimicorum
1249 3728 1425 3784 nostrerum
1442 3721 1576 3799 liberati,
1601 3724 1773 3785 serviamus
1795 3721 1841 3784 illi

63 3819 129 3870 saur
146 3808 232 3869 risos
246 3807 401 3868 instanter
415 3805 575 3866 adstantes
589 3803 653 3876 sibi
674 3805 787 3881 exponi
811 3809 930 3882 petunt.
969 3803 1140 3866 iniustitia
1157 3803 1341 3871 etreritale,
1365 3804 1577 3884 iaciamusque
1600 3805 1682 3883 quud
1705 3805 1749 3867 ait
1770 3817 1842 3882 pro·

64 3890 268 3964 ille,‚uiernt
286 3889 382 3949 mirac
398 3887 621 3966 simplicitatis,
638 3885 823 3965 simpliciter
838 3903 932 3965 pune·
977 3889 1081 3965 piretu,
1102 3885 1211 3950 Voueie
1226 3894 1255 3950 ct
1267 3887 1396 3950 reddite
1412 3886 1549 3953 Domino
1563 3886 1628 3950 lieo
1649 3893 1765 3950 uestro.
1782 3885 1843 3950 De·

62 3971 227 4047 rentibus,
254 3967 440 4048 simpliciter
465 3969 569 4032 omnia
595 3969 771 4044 condietur,
799 3969 931 4032 dicens:
968 3971 1096 4032 cernite
1112 3985 1187 4050 ergo
1210 3985 1332 4032 mecum
1355 3972 1513 4046 quomedo
1537 3985 1586 4031 mc
1609 3969 1841 4049 peregrinante,

64 4054 216 4120 Conuenit
230 4052 329 4115 lionis
344 4068 414 4115 cum
438 4052 523 4135 Rege
546 4068 604 4115 suo
627 4055 789 4130 antiquum
810 4052 934 4116 lacinus
978 4051 1119 4132 Regnum
1136 4051 1286 4116 subsistat
1300 4053 1480 4132 bogiorum,
1499 4069 1558 4130 qun
1572 4052 1657 4132 lege,
1673 4067 1732 4126 uua
1748 4066 1837 4130 pace,

64 4139 200 4207 iterare.
222 4141 253 4199 ei
276 4150 365 4213 quam
390 4135 482 4198 uobis
505 4135 636 4214 propitia
660 4135 804 4198 diuinitas
825 4133 932 4214 largita
977 4152 1037 4214 qua
1054 4135 1182 4211 iustitia,
1200 4152 1260 4212 qun
1277 4136 1378 4197 iudice
1395 4137 1497 4196 omnia
1514 4137 1740 4214 disponantur3
1766 4132 1837 4213 quis

64 4227 124 4296 est,
144 4219 290 4283 iulestare
305 4218 455 4298 quietern.
471 4217 507 4280 lu
522 4219 728 4296 percussione
741 4217 867 4296 quidem
880 4234 935 4280 no·
972 4222 1090 4288 casira,
1109 4218 1215 4289 urbes,
1232 4217 1358 4296 privata,
1376 4224 1406 4278 et
1429 4215 1552 4293 publicu
1576 4216 1705 4295 negocia
1729 4231 1842 4295 pruco-

65 4309 142 4380 stra,
159 4318 221 4383 qua
236 4303 392 4380 castigans
408 4301 569 4380 castigavit
579 4315 638 4363 nos
660 4299 822 4374 bominac,
847 4300 934 4378 iguo·
970 4305 1038 4363 net.
1056 4299 1120 4362 lirii
1135 4307 1236 4363 antem
1254 4315 1335 4362 unus
1351 4301 1488 4360 omnium
1506 4305 1612 4360 custos
1633 4305 1664 4362 ei
1688 4304 1845 4376 protector

64 4392 171 4449 rantes
188 4385 242 4448 ilci
259 4381 421 4461 iustitiam,
435 4388 565 4447 etsoam
579 4381 763 4446 extollentes
776 4382 932 4459 uirtutem,
977 4382 1077 4454 Deus,
1094 4387 1124 4444 et
1139 4396 1248 4460 pacem
1266 4397 1355 4458 quam
1373 4382 1470 4456 dedit,
1489 4383 1557 4459 ipse
1580 4383 1727 4458 servabit,
1751 4380 1842 4443 nobi-

65 4469 227 4532 dixerunt.
243 4465 362 4530 Munna
373 4471 487 4529 nostro
499 4463 641 4541 eacceiec,
655 4471 684 4528 et
695 4463 935 4531 neubomtuos
979 4479 1066 4527 scum
1083 4462 1299 4543 proficiscens,
1316 4470 1347 4527 et
1361 4479 1539 4538 remanens,
1557 4464 1610 4541 qui
1625 4471 1655 4528 et
1671 4480 1724 4526 rus
1739 4465 1844 4526 cusio-

11 4571 12 4610 r
65 4553 142 4632 fecit
157 4550 240 4614 boec
253 4550 379 4612 omnic.
394 4548 469 4624 Quia
486 4562 558 4613 uero
570 4548 653 4610 bens
666 4546 809 4626 patribus
820 4547 935 4610 nostris
981 4545 1055 4619 diat,
1074 4552 1105 4608 et
1121 4561 1170 4610 mc
1186 4547 1326 4610 reducat.
1343 4546 1430 4610 Tune
1446 4561 1556 4608 omnes
1571 4546 1602 4607 iu
1620 4546 1777 4610 commoni
1792 4561 1843 4608 ru·

11 4657 12 4692 r
64 4637 174 4710 iratus,
191 4633 348 4696 banorum
364 4647 423 4695 uos
439 4630 563 4696 tradidit
580 4631 734 4726 potestati,
751 4630 817 4692 suis
838 4628 871 4693 id
893 4631 935 4694 ri·
979 4629 1147 4692 eiierauies
1162 4629 1202 4692 ad
1217 4629 1343 4708 liegem,
1361 4643 1396 4690 se
1413 4645 1475 4692 non
1498 4630 1699 4704 deterendos,
1723 4644 1758 4692 se
1780 4643 1844 4690 nen

11 4731 12 4790 t
65 4717 154 4781 ribus
169 4716 345 4779 tribuentes
359 4733 369 4793 3
385 4714 476 4779 iecile
498 4716 559 4778 boc
581 4729 684 4794 ipsum
709 4718 740 4776 et
760 4728 846 4777 nunc
867 4709 934 4774 ieri
980 4713 1183 4792 exponendos
1198 4713 1322 4790 gladiis,
1336 4713 1464 4791 patriam
1481 4711 1626 4774 bosiibus
1639 4727 1699 4774 oon
1714 4711 1845 4789 prodeu-

11 4819 13 4862 t
67 4798 378 4880 pessearbitrautur,
402 4798 584 4862 nescientes
610 4795 681 4872 cuia
709 4797 761 4875 qui
787 4796 933 4874 pereutit.
979 4795 1063 4868 dam,
1081 4810 1141 4858 uec
1156 4809 1212 4874 pru
1228 4810 1302 4870 uuo,
1321 4794 1543 4874 ulpniabatur,
1561 4794 1656 4859 bono.
1675 4800 1718 4857 tot
1735 4793 1846 4856 admit·
1966 4845 1972 4854 .

11 4903 13 4948 l
67 4887 133 4963 ipse
150 4888 181 4946 et
196 4886 297 4961 saual3
312 4886 342 4944 et
357 4881 409 4961 qul
426 4878 688 4960 nurrtbcampso
705 4877 938 4949 stultitiarum
968 4877 1072 4941 tenda
1089 4876 1227 4956 pericula
1243 4878 1431 4958 allegabant.
1447 4875 1533 4940 Tunc
1551 4877 1611 4939 Rex
1632 4891 1738 4940 eorum
1761 4877 1845 4940 roci·

69 4966 121 5042 uui
137 4965 224 5030 ducit
239 4965 276 5027 ad
295 4963 425 5036 interos,
450 4963 520 5046 ipse
543 4969 574 5024 et
595 4962 730 5026 reducit.
754 4960 852 5040 igitur
873 4960 937 5024 ilex
982 4962 1041 5024 bus
1055 4966 1086 5022 et
1100 4959 1247 5038 precibus
1263 4962 1364 5040 urgeri
1381 4963 1585 5032 sesentiens,
1609 4959 1661 5022 dtu
1684 4959 1717 5021 in
1736 4960 1842 5021 animo

11 5053 15 5116 t
68 5048 203 5118 Daniae,
226 5053 333 5110 coacto
356 5045 388 5107 in
410 5062 506 5112 ouum
529 5045 687 5124 exercitu,
711 5044 862 5108 hodierna
884 5043 936 5107 dic
981 5043 1162 5121 fluctuabas
1178 5044 1249 5124 quia
1264 5051 1380 5106 eiecto
1395 5042 1604 5120 supersedere
1619 5040 1843 5120 periculosum,

11 5149 14 5202 ι
71 5133 170 5193 nentis
192 5145 249 5209 pre
270 5135 340 5193 roto
355 5126 516 5202 dantibus,
535 5144 633 5192 nares
648 5129 748 5209 parari
765 5126 935 5207 praecepit.
983 5133 1015 5191 et
1039 5131 1191 5190 buturum
1217 5125 1375 5207 precibus,
1404 5123 1595 5204 fletibusque
1621 5139 1684 5187 uon
1711 5123 1843 5194 cedere,

11 5239 14 5286 ι
70 5213 131 5275 lam
150 5212 350 5285 uaresrelis,
367 5207 936 5276 ctratarantistueroutcounirrco-
982 5208 1185 5288 inhumanum
1216 5208 1430 5272 arbitrabatur.
1457 5207 1594 5270 Tandem
1623 5204 1846 5288 peregrinatio·

11 5323 14 5372 ι
70 5298 118 5370 da,
138 5300 168 5372 pt
182 5291 245 5358 ilex
262 5294 388 5375 iniquus
400 5295 441 5357 cb
453 5295 580 5359 nimium
593 5293 774 5375 superbiam
787 5292 876 5369 quari
888 5307 936 5356 se·
982 5307 1055 5356 uem
1069 5290 1229 5368 diliarena,
1246 5293 1430 5374 expectabat
1444 5290 1545 5353 donec
1556 5289 1735 5369 Apostolico
1748 5287 1844 5351 iulius

11 5411 14 5456 Ι
70 5380 238 5459 metipsum
257 5393 319 5441 nco
332 5376 587 5451 continuandum
600 5375 768 5456 descapba
781 5373 811 5436 in
826 5389 934 5440 narem
983 5371 1750 5450 coustri0,anrrerumreurnerar,autinptcrat.
1839 5397 1852 5411 ·

11 5489 16 5538 t
72 5460 285 5525 conscendere
301 5458 405 5532 uellet,
422 5459 504 5535 pede
518 5459 620 5539 lapso,
635 5458 934 5535 interutrnurpoein
1022 5457 1155 5541 Demum
1182 5457 1319 5520 inutiles
1344 5456 1502 5532 Summus,
1525 5455 1729 5518 consideratis
1756 5465 1843 5531 prae·

11 5569 17 5626 p
71 5559 153 5605 marn
171 5541 300 5614 cerruit,
318 5551 349 5605 et
371 5543 472 5605 statim
495 5541 629 5622 abyssus
652 5541 776 5605 uallauit
796 5557 881 5616 eum,
903 5547 950 5625 ai¹
982 5539 1313 5619 missis,eidilrgenter
1325 5538 1489 5617 discussis,
1504 5537 1582 5616 Regi·
1595 5535 1757 5616 epistolant
1771 5534 1846 5598 sub·

11 5653 18 5706 ,
74 5626 203 5708 pelagus
219 5623 486 5706 coupcrnltcepui
509 5625 600 5688 clus:
624 5624 733 5706 sicque
755 5629 854 5692 morte
875 5639 933 5690 rua
982 5621 1096 5703 scripta
1126 5623 1337 5688 continentem
1363 5621 1547 5686 transmisit.
1575 5618 1638 5710 beo
1666 5619 1844 5702 lipiscopus
