4044 6256
346 325 397 384 tit
1014 321 1096 380 titt
1117 321 1143 378 S.
1165 319 1269 380 ttosts

277 469 345 523 rius
361 461 468 535 burm,
486 459 523 521 itt
545 459 707 536 incipiens
731 473 753 518 a
776 456 893 536 Moyse,
920 460 949 517 ci
974 453 1122 520 omnibus
1164 451 1225 515 ibis
1240 458 1269 514 ot
1283 453 1650 532 taadpcpaturntuun,
1663 453 1815 515 dcutioit
1828 451 1950 530 trater
1960 452 2006 512 tun

277 543 442 622 Prophetis
456 539 732 620 interpretabatur
751 539 816 602 iilis
832 542 869 602 iu
883 537 1031 602 omnibus
1044 539 1122 600 scri·
1165 535 1274 597 Acron
1287 555 1296 614 3
1309 537 1389 616 quia
1403 533 1574 616 offendistis
1589 551 1639 596 me
1651 535 1689 597 in
1710 535 1855 609 deserto,
1876 547 1945 594 nec
1958 547 2006 592 sont

273 629 388 704 piaris,
405 641 488 705 quoe
504 628 545 687 de
561 625 632 702 ipso
659 626 763 686 erunt.
791 622 927 697 Denique
955 619 1123 699 Legisintcr
1165 616 1305 695 ctificure
1317 635 1368 682 me
1381 621 1539 690 notuistis,
1555 621 1585 680 et
1599 617 1733 694 doninus
1754 619 1786 679 in
1808 619 1904 679 iibro
1919 612 2006 674 Dente

276 709 406 771 eximius
420 707 485 772 tuit.
504 715 535 768 ut
549 706 617 785 ipse
630 707 712 767 idem
726 705 838 778 Spiritu
854 709 959 765 sancto
970 703 1121 779 inspirnn·
1165 703 1307 771 ronomii.
1324 703 1399 764 dixit
1412 701 1558 766 Dominus
1571 699 1658 776 Dosi,
1671 701 1811 764 Ascende
1824 701 1871 762 in
1889 703 2006 760 nimie

279 801 318 864 te,
335 791 455 854 dicutin
472 789 719 862 Deuteronomio,
739 785 825 863 Quae
839 795 883 849 est
904 787 974 848 otia
986 802 1064 865 pens
1075 787 1122 849 sic
1164 789 1262 846 istum
1282 783 1425 858 Abarim,
1440 786 1530 858 idest,
1547 784 1785 860 transituum,in
1796 779 2006 844 montenis

274 877 450 956 incipiunt
462 871 575 936 babeat
589 871 981 949 communionibusque
994 869 1121 932 iudicia
1165 864 1203 928 bo
1217 867 1275 946 qui
1298 871 1344 930 est
1356 869 1394 930 ia
1415 875 1501 932 terra
1521 865 1615 928 Moab
1638 874 1751 930 cantra
1771 867 1899 938 terico,
1915 869 1945 924 et
1958 864 2006 926 cide

276 966 305 1019 et
317 963 504 1022 uniuersam
519 955 629 1032 iopen,
646 969 745 1034 puam
760 969 817 1032 epo
829 966 1013 1032 proponant
1025 951 1121 1015 bodie
1164 954 1286 1012 terrem
1304 949 1482 1022 chanaam,
1496 965 1594 1035 quam
1610 964 1666 1030 epo
1681 953 1810 1028 tradam
1826 947 1917 1024 titiis
1932 947 2006 1007 inat

275 1047 352 1103 anie
367 1039 634 1102 ocutosuestros?
1166 1030 1399 1113 obtinendem
1422 1042 1450 1097 et
1471 1045 1594 1095 morere
1618 1033 1655 1094 in
1676 1039 1801 1100 monte.
1825 1045 1936 1111 quem
1958 1045 2006 1090 con

314 1123 374 1186 Sea
390 1125 513 1200 quaeret
529 1120 639 1198 uliquis
654 1166 661 1194 ,
678 1135 716 1180 un
731 1119 831 1182 tiosos
846 1119 924 1180 inter
947 1123 1000 1193 tot,
1017 1122 1046 1179 et
1061 1123 1119 1178 iarn
1164 1115 1320 1178 scendeus
1345 1115 1492 1198 tanneris
1516 1113 1644 1196 populis
1665 1116 1746 1178 iuis.
1762 1117 1851 1177 sicut
1879 1117 2006 1174 norim

275 1220 401 1284 mugnus
416 1205 553 1279 virtutes,
569 1209 599 1264 ct
624 1203 713 1272 donc,
731 1217 766 1264 oc
790 1201 946 1279 pririiogie
970 1199 1036 1276 Dei,
1053 1201 1121 1263 nui·
1166 1202 1210 1259 esi
1224 1195 1331 1260 Acron
1345 1197 1448 1275 irater
1461 1205 1536 1262 tuus
1547 1200 1586 1260 in
1598 1195 1702 1259 iicute
1715 1197 1791 1276 tior,
1809 1205 1842 1258 et
1855 1196 2006 1274 appositu

275 1289 336 1349 ium
350 1283 689 1364 peccatumcdmiscrit‚
702 1283 742 1346 ob
755 1284 835 1362 quod
849 1299 864 1344 s
878 1282 941 1345 Deo
950 1284 1051 1362 puniri
1069 1299 1121 1360 po·
1148 1347 1150 1350 ,
1164 1279 1294 1360 popntc's
1307 1283 1374 1342 suis
1388 1300 1397 1361 3
1412 1283 1493 1364 quic
1506 1282 1725 1361 praevaricati
1738 1283 1814 1344 estis
1831 1283 1958 1342 contro
1974 1293 2006 1340 ru

274 1370 376 1442 tuerit,
392 1367 439 1431 rei
454 1367 603 1438 debuerit,
626 1383 661 1429 sc
677 1381 731 1446 per
755 1368 814 1428 hoc
833 1367 911 1430 uitnc
933 1366 1118 1442 innocentio,
1164 1367 1202 1425 tn
1216 1363 1321 1426 medio
1334 1360 1477 1443 fitiorum
1491 1364 1593 1428 isrcct
1606 1363 1652 1428 ad
1665 1378 1768 1444 aquas
1783 1362 2006 1427 contradictio

270 1468 340 1514 cum
362 1450 533 1514 Petriurcbe
553 1449 685 1527 Ioscpbo
701 1451 867 1527 campurcri
895 1450 1039 1526 potuerit.
1056 1449 1120 1510 Duo
1164 1443 1350 1525 cistisque
1371 1453 1471 1510 tomen
1498 1445 1732 1509 existimantium
1754 1454 1812 1522 cst,
1829 1445 1900 1508 hoc
1915 1458 2006 1521 pecco

272 1536 415 1612 teguntur
429 1533 461 1596 in
476 1532 648 1610 scripturis,
664 1549 741 1610 quoe
764 1536 886 1611 peccatu
902 1530 997 1594 rideri
1013 1539 1120 1609 potue·
1165 1536 1228 1589 ium
1245 1529 1350 1591 tiosim
1375 1530 1470 1594 inisse
1493 1528 1625 1593 letheis:
1651 1543 1720 1590 uum
1745 1545 1847 1608 poena
1879 1527 1950 1589 eius
1963 1541 2006 1588 nor

270 1611 352 1695 rini3
370 1614 567 1679 homicidium
581 1621 750 1694 patratum·;
766 1621 796 1678 et
810 1613 944 1676 titubatio
957 1613 1118 1690 quaedum,
1165 1612 1290 1689 proprie
1305 1627 1397 1688 mars,
1417 1613 1476 1675 sed
1499 1614 1597 1676 sotum
1621 1616 1654 1673 ut
1674 1626 1735 1678 nou
1756 1610 1977 1691 ingrederetur
1989 1610 2006 1670 ir

271 1715 341 1762 cum
355 1715 462 1778 equom
475 1699 513 1761 de
529 1703 613 1776 petra
629 1698 791 1760 educeres
813 1697 940 1760 Domino
955 1697 1058 1759 iussus
1072 1711 1119 1760 es·
1165 1699 1274 1756 terrum
1290 1695 1526 1773 promissionis3
1551 1694 1697 1758 nuturuiis
1717 1693 1799 1758 enim
1825 1693 1943 1755 mariis
1955 1699 2006 1755 ciui

273 1789 333 1844 sei.
350 1781 412 1846 Sed
428 1781 624 1844 homicidium
641 1781 791 1858 scriptura
807 1796 869 1844 aon
882 1780 1050 1858 reprendit,
1063 1777 1121 1844 icr-
1166 1781 1286 1856 tempus
1301 1778 1475 1849 advenerat.
1491 1783 1524 1840 ut
1544 1779 1635 1839 etiem
1646 1781 1733 1840 cutes
1748 1775 1897 1854 Ausonis,
1923 1787 2006 1854 nequi

270 1870 365 1938 tesso,
378 1862 568 1943 quiciscium
582 1863 685 1925 eratin
700 1860 1020 1926 detensioneiiebruei
1033 1862 1120 1925 inuo-
1165 1861 1334 1932 violenter,
1358 1861 1413 1923 sed
1436 1859 1612 1924 naturaliter
1633 1861 1743 1924 mortui
1765 1867 1862 1934 suut3
1887 1859 1948 1920 seri
1968 1873 2006 1936 po

269 1949 379 2022 ocutis,
403 1946 440 2008 ab
461 1945 609 2026 Aegyptio
636 1944 783 2009 violenter
808 1945 963 2026 oppressi.
991 1943 1121 2008 Sanctus
1166 1942 1274 2005 inisset
1288 1943 1384 2018 Deus,
1401 1945 1446 2006 rei
1462 1959 1625 2024 prorogare
1646 1942 1708 2004 iliis
1728 1945 1818 2008 ritum
1842 1941 1896 2004 vei
1919 1943 2006 2003 antici

271 2031 393 2108 quidem
421 2028 608 2107 Augustinus
631 2029 660 2087 in
683 2027 834 2090 11111021.
858 2036 960 2090 contre
975 2027 1120 2090 Faustum
1166 2041 1239 2103 pare
1261 2033 1382 2106 tempus
1403 2026 1562 2106 ingressus
1579 2029 1728 2088 commin
1750 2033 1865 2089 terrum
1890 2025 2006 2104 promis

271 2128 339 2189 cup.
356 2111 406 2176 to.
423 2111 612 2188 existimarit,
629 2110 825 2173 homicidium
848 2111 924 2173 iliud
947 2112 1042 2173 tuisse
1058 2112 1121 2173 cui·
1165 2107 1273 2171 sionis.
1286 2109 1319 2171 Id
1336 2111 1469 2190 apertius
1485 2109 1612 2187 inteiiigi
1626 2114 1726 2187 potest
1740 2126 1777 2170 cx
1797 2107 1902 2187 cupite
1927 2109 2006 2185 prinu

271 2194 390 2273 pabils:
407 2201 507 2256 temon
520 2201 626 2272 pastea
639 2193 778 2256 scribens
790 2193 987 2269 quaestiones
1003 2194 1033 2255 in
1046 2193 1121 2256 lixo·
1166 2190 1405 2266 Deuteronomii‚
1421 2193 1473 2255 ubi
1488 2193 1589 2255 tiosos
1605 2190 1690 2265 dicit,
1705 2191 1768 2256 Nec
1786 2191 1953 2254 miranda
1973 2193 2006 2251 in

270 2279 356 2351 dum,
381 2277 552 2340 retractauit
579 2277 760 2338 sententium
776 2277 857 2339 ilium
874 2292 958 2338 suam
976 2277 1120 2354 priorem,
1166 2273 1313 2353 dipactia
1328 2275 1364 2338 iu
1375 2276 1547 2355 poputum,
1570 2291 1642 2336 cum
1663 2276 1743 2337 mibi
1764 2289 1896 2356 meoque
1917 2273 2006 2338 iratu

272 2365 303 2420 et
317 2360 430 2422 iicscm
447 2376 464 2422 u
479 2359 615 2420 criminis
630 2360 718 2437 culpe
742 2359 1057 2423 cosentitiitubatio
1072 2375 1122 2423 re·
1166 2355 1322 2420 Dominus
1335 2359 1467 2434 discesit,
1491 2357 1552 2421 iiec
1573 2363 1608 2419 ic
1629 2359 1823 2436 inprcdieris
1847 2357 1942 2434 iiiuc,
1967 2355 2006 2422 sci

271 2456 305 2503 ro
317 2449 475 2522 peecatum
496 2444 621 2503 omnino
636 2442 731 2505 tuisse
753 2441 886 2522 iegitur3
911 2444 966 2505 sed
992 2442 1121 2516 crimen,
1166 2440 1259 2502 iasue
1269 2437 1355 2520 titius
1368 2441 1440 2504 Nun
1450 2441 1654 2520 introbitpro
1667 2447 1708 2504 te.
1720 2439 1764 2502 iix
1775 2441 1943 2519 bisuperte
1957 2440 2006 2500 coi«,

271 2526 364 2601 intest,
380 2524 493 2586 iethaio
508 2528 665 2601 peccatum
689 2523 796 2597 inissa,
821 2524 969 2588 credibiic
985 2541 1046 2586 nan
1063 2533 1121 2588 est.
1166 2523 1281 2601 ligitur,
1298 2530 1423 2602 peccatu
1438 2523 1542 2598 biosis,
1558 2525 1589 2585 in
1606 2528 1663 2585 tem
1675 2524 1766 2604 longe
1777 2529 1878 2584 cciate
1892 2530 2006 2584 centua

272 2603 401 2669 liistorin
415 2605 506 2668 huius
521 2607 709 2670 titubationis
730 2605 860 2671 hebetur
874 2609 904 2669 in
920 2607 999 2670 libro
1013 2606 1123 2670 Nume·
1168 2605 1273 2684 viginti
1285 2623 1445 2678 cancrum,
1460 2607 1656 2685 pnucissims,
1671 2613 1761 2686 utque
1775 2606 1935 2670 leuissima
1947 2605 2006 2666 iuis

272 2707 386 2770 rortrm,
403 2689 454 2752 ubi
469 2689 594 2752 iubente
606 2690 683 2767 Deo,
701 2699 733 2752 ut
748 2690 860 2768 bioses,
883 2696 915 2754 ei
928 2691 1025 2753 Aaron
1040 2691 1121 2769 uirgo
1168 2703 1225 2752 se:
1243 2697 1273 2751 ct
1284 2704 1376 2766 opero
1388 2689 1481 2766 bonu,
1498 2691 1627 2770 piurima
1645 2694 1683 2752 ei*
1696 2687 1848 2753 maxime:
1867 2692 1899 2749 ei
1921 2695 2006 2749 temer

272 2777 466 2850 percuterent
480 2771 611 2844 silicem,
628 2774 746 2835 atinde
763 2773 920 2851 prodirent
931 2788 1028 2850 oquae
1042 2790 1049 2834 ι
1062 2774 1123 2834 bic-
1167 2771 1304 2833 uoluisse
1317 2771 1427 2844 Deum,
1444 2772 1579 2836 tubicem
1594 2771 1817 2846 iustissimum,
1834 2777 1869 2832 ut
1883 2772 1934 2831 iiic
1950 2787 2006 2848 pec

274 2870 324 2915 ses
339 2855 414 2916 dixit
428 2854 465 2914 ed
493 2855 651 2934 poputum,
680 2855 763 2918 Num
788 2857 828 2918 do
854 2861 945 2934 petra
961 2854 1122 2919 bucnobis
1168 2860 1231 2916 coin
1248 2855 1404 2918 letissima
1426 2854 1573 2933 impunita
1596 2860 1766 2918 manerent.
1782 2853 1871 2930 Quod
1895 2855 1920 2915 si
1938 2852 2004 2916 Dear

274 2953 394 3017 uquam
418 2935 568 3000 eiicere?
592 2943 622 2998 et
647 2939 785 3014 quumvis
810 2953 908 3009 unane
933 2937 1124 3015 largissimus
1168 2937 1198 2998 iu
1214 2936 1298 2999 tiosc
1314 2938 1481 3000 amicosuo
1496 2939 1604 3016 intimo
1617 2935 1852 3013 eiiideiissimo‚
1865 2936 2004 2999 titubatio

274 3019 419 3083 continua
434 3034 470 3081 es
493 3033 636 3096 percussu
661 3020 748 3081 silice
774 3019 991 3096 profluxerint:
1022 3027 1122 3082 tumen
1169 3036 1237 3082 nem
1256 3021 1338 3082 iiiam
1350 3020 1499 3082 modicum
1511 3025 1570 3084 tem
1583 3035 1688 3084 secere
1701 3021 1835 3098 punirit;
1852 3021 1918 3082 iure
1933 3021 2004 3082 tine

273 3102 421 3164 Dominus
433 3101 586 3163 subiratus
599 3103 684 3177 dixit,
700 3099 782 3178 Quia
792 3118 860 3165 non
871 3103 1052 3165 credidistis
1064 3104 1123 3165 rni-
1169 3119 1202 3164 re
1217 3103 1331 3164 debent
1347 3103 1457 3183 Reges,
1475 3109 1509 3166 ic
1523 3103 1683 3181 Principes
1703 3110 1800 3164 terroe
1819 3101 1900 3184 ¹imm
1915 3101 2004 3164 Omni

273 3186 319 3258 bi,
337 3189 372 3246 ut
385 3181 630 3260 sanctificaretis
643 3202 695 3246 nte
707 3201 816 3247 coram
828 3183 903 3258 bitis
917 3185 1041 3261 israei3
1056 3203 1125 3250 non
1170 3187 1304 3264 potentis
1328 3186 1383 3249 Dei
1398 3203 1407 3261 ς
1427 3187 1485 3249 nisi
1512 3202 1632 3249 summo
1646 3183 1747 3249 studio
1762 3186 1793 3247 io
1809 3185 1880 3264 iege
1896 3185 2002 3246 Domini

276 3261 487 3330 introducetis
502 3266 559 3329 bos
573 3268 708 3346 popuios
722 3269 760 3330 in
782 3275 901 3330 terrum
927 3284 1027 3348 qaam
1041 3269 1124 3333 dabo
1172 3267 1427 3343 meditenturdic,
1445 3287 1479 3331 uc
1495 3274 1603 3332 nocto:
1616 3269 1683 3330 etsi
1699 3271 1859 3348 peccando
1872 3272 1944 3328 irum
1957 3267 2004 3330 Do

243 3404 245 3408 .
275 3353 333 3412 cis.
351 3357 382 3411 et
397 3349 426 3410 in
444 3349 553 3412 eodem
568 3352 634 3427 ipso
651 3350 953 3424 torniusstueun.
972 3358 1004 3412 ut
1025 3350 1124 3412 Aaron
1170 3353 1242 3410 mini
1258 3353 1511 3416 commeruerint:
1528 3352 1611 3414 iiieru
1626 3367 1680 3429 per
1694 3366 1786 3429 opera
1798 3349 2003 3428 poeniteutiae.

274 3432 700 3512 moreretur,dicens,Perpct
711 3431 872 3496 Acronod
884 3434 1023 3511 popuios
1037 3449 1123 3508 suos,
1169 3435 1251 3495 serio
1266 3433 1398 3510 piscare,
1415 3435 1461 3496 rei
1477 3435 1567 3496 eiiam
1583 3435 1613 3496 ia
1629 3433 1827 3497 consessione
1841 3435 2006 3512 praeuenire

274 3530 343 3578 non
356 3516 444 3579 enim
457 3516 592 3578 intrabit
604 3522 735 3582 terram.
750 3533 850 3596 quam
862 3517 939 3578 dedi
952 3514 1028 3592 tibiis
1039 3517 1125 3579 isra·
1170 3523 1345 3592 procureni.
1368 3518 1466 3595 Atque
1487 3517 1538 3579 hic
1559 3515 1629 3580 iinis
1644 3517 1683 3580 sit
1703 3516 1800 3586 tine,
1817 3523 1849 3578 et
1874 3521 2003 3578 intutum

275 3599 304 3660 et
314 3617 326 3676 ,·
344 3615 380 3660 eo
392 3598 480 3678 prrod
493 3599 681 3661 increduius
695 3599 793 3676 suerit
808 3599 859 3661 ori
874 3616 943 3662 meo
960 3601 1005 3662 od
1019 3615 1124 3680 aquas
1169 3602 1265 3660 suncti
1282 3599 1374 3662 uasis
1391 3600 1540 3679 Principis
1563 3601 1664 3677 primi,
1687 3603 1718 3662 et
1739 3599 1905 3662 cicrissimi
1922 3601 1949 3660 in
1962 3615 2006 3678 pc·¹

274 3680 553 3744 contradictionis.
571 3683 600 3742 in
624 3682 733 3744 eodem
749 3681 827 3744 iibro
841 3680 965 3745 Numeri
982 3699 1049 3760 cop.
1073 3681 1124 3745 21.
1171 3683 1242 3758 puio
1254 3683 1321 3744 Dei.
1339 3685 1410 3746 vixit
1424 3699 1522 3745 nanos
1534 3687 1671 3754 centum,
1687 3689 1717 3742 et
1738 3681 1844 3762 uiginti
1859 3700 1869 3759 ς
1885 3697 2006 3744 nonen-¹

275 3762 350 3823 dixit
363 3764 513 3826 Dominus
528 3763 566 3826 ud
582 3764 709 3840 iiosem,
725 3763 868 3828 Ascende
888 3765 927 3828 in
947 3771 1087 3826 montem
1099 3768 1125 3827 i·
1170 3765 1283 3844 iipcoit
1294 3767 1405 3829 ocutus
1420 3767 1501 3842 ecus,
1517 3781 1621 3844 neque
1636 3767 1744 3828 denies
1758 3769 1836 3828 sunt
1856 3766 1960 3828 emoti
1974 3764 2006 3826 D·¹

275 3847 358 3906 stum
368 3843 510 3917 Abarim,
525 3847 1012 3924 etconternptnreiadeterrun‚
1025 3860 1125 3928 pauni
1171 3848 1225 3911 biit
1239 3848 1270 3909 in
1289 3857 1391 3911 monte
1406 3848 1509 3910 iiebo:
1532 3847 1671 3925 sepelivit
1695 3863 1764 3910 eum
1789 3846 1881 3922 Deus,
1911 3854 2006 3910 utnon

277 3928 413 3990 daturus
427 3943 496 3991 sum
513 3925 590 4003 bitis
604 3928 730 3991 Israel:
753 3945 890 4009 cumque
903 3931 1023 3993 uideris
1039 3947 1121 4002 cam,
1171 3932 1369 4007 inveniretur,
1389 3945 1488 4010 neque
1504 3933 1634 3994 sciretur
1650 3929 1849 4009 sepulchrum
1864 3929 1942 3992 eius.
