4044 6256
810 271 920 336 ltsstt
940 272 1095 338 semida
1704 275 1760 344 0³8
1874 337 1875 342 ,

12 394 19 476 ,’
50 413 183 484 potens
202 410 481 478 innumerabilibus
497 409 655 477 miraculis
671 407 709 472 ad
725 409 795 474 eius
808 407 934 474 invoca·
980 415 1059 476 trum
1076 426 1202 476 suorum
1217 404 1586 480 conuitiodamendetun
1600 421 1647 476 eat
1659 431 1675 476 a
1688 409 1834 478 ecntiiloe

12 497 14 554 :
54 493 190 556 bonam
218 495 333 562 editis.
360 497 582 576 comprobarit.
609 491 765 556 iliraeuiis
797 491 934 569 protecto
981 492 1138 569 praelato,
1168 502 1200 556 ut
1226 496 1397 557 solemnem
1425 495 1658 570 inquisitionem
1682 514 1716 558 aa
1740 497 1779 556 da
1802 511 1834 556 ra

12 559 16 596 ⁵
49 590 150 650 quae
168 583 230 638 tum
249 579 279 638 in
297 577 366 638 iacti
384 579 567 647 substantio.
587 588 648 638 tum
668 579 699 636 et
713 573 834 651 urdine,
858 573 930 644 vim.
979 575 1177 642 adhiberent.
1195 581 1227 640 et
1242 591 1408 653 processus
1431 585 1599 640 consuetos
1621 587 1682 640 turn
1708 593 1763 656 per
1785 594 1833 648 se.

12 641 17 681 '
49 660 290 735 etpotostatatn
306 656 932 732 totiusnaturaeexccssorunt.Quisenim
954 721 958 728 ,
979 663 1042 722 tum
1068 675 1123 735 per
1144 659 1366 740 subdelegatos
1389 660 1536 732 iacerent,
1561 667 1642 737 ouod
1667 676 1774 740 inagna
1797 675 1834 722 ex

12 725 16 766 ¹
51 755 125 802 non
148 742 495 814 miretur,cumaudiai
517 742 649 823 perlici
672 740 790 802 asinini
813 739 932 802 miseri·
980 749 1439 819 parteconsectumerat.cum
1462 752 1587 805 evocato
1609 745 1646 804 ad
1669 745 1832 808 Dominam

12 811 14 848 ¹
50 824 208 885 cordiam
231 824 394 900 implorato
420 827 567 908 leopoldi
590 823 716 896 auritio,
743 823 931 901 paraliticos,
979 825 1071 887 Paulo
1087 833 1213 888 sanctae
1230 827 1408 898 memoriae,
1427 821 1530 886 Sirius
1554 826 1684 898 Quartus
1706 831 1833 907 praede·

12 895 15 938 ¹
49 905 260 984 artheticos,
291 906 517 972 lubricitantem
553 909 687 987 podagra
715 906 928 982 laborantem,
979 907 1834 988 cessarnostarinbacsanctaSede.dirinaprorideu-

12 981 15 1024 i
51 990 219 1064 pristinae
234 991 399 1056 valetudini
417 993 500 1055 itbco
513 989 691 1056 restitutos?
707 987 782 1062 Quis
794 1005 856 1052 non
870 1005 932 1049 ma·
978 990 1029 1060 tia.
1047 993 1232 1054 constitutus
1247 998 1305 1054 est.
1508 1039 1510 1044 .

12 1081 14 1106 t
52 1072 169 1150 gualia
187 1072 241 1136 ilei
261 1079 290 1137 iu
308 1075 367 1135 boe
380 1074 492 1138 Sancto
508 1081 667 1152 agnoscat.
681 1089 752 1133 cuin
768 1073 870 1136 rideat
885 1072 931 1132 in·
1018 1075 1178 1136 lterandas
1193 1088 1267 1152 erpo
1284 1081 1442 1148 preesset
1454 1075 1669 1139 vehementius
1680 1073 1833 1154 agendum

12 1155 14 1190 ²
51 1161 316 1222 tarcessicnibtts
334 1155 401 1219 cias
416 1159 545 1221 claudos
561 1165 644 1221 recte
655 1155 843 1230 ambulasse,
857 1169 929 1231 epo·
976 1159 1058 1234 apud
1085 1158 1201 1221 Sirium
1229 1157 1415 1232 impensior,
1443 1157 1583 1227 Praelati.
1612 1176 1648 1220 ac
1673 1158 1834 1234 Principes

12 1233 15 1276 ¹
53 1239 255 1304 stematibua
280 1240 446 1304 mortiteris
468 1243 610 1316 iniectos,
637 1241 800 1309 liberatos,
816 1236 849 1301 iu
865 1251 930 1300 car·
977 1241 1126 1320 praedicti
1143 1242 1308 1314 (luxerunt,
1326 1246 1358 1300 ut
1374 1246 1434 1300 tam
1450 1247 1591 1302 sanctum
1606 1258 1684 1318 opus
1701 1241 1833 1304 canoni·

12 1319 14 1358 ¹
52 1321 928 1403 ceribusconstitutumpediais,manicisquevinottrm,
975 1323 1436 1400 actioniscaepiaeperilcaret.
1498 1347 1501 1354 ⁴

12 1403 14 1442 i
54 1419 119 1479 per
136 1403 276 1471 letamen
294 1409 376 1468 unde
390 1403 931 1483 bominisimpossibiitsexitusarat
1016 1407 1059 1483 is,
1083 1412 1117 1468 ut
1138 1405 1260 1468 certiori
1283 1404 1344 1467 lide
1366 1421 1444 1478 auae
1467 1406 1506 1468 de
1529 1407 1703 1483 miraculis,
1726 1414 1756 1470 et
1776 1407 1833 1468 vlia

12 1487 14 1528 i
51 1485 401 1552 eductumcrasissel
424 1493 455 1552 ln
470 1489 560 1551 variis
583 1490 659 1550 vitae
684 1488 832 1567 periculis
848 1485 929 1564 posi·
975 1488 1124 1567 leupoldi
1140 1489 1335 1552 asserebatur
1351 1489 1556 1566 praeciperet.
1570 1492 1737 1552 venerabili
1751 1490 1833 1551 tratri

12 1571 14 1608 i
55 1573 123 1638 tos.
138 1569 269 1636 iilaesos
285 1577 423 1634 servatos
438 1571 527 1636 esse?
543 1576 613 1650 quis
628 1587 689 1634 nun
704 1576 807 1632 mente
823 1571 930 1632 obstu-
976 1582 1080 1634 nostro
1094 1571 1195 1635 Earco
1210 1570 1366 1649 Episcopo
1381 1570 1642 1648 praenestinensi,
1659 1581 1730 1636 tunc
1742 1573 1835 1636 Tituli

12 1655 14 1692 i
55 1662 187 1731 poscat,
206 1665 236 1718 et
250 1656 315 1718 ileo
331 1659 459 1732 optimo.
477 1657 670 1734 maximoque
685 1653 848 1732 praeconia
866 1668 929 1714 ma·
974 1654 1007 1716 S.
1036 1655 1142 1724 iiarci,
1167 1655 1348 1733 Presbytero
1372 1651 1538 1730 Cardinali,
1563 1663 1593 1718 et
1616 1657 1647 1717 in
1669 1656 1833 1721 Germania

12 1745 14 1778 t
56 1732 179 1800 ortasio
196 1740 289 1813 dicat,
314 1753 383 1798 curn
409 1739 526 1816 liquido
547 1736 771 1816 deprehendat,
795 1734 926 1811 meritis,
973 1736 1098 1816 Legata.
1114 1744 1145 1798 ut
1158 1744 1324 1815 praemissa
1341 1744 1605 1815 percunctaretur,
1622 1739 1766 1804 iniunxit:
1781 1740 1832 1816 oui

12 1855 13 1860 κ
57 1831 98 1878 ac
116 1824 270 1895 precibus
286 1818 380 1882 buius
396 1820 499 1883 Sancti
520 1820 577 1882 viri
594 1827 730 1882 mortuos
746 1817 928 1882 suscitatos?
972 1820 1248 1899 locupletissimam
1267 1820 1306 1882 de
1324 1819 1385 1881 iliis
1401 1821 1549 1884 amnibus
1571 1823 1752 1886 relationem
1778 1838 1834 1900 per

12 1911 13 1918 ¹
58 1908 171 1967 rnutos
187 1903 334 1982 innuendi
358 1901 533 1966 laenitatem
556 1902 707 1982 adeptos?
728 1915 840 1964 coecos
856 1901 925 1961 itiu-
973 1905 1096 1982 pubiica
1113 1911 1192 1980 acta,
1209 1903 1408 1979 etiepitimos
1423 1919 1592 1979 processus
1605 1906 1705 1968 eidern
1721 1905 1832 1968 attulit.

58 1984 217 2050 minatus?
232 1986 336 2051 surdis
351 1989 490 2050 auditum
506 1987 679 2050 restitutum
696 1984 785 2047 essai
798 1982 926 2046 iiaxima
1013 1985 1133 2049 iiabinc
1157 1985 1380 2064 processibus.
1406 1993 1437 2046 et
1459 1989 1537 2049 actis
1562 1988 1696 2063 publicis
1720 2003 1830 2067 magna

57 2071 137 2127 sunt
154 2071 233 2132 baec
248 2070 433 2142 sanctitatis,
450 2077 481 2132 et
497 2068 620 2132 divinae
635 2067 868 2148 approbationis
884 2069 926 2129 si·
972 2085 1042 2130 eum
1069 2070 1226 2146 diligentia
1251 2083 1305 2146 per
1326 2069 1522 2133 venerabiies
1545 2069 1738 2148 Episcopum
1760 2069 1832 2132 Por·

58 2165 137 2226 gna,
158 2151 323 2214 humanam
340 2153 597 2230 expectationum,
615 2170 650 2214 ac
666 2165 752 2230 spem
774 2151 929 2214 exceden·
972 2155 1132 2223 triensem,
1159 2151 1293 2214 Marcum
1322 2153 1510 2226 praedictum
1540 2155 1833 2217 Praenestinenscm

60 2232 117 2309 tia;
135 2243 167 2296 et
183 2243 283 2300 iumen
307 2237 489 2298 clarissimis
510 2237 707 2298 documentis
729 2233 925 2314 comprobata
970 2233 1024 2297 iiio
1041 2243 1179 2314 tempore
1193 2235 1383 2314 Episcopum
1399 2243 1604 2315 assumptum,
1621 2253 1658 2299 ac
1673 2235 1709 2300 ti.
1727 2237 1759 2300 S.
1773 2234 1832 2296 Eu·

59 2321 149 2379 sunt.
971 2319 1080 2381 stautai
1103 2318 1272 2381 Diaconum
1294 2315 1500 2395 cardinalem,
1526 2319 1764 2384 commissarios
1786 2317 1832 2380 di·

105 2400 255 2476 Quinimo
276 2402 314 2463 ab
330 2417 411 2468 auno
427 2399 539 2464 Christi
563 2401 729 2465 millesimo
752 2399 925 2463 centesimo
971 2401 1105 2475 amasis,
1123 2405 1235 2478 privata
1249 2400 1348 2474 primo
1362 2401 1511 2463 relatione
1525 2405 1627 2464 eidem
1643 2403 1727 2466 Sirio
1742 2403 1831 2472 lanio,

60 2482 222 2548 tricesimo
243 2492 341 2556 sertio.
366 2501 426 2562 quo
449 2485 624 2562 leopoldus
652 2486 708 2545 viia
732 2482 867 2560 iunctus,
886 2499 923 2546 ex
971 2484 1166 2557 postmodum
1189 2488 1219 2546 in
1244 2484 1335 2546 Sacro
1358 2482 1472 2546 Senatu
1495 2486 1650 2550 relere'nta
1674 2483 1832 2564 praedicto

60 2568 155 2630 terris
178 2567 217 2630 ad
239 2565 406 2632 caelestem
429 2567 621 2632 Hierusalem
644 2566 800 2644 transivit,
822 2568 852 2628 in
870 2583 923 2630 uo·
969 2565 1144 2629 Venerabili
1160 2565 1264 2640 iratae,
1281 2565 1437 2644 Episcopo
1454 2566 1615 2632 Portueusi
1633 2569 1771 2632 dilucide
1795 2583 1829 2632 re

59 2654 124 2710 stra
141 2667 241 2731 osque
266 2658 415 2728 tempora,
439 2659 470 2712 et
492 2657 686 2728 praesentem
711 2651 792 2711 diem
810 2651 920 2728 tnagis,
970 2651 1151 2728 examinata,
1169 2657 1200 2712 et
1216 2665 1253 2712 ex
1269 2650 1390 2710 illorum
1414 2654 1569 2714 sententia
1592 2651 1833 2717 canonizatione

61 2735 158 2810 atque
176 2735 274 2815 tnagis
289 2735 479 2797 maniiestata
495 2732 569 2797 mira
585 2735 624 2795 de
638 2732 692 2798 illu
714 2747 750 2796 en
766 2735 923 2797 meatibus
967 2735 1127 2800 conclusa.
1144 2735 1225 2796 sicut
1242 2731 1370 2794 bomine
1386 2731 1511 2807 placuit.

61 2814 223 2878 hominum
251 2817 283 2880 lu
306 2818 426 2880 dustria
453 2817 642 2896 praecipue,
666 2823 697 2878 et
720 2831 920 2892 peromnem
1009 2817 1092 2880 sixto
1107 2819 1167 2879 vita
1187 2815 1304 2888 iuncto,
1329 2813 1438 2885 nobis,
1464 2817 1515 2894 oui
1539 2817 1641 2882 eidem
1663 2832 1769 2890 onere,
1794 2823 1825 2882 et

61 2896 220 2961 Daunubii
244 2900 353 2978 ripam.
378 2901 498 2965 devotio
521 2899 650 2962 caelitus
673 2898 922 2962 infunditur.1n-
966 2897 1305 2982 bonore-perdivinam
1328 2897 1584 2975 misericordiam,
1608 2902 1682 2966 iicet
1702 2902 1823 2981 indigni

62 2982 214 3045 credibile
231 2983 313 3046 dictu
331 2992 444 3063 quanta
465 2998 535 3046 cum
557 2984 755 3046 veneratione
771 2982 838 3045 eius
854 3000 920 3047 cor·
967 2985 1189 3060 successimus,
1207 2986 1393 3046 reservatum
1417 2989 1476 3055 esi,
1501 2990 1533 3045 ut
1555 3001 1734 3063 supremam
1759 3000 1821 3044 ma·

62 3079 135 3141 pus.
153 3067 234 3145 quod
257 3067 287 3129 in
304 3067 488 3130 lionasterio
510 3080 634 3144 semper
650 3066 794 3144 Virginis,
812 3075 843 3130 et
858 3064 918 3132 ma‘·
965 3081 1039 3128 num
1056 3073 1115 3127 tam
1128 3071 1252 3130 sanctae
1265 3063 1477 3145 approbationi
1491 3083 1733 3146 apponeremus.
1748 3067 1826 3131 cou-

63 3146 119 3210 tris
134 3147 191 3212 liei
208 3149 321 3213 iiariae
342 3152 380 3212 ab
403 3165 440 3212 eo
460 3148 597 3221 conditu.
622 3149 652 3211 in
675 3149 745 3212 ioco
767 3151 848 3228 quod
867 3167 919 3216 uo·
964 3151 1036 3214 silio
1050 3150 1153 3229 itaque
1168 3150 1284 3225 habito,
1308 3163 1414 3212 rursus
1439 3149 1676 3216 venerabiiium
1701 3149 1826 3215 tratrem

62 3246 132 3292 vum
149 3231 423 3314 claustroburgum
446 3232 617 3310 appellatur
630 3233 820 3296 Patavieusis
835 3236 919 3298 diae·
964 3241 1138 3298 nostrornm
1156 3232 1231 3296 s.it.
1242 3232 1277 3294 E.
1292 3229 1508 3296 cardinalium
1526 3235 1647 3312 publica
1663 3235 1825 3306 concione,

64 3329 175 3376 cesena
190 3318 345 3397 sepultum
363 3326 423 3388 est,
439 3333 456 3378 a
472 3315 584 3378 christi
601 3315 748 3380 iidelibus
765 3318 918 3398 visitatum
965 3319 1068 3381 omnia
1085 3324 1173 3393 prout
1190 3333 1225 3376 ex
1242 3317 1352 3375 ordine.
1374 3326 1460 3394 gesta
1485 3323 1584 3390 erant,
1607 3317 1821 3396 leopoldiqua

65 3398 178 3472 quibus
192 3402 271 3462 vatis
287 3401 462 3463 celebretur
484 3397 531 3476 pia
547 3401 616 3461 eins
633 3399 790 3461 memoria.
807 3401 921 3464 idemo·
966 3401 1070 3474 vllam,
1089 3399 1246 3474 miracula,
1263 3407 1292 3461 et
1310 3397 1427 3475 reliqua
1446 3399 1553 3462 merita
1571 3416 1626 3480 per
1640 3401 1826 3463 Advocatum

65 3486 130 3539 ratu
156 3480 280 3544 difficile
307 3490 408 3557 esset,
432 3487 525 3558 quoi,
549 3489 579 3542 et
602 3485 716 3559 quauta
737 3483 874 3564 tabellis,
891 3491 922 3548 et
967 3481 1218 3546 Concistorialem
1235 3481 1366 3558 proponi
1383 3483 1570 3545 curavimus.
1589 3484 1719 3547 bernam
1737 3499 1825 3546 voca·

70 3563 253 3640 imaginibus
270 3565 313 3627 ilii
331 3568 441 3627 dicatis
456 3572 630 3641 exornetur,
654 3571 767 3642 quanta
791 3569 921 3630 lumina·
967 3568 1006 3627 tis
1021 3567 1166 3628 omnibus
1181 3567 1231 3645 qui
1248 3564 1279 3627 in
1295 3561 1431 3629 Romana
1448 3565 1536 3630 curia
1554 3571 1681 3645 dagoni,
1705 3567 1826 3630 Praela-

67 3645 176 3706 riarum
190 3649 277 3723 copia
293 3649 507 3728 perlustratum
522 3649 695 3722 procumbit
707 3651 838 3728 supplex
851 3660 922 3715 ante
968 3651 1018 3718 tis.
1035 3648 1066 3711 in
1082 3650 1232 3725 frequenti
1246 3663 1350 3710 eorum
1365 3664 1527 3714 consessu.
1541 3649 1762 3712 assistentibus
1774 3664 1828 3711 no·

68 3730 214 3790 tumulum
231 3733 456 3810 languentium,
474 3743 503 3793 et
519 3733 689 3812 rogantium
713 3732 814 3808 turba,
831 3751 922 3816 opem
968 3732 1017 3794 bis
1032 3733 1149 3794 eisdem
1166 3731 1401 3795 venerabilibus
1414 3731 1560 3794 iratribus
1574 3731 1825 3796 austrasias.

66 3810 210 3889 leupoldi
238 3814 420 3892 implorans,
448 3830 505 3877 nco
532 3815 746 3894 expectatione
772 3817 856 3880 irrita
879 3820 923 3882 di·
969 3814 1195 3894 Cardinaiiitos,
1215 3814 1404 3892 singulorum
1423 3821 1486 3878 rota
1511 3817 1718 3895 praelatorum
1741 3831 1828 3877 scru-

67 3897 175 3958 scadit.
970 3899 1022 3959 tati
1037 3915 1157 3960 sunaus.
1175 3898 1293 3971 Quibus
1310 3895 1423 3974 Spiritu
1439 3901 1537 3960 sancii
1549 3898 1644 3978 pratia
1657 3913 1829 3978 cooperan-

108 3977 202 4050 iiuius
219 3985 426 4056 veneratione,
441 3989 469 4042 ei
487 3997 541 4058 pro
558 3982 720 4044 multorum
739 3983 922 4064 populorum
971 3989 1010 4054 te,
1029 3982 1183 4052 manibus.
1202 3981 1407 4057 pedibusque.
1424 3989 1453 4041 ut
1467 3983 1561 4044 airtnt.
1577 3981 1606 4041 iu
1621 3996 1687 4043 earn
1703 3987 1829 4043 senten·

68 4060 171 4131 salute.
189 4062 373 4140 Eadutptaus
387 4064 527 4126 lustriae
550 4064 616 4127 box
638 4064 794 4144 impulsus
809 4075 867 4141 est,
893 4075 925 4130 ut
970 4065 1039 4126 tiam
1056 4064 1304 4138 devenientibus,
1323 4068 1403 4139 quod
1420 4064 1597 4140 leopoldus
1622 4063 1731 4124 merito
1755 4079 1826 4125 san·

69 4144 246 4209 innocentio
274 4155 359 4210 sexto
375 4147 447 4208 buia
463 4155 585 4210 sanciae
601 4147 673 4210 Sedi
689 4164 724 4209 ea
742 4157 925 4229 tempestate
970 4154 1038 4210 ctus
1054 4165 1069 4209 a
1086 4149 1177 4210 nobis
1194 4150 1421 4208 canonizandus
1438 4155 1532 4217 esset,
1552 4147 1634 4206 bunc
1656 4148 1686 4207 iu
1709 4147 1826 4222 locum,

70 4229 266 4304 praesidenti.
279 4229 839 4308 supplicaret,quatenusleopoidum
852 4234 926 4336 Sap·
971 4238 1001 4291 et
1018 4231 1172 4308 pubiicum
1189 4239 1367 4306 suggestum
1383 4234 1439 4290 bac
1456 4234 1520 4307 ipsa
1538 4231 1590 4290 dia
1614 4230 1829 4292 conscendere

70 4321 181 4372 ciorum
199 4315 340 4392 catalogo
358 4315 535 4376 adscribere
552 4315 740 4394 dignaretur.
971 4314 1176 4382 decrevimus.
1201 4322 1232 4374 ot
1255 4313 1423 4389 opitulante
1447 4312 1587 4379 comino.
1613 4314 1702 4385 votis,
1728 4313 1828 4388 preci·

111 4394 163 4469 itui
182 4411 215 4457 re
231 4403 392 4475 perspecta
409 4415 498 4473 otram
516 4397 745 4471 sapientissime
762 4398 799 4458 da
821 4400 880 4463 rita
896 4408 928 4464 et
970 4397 1091 4471 besuus
1108 4397 1243 4458 ildeiium
1260 4396 1485 4466 adiuvantibus.
1510 4397 1610 4472 ipsum
1634 4395 1826 4472 Leopcidum

72 4480 234 4552 miraculis,
252 4497 287 4539 ac
305 4481 379 4540 ianra
396 4481 535 4543 eiusdem
552 4478 700 4557 leopoldi
716 4497 753 4543 ex
768 4497 866 4556 more,
880 4484 925 4546 ia·
973 4486 1112 4543 sanctum
1130 4480 1342 4554 definiremus,
1359 4487 1388 4543 ei
1406 4495 1460 4556 pro
1476 4477 1587 4541 Sancto
1608 4479 1750 4540 venerari
1774 4479 1827 4540 de·

12 4591 13 4630 c
70 4562 233 4634 stitutoauc
259 4565 420 4631 maiorum.
445 4581 513 4624 cum
538 4563 669 4624 consilia
691 4565 770 4625 sacri
796 4564 927 4629 Senatus
971 4562 1098 4626 bereab
1114 4565 1278 4635 universis,
1298 4568 1327 4622 ei
1342 4560 1474 4639 siugulis
1495 4561 1678 4624 christianis
1702 4561 1825 4622 manda·

12 4675 13 4714 ;
71 4644 295 4723 inquisitionem
312 4655 382 4707 tuac
394 4646 639 4725 Archieplsccpo
651 4646 926 4726 Pragensi,etaiiis
972 4663 1089 4724 remus,
1107 4647 1219 4724 Sicoue
1236 4648 1328 4708 bodie
1345 4661 1489 4707 sermone
1507 4661 1561 4723 pet
1579 4644 1769 4720 coenobita,
1792 4660 1827 4708 re

12 4759 14 4802 a
74 4729 194 4868 collegis
211 4729 375 4809 delegarit.
511 4811 516 4826 ι
973 4731 1072 4828 diviua
1089 4736 1222 4810 peracta,
1241 4736 1271 4790 ot
1287 4727 1415 4826 reliquis
1431 4726 1680 4871 sulcemnitaati‘bus
1703 4727 1826 4791 adbibi-

12 4841 15 4970 ζ
73 4815 926 4975 1...stititsitisti.illitailliniti?
973 4815 1828 4971 tta.ti.'t¹¹t.iitt.⁸iitt'dtttttstttitctt.

12 5011 16 5052 ,
75 4977 128 5044 ies.
145 4983 172 5038 et
186 4978 363 5076 Pannonios
385 4981 514 5076 dirersis
536 4980 725 5076 turbinibus,
750 4983 925 5047 immensis·
973 4981 1120 5076 [lominus
1136 4980 1266 5043 aiiirmet
1282 4981 1410 5076 bauainai..
1428 4978 1479 5053 oui
1496 4993 1565 5039 eum
1591 4975 1772 5073 laudaverit,
1796 4985 1826 5040 at

12 5093 16 5226 :
78 5061 864 5225 illiciti'inciliciaccccliiii?
879 5067 924 5212 tt
971 5060 1828 5227 liiiititillat,‘tttitiacillialid.

12 5265 16 5310 t
76 5226 382 5306 ouisiiiointermissa
400 5237 459 5291 est.
971 5233 1065 5300 bitur.
1083 5232 1112 5290 in
1131 5229 1326 5293 multitudine
1343 5229 1511 5291 electorum
1534 5226 1663 5289 babebit
1686 5225 1825 5304 laudem,

12 5351 14 5392 Ε
113 5307 273 5372 carissimo
290 5321 392 5373 autem
410 5313 440 5374 in
456 5311 576 5376 cbristo
599 5312 664 5374 illio
686 5311 844 5377 Eriderico
867 5315 925 5378 ilo·
970 5321 1001 5377 et
1014 5317 1095 5375 inter
1107 5313 1288 5376 benedictos
1302 5312 1517 5388 benedicebam
1534 5310 1707 5385 mirumque
1721 5309 1750 5370 in
1765 5323 1828 5370 mn·

12 5435 16 5480 ι
76 5408 221 5455 manorum
242 5393 422 5471 Imperatori
440 5396 589 5474 Augusto,
606 5396 764 5470 Praelatis,
784 5404 814 5460 et
837 5397 922 5461 Prin·
970 5398 1041 5458 dum
1058 5397 1234 5474 leopoldus
1250 5399 1279 5457 in
1298 5395 1401 5457 medio
1416 5395 1598 5471 populorum
1613 5392 1762 5454 exultatus
1774 5395 1825 5470 sit,

12 5512 18 5562 t
79 5475 794 5557 cipibuscermaniaeapudeumdemPauium
818 5482 923 5544 multis
970 5473 1826 5558 plenitudinecaeiestisgratiaeadmirabilisreiuigeatr

80 5561 221 5638 precibus,
242 5567 301 5621 tam
320 5563 418 5623 sancti
434 5561 489 5624 viri
513 5561 779 5625 Cananiaationem
803 5565 921 5629 absolvi
969 5563 1115 5625 ilestatut
1130 5569 1232 5625 nostra
1245 5561 1468 5641 approbatione
1481 5557 1826 5636 interetecios,etSan·

12 5679 20 5734 Ι
79 5643 484 5722 petentibus31ribusS.il.
501 5643 538 5708 E.
562 5645 779 5712 cardinalibus
801 5648 840 5712 de
863 5649 924 5714 lra-
970 5655 1035 5708 cius
1050 5645 1105 5710 ilai
1121 5646 1273 5724 laudetur,
1298 5648 1376 5711 inter
1399 5645 1587 5710 benedictos
1608 5642 1823 5728 benedicatur,
