4048 6242
274 279 328 338 250
882 280 1117 341 ascensionis
1138 283 1174 340 hv
1194 279 1296 338 DEUM

203 411 444 492 dilaceremus,
460 413 882 495 siimposeibileiudicorel,
895 425 930 481 ιιι
942 418 1000 482 hoc
1014 419 1055 481 uh
1101 425 1202 480 tamen
1218 415 1318 478 divina
1335 429 1423 477 mens
1439 429 1475 478 er
1492 417 1570 475 tanta
1594 427 1694 475 rerum
1718 408 1911 500 singolorum
1927 405 1968 494 el

204 493 332 558 homine
346 494 447 576 ficret,
462 508 492 560 ει
504 498 530 561 si
543 499 957 565 consideransinlirmitalcm
975 511 1054 565 tuam
1102 503 1278 562 interiorum
1305 506 1448 560 varietate
1474 497 1604 566 vilescit,
1632 504 1664 556 ut
1690 495 1780 555 stulta
1802 497 1966 567 sapientia

205 579 313 640 delicis
328 581 387 642 sub
403 590 578 658 praecepto,
594 582 764 643 contortare
781 581 810 643 in
827 586 980 662 exempto.
996 587 1055 648 Sed
1103 585 1303 661 quorumdam
1319 581 1576 658 Philosophorum
1590 577 1721 641 censuit.
1737 577 1768 636 ld
1782 581 1864 636 enim
1878 575 1970 632 torte

205 663 296 721 etiam
312 667 485 739 exemplum
505 665 631 726 multum
649 671 693 726 est
709 665 744 724 ad
759 671 800 726 te:
814 668 899 732 adest
916 669 968 730 ille
982 715 991 746 ,
1005 669 1056 747 qui
1103 669 1250 742 suspicari
1279 682 1454 741 possemus,
1483 665 1508 724 si
1526 663 1606 724 boos
1633 681 1647 722 a
1674 663 1768 722 rebus
1794 661 1970 719 scientiam

204 744 347 821 praebuit
369 747 560 824 exemplum,
579 756 609 809 ut
625 747 770 824 praebeat
784 756 815 808 et
829 751 974 812 auxilinm
990 770 998 825 3
1022 771 1058 812 ac
1104 752 1301 826 mendicaret,
1320 758 1351 808 nt
1368 765 1423 812 nos
1439 748 1577 808 iacimus:
1595 747 1649 806 scd
1665 761 1735 804 cum
1748 741 1847 802 omnia
1865 739 1896 799 in
1911 753 1972 827 cs·

205 833 237 888 ut
252 829 282 887 in
299 845 351 888 ore
368 830 496 892 duorum
513 836 571 891 stet
586 846 676 890 omne
695 830 831 892 verbnm.
849 835 925 894 Audi
942 851 969 897 s.
982 833 1057 896 Leo·
1104 833 1200 893 sentia
1224 849 1277 892 sna
1301 834 1411 902 videat,
1437 831 1555 891 nullum
1573 837 1619 890 εει
1637 827 1806 903 ρειιειιιιιιι
1824 823 1971 886 vilitatis,

206 925 288 970 nem.
305 910 399 982 Iuste,
417 913 525 988 inquit,
542 913 623 975 Deus
644 913 745 974 inerat
765 922 955 994 praecepto,
979 920 1059 996 quio
1104 932 1286 992 ouornqnam
1310 913 1402 991 longe
1419 913 1554 974 nobilius
1577 919 1623 972 est
1640 910 1842 971 mendicando
1858 907 1972 992 scien·

201 998 387 1071 praecurrit
401 996 542 1068 aemilio,
559 996 632 1071 oold
650 1012 722 1074 ergo
739 998 839 1067 times,
855 1004 968 1070 anirna,
982 1001 1057 1062 viam
1106 1007 1175 1058 tram
1197 1001 1333 1073 assequi,
1358 997 1439 1075 qnod
1466 1003 1511 1058 εει
1528 996 1685 1056 lrominnm
1700 1037 1709 1062 ,
1726 1009 1814 1070 qnam
1831 990 1972 1050 scicntia

206 1081 416 1138 nraudatornm
438 1095 548 1141 secure
563 1080 695 1156 ingredi,
713 1097 781 1140 cum
798 1081 850 1141 ille
868 1091 1055 1158 praecurrat,
1106 1081 1229 1142 ornnino
1252 1097 1369 1150 carere,
1394 1079 1475 1155 quod
1500 1087 1545 1139 est
1562 1079 1721 1140 brutorum
1737 1094 1744 1134 :
1763 1075 1972 1161 quemadmo-

207 1159 258 1236 qni
278 1160 392 1235 potenti
408 1163 520 1224 auxilio
536 1168 649 1240 gratiae
665 1178 738 1222 snae
751 1162 828 1239 facil
843 1181 949 1238 pruno
963 1168 999 1229 in
1012 1168 1059 1229 di·
1108 1167 1180 1224 dum
1198 1168 1402 1240 praestantius
1418 1168 1476 1237 est,
1493 1177 1620 1223 coecum
1637 1175 1721 1231 csse,
1738 1157 1820 1236 quod
1834 1163 1881 1216 est
1896 1167 1972 1212 anr-

205 1250 313 1320 reclo,
337 1251 365 1305 et
387 1259 505 1322 aspero
525 1246 562 1307 in
582 1245 652 1307 cios
671 1245 817 1322 planos?
832 1247 895 1307 Hoc
918 1249 1061 1310 videlicet
1107 1249 1264 1318 manlium,
1281 1264 1370 1324 quarn
1388 1247 1455 1306 sine
1471 1245 1618 1306 coecitate
1640 1250 1742 1322 aptum
1761 1257 1820 1300 non
1837 1254 1910 1300 esse
1926 1238 1972 1293 ad

207 1325 319 1386 anxilio
343 1336 569 1402 praecurrente,
589 1331 691 1405 iugum
708 1328 828 1390 Domini
846 1329 976 1392 allicitur
991 1349 1061 1394 sua·
1109 1330 1297 1396 videndum,
1322 1331 1403 1406 qnod
1419 1333 1465 1390 est
1480 1327 1639 1403 lapidum:
1659 1342 1717 1387 neo
1732 1331 1849 1386 caetera
1868 1334 1974 1380 inern-

207 1424 255 1472 ve.
273 1415 302 1470 ει
318 1425 397 1470 onus
413 1411 478 1471 leve
494 1429 502 1486 3
519 1415 549 1472 et
565 1409 727 1488 Apostolus
743 1411 874 1474 loannes
891 1415 1011 1476 clamat:
1027 1417 1063 1476 at
1108 1415 1159 1473 bra
1178 1412 1315 1487 corporis
1333 1413 1481 1473 nobiliore
1496 1415 1568 1471 sunl
1579 1411 1691 1481 oculis,
1705 1412 1773 1482 onia
1788 1422 1879 1466 coeca
1892 1417 1974 1492 esse

205 1493 366 1554 monticlo
389 1493 458 1555 eins
478 1495 596 1572 gronio
616 1509 686 1555 non
700 1498 797 1568 sunt,
815 1496 870 1557 sed
887 1498 943 1557 elsi
961 1503 1062 1576 gravia
1107 1511 1168 1555 non
1187 1503 1315 1570 possunt
1330 1542 1337 1562 ,
1355 1496 1410 1556 sod
1427 1494 1593 1556 nobiliores
1604 1501 1682 1555 *sunt
1703 1490 1808 1559 oculi,
1835 1504 1906 1548 cum
1925 1501 1975 1542 vr·

210 1573 263 1634 tibi
286 1574 458 1650 rideantur,
482 1579 579 1656 cogita
604 1570 716 1654 quanto
739 1579 874 1656 graviora
898 1589 987 1641 erunt
1004 1587 1063 1642 tor·
1109 1579 1201 1638 dendi
1228 1579 1400 1639 facultatem
1424 1576 1568 1650 babeant,
1593 1578 1731 1653 quentvis
1749 1583 1778 1634 et
1793 1573 1877 1632 coeci
1896 1583 1976 1645 pos·

208 1662 309 1718 menta
326 1661 508 1734 gehennae:
535 1677 591 1722 nec
613 1661 737 1736 audeas,
766 1661 824 1722 nisi
848 1663 977 1735 insanis,
1005 1665 1061 1725 ista

207 1740 287 1802 velle
313 1743 456 1820 experiri.
484 1743 542 1804 Sed
568 1743 643 1803 illud
667 1751 777 1821 cogita,
801 1749 833 1806 et
854 1747 1009 1825 recogita,
1034 1755 1063 1808 et

208 1839 376 1902 numquam
398 1825 601 1898 obliviscaris,
627 1842 709 1886 nuno
725 1835 845 1902 tempus
861 1841 931 1890 csse
948 1830 1064 1892 miseri-

209 1907 342 1977 cordiae,
360 1915 463 1986 postea
482 1909 614 1969 iustitiae
629 1925 637 1968 :
653 1925 736 1970 nunc
752 1908 885 1972 liberum
904 1928 975 1974 esse
992 1929 1064 1992 pcc·

208 2003 291 2065 care,
307 1996 410 2066 postea
427 1992 637 2053 necessarlum
656 2007 770 2068 poenas
787 1994 983 2070 gravissimas
999 1998 1064 2059 lue·

208 2075 268 2131 re:
293 2090 375 2136 nunc
397 2089 489 2152 posse
511 2073 665 2136 bominem
683 2090 753 2135 cnm
771 2065 834 2137 lieo
852 2077 940 2138 lacile
957 2081 1063 2141 transi·

208 2170 295 2231 gere,
315 2163 344 2218 et
367 2158 477 2236 exigno
500 2157 605 2234 labore
627 2157 834 2235 poenitentiae
857 2177 997 2239 magnam
1020 2163 1064 2224 in·

210 2237 400 2317 dulgentiam
418 2240 580 2316 obtinere,
598 2248 627 2300 et
643 2241 726 2302 brevi
744 2243 827 2304 luctu
842 2249 1064 2320 sempiternum

209 2317 314 2382 sselnm
332 2324 506 2400 redimere,
523 2328 553 2384 el
568 2330 696 2396 contra,
721 2340 803 2386 nnnc
818 2327 957 2400 quolibet
971 2345 1065 2404 opere

210 2403 293 2466 bono
307 2421 343 2468 err
354 2405 509 2469 charitatis
521 2407 629 2468 virtute
643 2407 813 2481 prodeunte
830 2424 923 2484 posse
936 2427 1064 2490 reguum

211 2489 367 2550 coelorum
381 2489 562 2568 comparari,
579 2498 681 2566 postea
697 2506 755 2550 non
771 2506 862 2566 posse
876 2496 966 2555 totins
980 2513 1065 2558 mun·

213 2570 244 2632 di
260 2573 373 2650 opibus
390 2589 480 2634 neam
503 2576 617 2652 guttam
634 2588 731 2651 aquae
754 2572 880 2653 trigidae
896 2575 1065 2656 impetrari.

441 2735 590 2802 GRADUS
606 2736 846 2802 unonnctitds

213 2905 266 2968 Em
281 2907 540 2972 consideratione
555 2905 794 2985 magnitudinis
815 2907 997 2984 sapientiae
1012 2908 1069 2972 liei

241 3006 301 3070 ρει
316 2991 565 3055 similitudinem
579 2990 819 3070 nropnitttdinia
835 2993 1025 3069 corporalis.

255 3155 349 3229 Quam
366 3173 437 3219 vere
454 3157 615 3235 scripserit
630 3156 795 3232 Apostolus
812 3155 840 3216 in
858 3163 988 3219 estrema
1005 3158 1068 3234 epi·

216 3243 292 3302 stola
309 3242 345 3304 ad
363 3241 537 3312 Romanos,
561 3240 661 3302 solum
677 3239 775 3300 beorn
798 3255 868 3301 esse
883 3243 1067 3318 sapientem,

212 3321 303 3384 lacile
326 3325 487 3402 intelliget,
514 3325 563 3399 qui
586 3327 698 3384 attente
722 3322 917 3384 considerare
941 3326 1071 3387 voluerit

213 3405 417 3482 latitudinem,
435 3407 669 3487 longitudinem,
685 3405 889 3481 altitudinem,
901 3411 933 3468 el
949 3410 1070 3484 prolun-

214 3489 287 3548 dum
303 3491 473 3567 sapientiae
486 3489 552 3550 Dei.
568 3491 608 3549 hc
620 3495 652 3550 ιιι
665 3488 848 3565 incipiamus
866 3508 879 3548 a
898 3491 1070 3564 latitudine,

215 3570 363 3633 latissima
381 3589 453 3635 esse
469 3571 659 3650 dignoscitur
674 3569 823 3648 sapientia
840 3571 907 3642 her,
927 3572 1069 3650 quoniam

214 3653 298 3716 licus
314 3659 437 3731 omnia,
455 3671 533 3730 quae
550 3660 622 3715 sunt
637 3653 667 3714 in
685 3669 786 3714 rerum
806 3665 922 3728 natura,
939 3674 954 3714 a
972 3656 1069 3729 primo

215 3737 333 3814 Augelo
350 3739 500 3816 usquead
520 3738 658 3799 ultimum
675 3737 898 3808 vermiculum,
926 3737 1070 3801 distincte

1110 1659 1172 1723 sint
1186 1677 1269 1722 esse.
1288 1671 1318 1722 ut
1335 1666 1416 1721 recte
1433 1660 1569 1734 disputat
1584 1677 1611 1720 s.
1628 1661 1818 1735 Augustinus
1835 1653 1977 1714 inlibris

1109 1746 1147 1804 de
1163 1744 1244 1805 civit.
1261 1743 1327 1806 liei.
1344 1744 1422 1804 llinc
1439 1758 1522 1814 vero,
1539 1744 1640 1804 anima
1658 1758 1736 1810 mea,
1749 1741 1878 1802 sollicita
1894 1749 1978 1826 esse

1110 1827 1217 1899 debes,
1237 1830 1267 1887 in
1285 1829 1367 1888 omni
1387 1827 1465 1896 loco,
1483 1831 1513 1886 et
1529 1833 1680 1901 ternpore,
1698 1825 1770 1897 naid
1788 1837 1874 1900 agas,
1892 1816 1979 1893 nord

1109 1908 1256 1987 loquaris
1283 1911 1356 1987 quid
1380 1908 1510 1987 cogites,
1533 1927 1602 1970 cum
1629 1907 1702 1968 nihil
1721 1921 1863 1984 uinquam
1881 1917 1976 1978 agas,

1110 1993 1256 2067 loonaris,
1271 1992 1401 2068 cogites,
1415 1993 1473 2053 nisi
1489 1991 1622 2064 vidente,
1637 1991 1793 2061 audiente,
1807 1991 1979 2048 attenden-

1114 2081 1141 2136 te
1156 2075 1222 2136 lien
1245 2076 1359 2137 etenim
1375 2074 1492 2150 simale
1517 2076 1599 2136 nulla
1623 2071 1736 2146 iacere,
1754 2072 1801 2132 vel
1816 2067 1903 2145 locui
1920 2083 1980 2125 au·

1110 2160 1212 2230 deres,
1226 2159 1343 2234 quavis,
1358 2161 1448 2220 etiam
1461 2157 1637 2235 gravissima
1654 2157 1830 2218 stimulante
1846 2153 1975 2227 cupidi·

1111 2247 1193 2312 tare,
1212 2242 1237 2302 si
1255 2247 1283 2304 ιε
1298 2243 1416 2310 ιιιιειι,
1442 2243 1488 2302 ιιι
1510 2240 1607 2302 audiri
1622 2240 1660 2300 ab
1679 2239 1801 2300 homine
1823 2242 1980 2296 crederes

1112 2326 1266 2402 quomodo
1290 2324 1386 2386 andes
1410 2340 1444 2385 ea
1461 2324 1607 2402 cogitare,
1632 2325 1824 2397 inspectante
1846 2324 1878 2381 et
1894 2320 1981 2376 indi·
2014 2369 2015 2416 ,

1113 2417 1226 2486 gnante
1242 2407 1306 2469 lieo
1319 2407 1334 2466 l
1348 2407 1441 2474 Esto,
1460 2407 1556 2482 inquit
1573 2424 1600 2467 s.
1617 2404 1803 2482 Augustinus
1820 2405 1848 2462 in
1867 2398 1981 2476 regula

1112 2491 1409 2562 Sanclirnonialium,
1434 2506 1455 2550 o
1474 2490 1605 2551 ιιειιιιιιε
1620 2489 1790 2550 ιιιιιιιιιιιιι
1804 2486 1977 2553 uidentur,

1112 2574 1192 2650 quid
1209 2572 1304 2649 srrciet
1319 2574 1358 2634 de
1374 2574 1430 2634 illo
1445 2588 1586 2651 superno
1601 2574 1793 2647 inspectore,
1809 2585 1907 2646 praem
1931 2569 1981 2630 lc-

1114 2662 1179 2718 lere
1190 2657 1274 2718 nihil
1283 2657 1405 2734 polest?
1416 2655 1453 2716 Et
1467 2672 1494 2717 s.
1508 2654 1637 2717 llasilins
1655 2656 1684 2714 iu
1701 2654 1779 2715 libro
1796 2655 1834 2714 da
1850 2647 1980 2730 virgini·
2014 2681 2015 2696 ι

1115 2746 1186 2809 ιιιε,
1210 2741 1371 2815 alloquens
1387 2737 1535 2815 virginem
1553 2737 1582 2798 in
1600 2738 1744 2800 cubiculo
1767 2737 1927 2804 clausam,
1948 2743 1981 2796 ει
2014 2749 2015 2808 3

1114 2823 1228 2897 solam,
1246 2825 1389 2884 admonet
1406 2839 1485 2892 earn,
1504 2826 1538 2883 ut
1551 2827 1726 2882 revereatur
1742 2836 1890 2897 sponsum
1910 2820 1981 2880 ubi·

1114 2921 1175 2982 nne
1192 2912 1398 2983 praesentem,
1415 2911 1443 2965 et
1460 2903 1552 2966 huius
1568 2904 1683 2966 Patrem
1699 2912 1728 2962 et
1741 2902 1888 2979 Spiritum
1905 2919 1978 2961 san·

1114 2995 1207 3060 ctum,
1222 2995 1252 3049 ει
1264 2988 1448 3056 lineolarum
1462 2986 1719 3049 innumerabilem
1734 2986 1978 3064 mollitudinem,

1115 3077 1145 3132 el
1161 3087 1231 3132 enm
1247 3073 1295 3134 his
1310 3070 1430 3132 Patrem
1448 3077 1572 3132 sanctos
1588 3068 1727 3146 spiritns.
1750 3069 1864 3132 Nullus
1887 3070 1979 3130 onim

1115 3154 1242 3224 horam,
1257 3155 1430 3232 inquinem,
1446 3153 1715 3232 qainonubiqoe
1728 3154 1839 3214 ornnin
1850 3151 1978 3213 eidem.

1116 3237 1140 3298 0
1158 3243 1186 3298 le
1200 3240 1318 3300 beatam
1332 3253 1464 3298 animam
1477 3253 1586 3308 meam,
1600 3238 1625 3298 ει
1640 3250 1764 3312 semper
1777 3237 1806 3296 in
1822 3237 1880 3295 hoc
1894 3235 1978 3294 lben·

1116 3324 1161 3382 tro
1177 3338 1245 3383 esse
1262 3325 1291 3382 te
1303 3321 1447 3395 sentires,
1462 3320 1551 3380 etiarn
1566 3319 1596 3380 in
1611 3320 1721 3380 mediis
1735 3317 1870 3378 noctium
1890 3327 1978 3378 tene·

1116 3404 1191 3476 bris,
1209 3411 1238 3466 et
1255 3404 1400 3481 silentl03
1426 3420 1517 3480 quarn
1541 3402 1706 3480 perlectam
1730 3406 1820 3462 vitam
1837 3401 1980 3462 institue·

1117 3502 1177 3558 ιεε,
1195 3504 1286 3564 onam
1303 3487 1467 3564 diligenter
1481 3486 1647 3559 levitatem,
1664 3491 1694 3545 et
1710 3488 1921 3563 evagationem
1948 3500 1982 3544 o-

1119 3586 1220 3631 mnem
1237 3569 1376 3631 vitares?
1392 3569 1455 3628 lloc
1471 3568 1613 3630 nimirum
1630 3575 1689 3638 cst,
1706 3571 1787 3645 quod
1807 3568 1980 3628 Abrabame

1116 3653 1306 3714 Patriarcboe
1323 3650 1399 3713 dirit
1413 3649 1578 3728 aliqnando
1590 3651 1753 3714 Dominus:
1772 3649 1913 3712 Anrbulo
1928 3667 1982 3713 ca·

1116 3752 1190 3798 rom
1205 3753 1266 3809 nte,
1284 3743 1312 3798 cl
1328 3740 1391 3798 coto
1412 3735 1584 3812 perlectus,
1601 3734 1633 3796 id
1650 3742 1718 3804 est,
1736 3734 1834 3812 cogita
1853 3738 1880 3793 tc
1897 3752 1913 3794 a
1932 3749 1983 3794 mc

214 3821 413 3900 perlectoque
435 3821 617 3899 cognoscit,
642 3836 698 3880 nec
725 3820 824 3880 solum
842 3824 924 3880 novit
938 3823 1073 3899 integras
1119 3835 1243 3896 semper
1264 3819 1382 3894 videri,
1405 3825 1435 3881 ει
1457 3818 1519 3880 ειιε
1542 3820 1610 3881 sioo
1627 3819 1685 3880 nlla
1703 3817 1897 3880 dubitatione
1914 3833 1985 3896 per·

215 3903 414 3973 substantias,
432 3904 487 3965 sed
505 3905 595 3964 etiem
613 3910 734 3981 ponec,
751 3902 966 3979 proprietates.
983 3912 1073 3966 vrrtn·
1120 3903 1231 3964 lectus.

215 3991 275 4057 les,
293 3987 476 4057 accidentia,
493 3987 653 4060 actiones,
679 3985 749 4046 hinc
765 3993 837 4047 sont
850 3984 900 4047 illa
916 4004 924 4046 t
943 3987 988 4050 ιιι
1004 3989 1074 4066 qni·
1158 3985 1329 4064 longitudo
1342 3986 1511 4063 sapientiae
1525 3985 1554 4045 in
1569 3984 1746 4064 cognitione
1759 3982 1930 4046 loturornm
1946 4000 1982 4047 se

216 4069 290 4131 dem
304 4085 431 4148 pressas
445 4085 532 4132 meos
554 4069 780 4144 dinumerasti,
798 4075 849 4144 et,
865 4070 995 4148 respicit
1015 4069 1074 4133 Do·
1119 4069 1232 4145 prodit,
1256 4069 1302 4130 sic
1321 4069 1402 4132 enim
1425 4076 1513 4130 acute
1531 4069 1612 4130 licus
1633 4069 1727 4140 videt,
1746 4075 1778 4129 ut
1793 4069 1831 4128 ab
1848 4069 1913 4145 ipsa
1930 4085 1985 4130 ae·

215 4155 326 4215 arvinus
340 4155 411 4215 cios
427 4153 579 4224 hominis,
594 4157 634 4228 el,
652 4167 761 4214 omnes
776 4167 904 4230 pressus
920 4154 989 4215 cine
1001 4169 1073 4216 con·
1121 4153 1261 4214 ternitatc
1283 4153 1391 4215 viderit
1414 4169 1493 4230 qnae
1518 4153 1616 4214 lutura
1633 4159 1704 4214 sunt
1720 4153 1749 4213 in
1768 4159 1907 4226 tempore
1926 4167 1981 4212 no·

215 4235 350 4299 siderei.
369 4235 455 4310 Quod
483 4235 511 4298 si
537 4242 676 4296 numeral
698 4240 727 4296 et
750 4236 926 4297 considerat
947 4252 1074 4314 gressus
1119 4234 1256 4304 visslmo,
1275 4241 1305 4296 et
1322 4237 1397 4298 ultra
1415 4252 1537 4314 nsque3
1565 4241 1594 4296 in
1618 4241 1801 4304 aeternnm,
1820 4250 1877 4308 nna
1895 4242 1981 4296 certe

216 4321 369 4398 singulos,
387 4324 501 4397 quanto
525 4321 621 4398 magis
644 4319 781 4380 actiones
797 4317 922 4394 ιιιειιιιε,
939 4322 1005 4380 ειιε
1020 4322 1074 4382 bo·
1120 4318 1313 4396 longitndine
1330 4320 1405 4379 nihil
1422 4323 1520 4379 mains
1536 4317 1664 4396 cogitari
1682 4323 1793 4394 polest.
1812 4315 1982 4378 littellemi-

215 4417 295 4473 nas,
323 4405 388 4466 sive
416 4402 512 4464 malas
525 4401 541 4462 i
556 4412 586 4463 et
601 4401 626 4463 si
644 4402 726 4468 licus
752 4400 781 4461 in
800 4406 959 4463 numerato
981 4403 1073 4466 babet
1119 4402 1170 4471 sti,
1187 4401 1286 4480 inquit
1300 4400 1393 4463 David
1412 4403 1441 4462 in
1459 4401 1599 4469 Psalmis.
1617 4402 1818 4478 cognitiones
1835 4403 1983 4462 mecedo

216 4485 347 4561 capillos
364 4493 498 4559 nostros,
516 4485 594 4546 insta
608 4485 733 4546 verbum
749 4481 882 4545 Domini:
903 4485 1000 4547 Vestri
1015 4502 1072 4550 on·
1120 4485 1226 4562 longe,
1243 4493 1272 4545 et
1288 4485 1378 4562 paulo
1395 4491 1474 4562 post,
1494 4485 1538 4546 Tu
1550 4485 1728 4562 copnooistr'
1745 4484 1858 4546 cornia
1876 4485 1984 4546 ιιουιε-

216 4572 280 4630 ιειιι
300 4569 412 4648 ειριιιι
426 4568 542 4646 εαριιιε
561 4584 669 4631 omnes
683 4565 946 4642 numerationem,
960 4578 1073 4647 quanto
1118 4567 1213 4637 simo,
1238 4574 1267 4630 et
1288 4569 1439 4646 antiqno,
1457 4569 1486 4630 id
1503 4576 1562 4638 est,
1579 4569 1680 4628 omnia
1705 4568 1819 4638 lutura,
1835 4571 1865 4627 ει
1880 4569 1984 4630 οιιιιιιι

216 4650 315 4728 inagis
343 4653 425 4714 novit
450 4653 552 4712 omnia
582 4652 719 4714 membra
746 4651 896 4730 eorporis,
914 4659 943 4713 ct
966 4667 1074 4716 omnes
1120 4653 1302 4728 praeterita,
1328 4651 1411 4726 pleni
1433 4656 1505 4714 suot
1527 4649 1596 4711 libri
1612 4651 1836 4728 Prophetarum
1861 4653 1985 4728 praedi-

216 4735 344 4796 virtutes
366 4734 535 4797 animorum
549 4734 564 4794 ι
579 4741 609 4794 ει
632 4737 656 4796 ει
680 4751 842 4798 nnmerum
865 4733 946 4797 novit
968 4751 1073 4798 arena·
1119 4736 1275 4810 ottonibus
1289 4734 1481 4805 clarissimis,
1499 4739 1590 4810 atquc
1610 4735 1809 4807 verissimis,
1827 4749 1905 4806 oues
1922 4751 1985 4796 non

217 4829 285 4876 rum
303 4819 405 4892 maris,
422 4826 453 4879 ει
467 4823 619 4896 guttarum
643 4813 784 4894 pluviae,
807 4823 840 4880 ul
862 4816 1017 4896 colligitur
1038 4835 1075 4882 er
1121 4818 1178 4895 ipsi
1197 4833 1251 4894 per
1266 4834 1313 4892 se,
1329 4818 1397 4885 sed.
1417 4825 1449 4878 ut
1471 4819 1552 4876 canit
1567 4815 1742 4891 Zacharias,
1761 4815 1844 4878 neos
1868 4815 1984 4894 ιιριιιι-

217 4895 458 4976 Ecclesiastico,
476 4907 589 4978 quanto
607 4898 704 4979 magis
722 4915 815 4963 nosse
830 4901 1006 4963 credendus
1027 4909 1075 4965 cst
1120 4907 1169 4962 tus
1184 4910 1229 4963 cst
1249 4917 1309 4980 ρει
1331 4918 1365 4963 os
1389 4899 1596 4974 Sanctorum,
1616 4900 1674 4976 qui
1696 4899 1868 4962 ιι-εαιειιιο
1890 4907 1981 4974 sunt,

218 4997 382 5045 numerum
404 4985 561 5046 stellarum
578 5031 586 5060 ,
611 4989 642 5045 ει
655 4984 840 5063 Angelorum
853 4983 869 5043 ‘i
884 4990 914 5046 et
930 4985 955 5046 si
971 4987 1074 5048 omnia
1119 4983 1356 5063 Prophetarum
1376 4985 1457 5046 eius.
1474 4984 1572 5055 htoue
1589 4983 1667 5045 adeo
1683 4985 1760 5045 boec
1778 4982 1927 5059 praevisio
1949 4992 1982 5046 et

217 5065 311 5126 verba
337 5068 438 5128 ociosa
462 5069 598 5129 omnium
621 5067 780 5130 bominum
804 5068 936 5130 adducet
950 5068 979 5129 in
996 5068 1074 5130 indi·
1121 5068 1288 5143 praedictio
1305 5083 1428 5147 propria
1443 5073 1489 5128 est
1501 5065 1556 5128 Iiei
1573 5065 1682 5141 solius,
1697 5072 1728 5126 nt
1745 5067 1811 5144 ipse
1827 5065 1913 5126 Dens
1927 5084 1983 5142 per

222 5148 316 5224 cium,
334 5149 531 5211 nilhominus
553 5152 620 5227 ipsc
644 5155 781 5223 testatur,
804 5157 886 5213 certe
901 5167 991 5214 aures
1007 5151 1073 5215 cius
1119 5149 1229 5212 isaiam
1246 5155 1346 5213 dicul:
1364 5147 1571 5211 Antrunciole
1591 5166 1675 5228 quoe
1694 5157 1833 5212 centurn
1851 5154 1928 5211 surii
1944 5153 1982 5213 in

220 5247 329 5294 omnes
346 5247 437 5294 voces
453 5233 588 5295 onmium
605 5234 763 5298 bominum
790 5233 882 5296 simul
897 5235 1074 5311 exaudiunt,
1118 5234 1276 5312 lateram,
1291 5234 1478 5308 etscicmaa,
1489 5233 1566 5312 quio
1579 5231 1631 5294 hri·
1646 5237 1719 5296 estis
1731 5250 1796 5296 vos.
1807 5231 1849 5296 Ac
1863 5239 1897 5294 ut
1909 5253 1981 5310 pan-

108 5379 118 5398 ,
220 5331 279 5378 nec
295 5315 503 5378 solumvcces
518 5333 693 5394 corporum,
713 5321 767 5380 sed
784 5316 873 5381 ctiam
890 5319 1071 5390 animorum,
1119 5335 1153 5376 nn
1170 5319 1209 5380 de
1226 5319 1330 5379 ιιιιιιιιε
1353 5315 1600 5390 consideremus,
1623 5315 1722 5378 lanias
1745 5318 1791 5380 sic
1817 5317 1978 5392 loquitor:

220 5398 250 5460 id
268 5407 326 5473 cst,
343 5395 557 5478 cogitationes.
575 5405 605 5461 ει
620 5401 785 5463 desideria.
802 5399 916 5473 Quanta
932 5401 1023 5479 igitur
1045 5406 1075 5464 el
1118 5400 1203 5462 llaec
1215 5399 1458 5464 dicitDornlnus
1472 5397 1591 5462 Christo
1608 5416 1679 5462 nico
1694 5397 1787 5481 Cyro,
1808 5400 1903 5462 cuius
1921 5418 1978 5480 np-

221 5497 312 5560 quom
329 5483 478 5545 immensa
496 5489 544 5546 est
557 5482 634 5546 baec
650 5484 774 5546 latitudo
797 5483 1073 5561 sapientissimae
1116 5484 1277 5562 prehendi
1299 5484 1485 5555 decreram,
1509 5487 1545 5546 nt
1565 5479 1739 5547 subiiciunt
1763 5490 1839 5548 onte
1863 5481 1981 5558 sociem

222 5563 315 5627 simol
330 5567 444 5637 omnia,
468 5584 546 5645 quae
561 5572 643 5644 sont,
661 5573 690 5628 ει
706 5583 784 5647 quae
799 5565 932 5637 luerunt,
950 5573 979 5630 ει
994 5585 1073 5646 quae
1119 5570 1187 5630 etos
1198 5572 1352 5646 pentes,el
1364 5569 1462 5630 dorso
1472 5567 1597 5646 nepum
1607 5573 1741 5640 certam,
1752 5573 1810 5632 etc.
1819 5564 1875 5628 Ubi
1892 5583 1979 5644 praa·

220 5653 323 5756 erunt,
339 5656 371 5720 ct
385 5666 463 5734 quaa
479 5667 550 5724 esse
563 5656 709 5736 bossunt,
733 5649 995 5736 comprehcndit
1016 5667 1075 5724 nec
1117 5650 1228 5722 dicitnr
1242 5651 1419 5722 monarchia
1431 5649 1605 5734 Persarum,
1620 5656 1651 5720 et
1662 5653 1839 5722 nominatur
1849 5653 1977 5740 proprio
