4044 6256
785 323 888 384 LIBER
907 320 1062 382 TERTIUS
1666 323 1719 382 575

92 452 163 516 llcc
184 453 277 532 igitur
298 453 389 516 modo
410 451 551 516 inrtums
567 453 768 528 venceslaus,
786 455 904 520 tametsi
991 453 1161 526 Boleslaus,
1179 459 1264 534 parto
1279 454 1416 530 audacie,
1433 459 1463 518 et
1475 455 1595 518 scelere
1608 455 1791 533 principatu,

45 529 154 598 multo
179 536 254 598 satis
276 541 425 612 tempore,
448 536 590 612 equoris
611 538 727 611 matris,
744 537 905 616 fratrisque
950 540 1094 600 audacter
1108 537 1197 599 etiam
1214 538 1314 614 illum,
1331 544 1361 600 et
1376 553 1436 601 non
1448 537 1516 598 sine
1528 538 1646 600 scelere
1658 536 1696 600 ab
1709 537 1793 600 initio

45 619 262 682 contubernio
274 634 311 681 se
325 616 523 690 removisset,
545 623 677 680 attamen
700 625 733 680 ul
746 621 903 699 antiquum
949 620 1057 698 gessit,
1074 621 1168 695 idque
1184 636 1244 683 non
1260 621 1405 683 obscure.
1421 619 1579 697 Siquidem
1600 622 1680 682 ctare
1704 637 1791 694 voce,

46 709 195 766 servaret
210 717 326 762 morem
344 715 446 768 suum.
469 700 584 762 nemini
608 703 761 778 cuiquam,
779 718 838 767 oon
855 720 921 768 so-.
948 701 1092 764 omnibus
1107 701 1160 780 qni
1175 705 1274 781 aliqua
1292 720 1360 765 curn
1373 704 1443 764 divo
1455 701 1624 764 Venceslao
1638 703 1793 766 tomitiari-

46 781 116 844 lum
136 791 242 846 natura
257 781 531 859 coniunctissimis,
548 781 681 846 cilicium
704 799 795 850 suum
809 786 904 850 deue-
949 791 1008 850 tate
1024 784 1177 850 coniuncti
1199 790 1296 860 erant,
1321 803 1357 848 ee
1378 783 1545 863 praecipue
1567 785 1791 858 sacerdotibus,

45 865 148 942 gaudi
162 863 590 946 adnatalitiasellcleslaiiern
603 868 809 930 venturumad
821 868 902 932 diem
949 868 1135 945 quicumque
1155 883 1210 930 sua
1233 873 1343 946 sponte
1363 868 1485 930 Boemia
1508 884 1568 931 uon
1592 869 1791 942 decederent,

46 947 435 1024 recepit.1nrcrtmquctn
452 946 626 1010 cubiculum
643 951 808 1026 secedens,
825 959 904 1029 quos
948 965 1116 1021 carcerem,
1144 951 1281 1024 exilium,
1307 951 1415 1014 cedem
1431 950 1646 1012 denunciavit.
1670 949 1792 1014 Adiecit

48 1027 512 1106 accinctumaccensum
534 1030 572 1092 ad
589 1030 753 1095 fenestram
768 1033 901 1108 seducit,
948 1039 1043 1095 maier
1060 1049 1098 1094 nc
1113 1034 1196 1096 caesi
1218 1041 1317 1097 terrae
1340 1035 1566 1104 mandarentur,
1589 1035 1645 1096 scd
1666 1031 1790 1102 abiecti.

49 1111 205 1189 iubetque
221 1127 276 1175 eos
290 1111 321 1175 ic
337 1115 445 1174 atrium
461 1113 543 1177 Pauli
560 1112 742 1196 presbyteri,
759 1115 902 1195 trequen-
949 1122 981 1177 ut
1004 1117 1033 1177 tn
1056 1121 1174 1194 campis
1196 1117 1341 1194 iacerent,
1365 1132 1434 1178 esca
1452 1116 1629 1178 dilanianda
1651 1115 1790 1190 canibus,

47 1196 94 1256 tia
110 1195 307 1258 sacerdotum
329 1194 472 1258 relcrtum
494 1196 678 1274 despicere:
701 1214 738 1261 ac
759 1214 828 1262 mox
843 1201 903 1262 ulte
948 1197 1147 1276 alitibusque.
1164 1199 1245 1262 lntra
1260 1200 1353 1260 breve
1375 1198 1467 1277 igitur
1483 1208 1600 1274 tempus
1616 1198 1791 1272 vaticinium

46 1275 191 1354 suspiria
206 1277 441 1351 ducens‚lluam
457 1278 733 1358 capereminquit,
751 1297 846 1344 vanus
860 1283 903 1346 vi·
948 1280 1007 1341 divi
1023 1282 1183 1344 venceslai
1205 1283 1392 1358 completum
1413 1281 1479 1358 luit,
1503 1281 1705 1357 vaticinantis,
1728 1281 1791 1343 lore

46 1357 121 1422 deri
139 1377 247 1438 augur.
265 1361 442 1436 utinamque
456 1359 519 1431 bat,
532 1369 563 1422 ut
574 1359 689 1424 irritum
702 1365 784 1427 renti
796 1379 901 1428 eccum
948 1369 980 1424 ut
995 1380 1011 1425 a
1026 1365 1168 1428 discessu
1183 1380 1251 1440 suc,
1268 1366 1378 1426 atrium
1391 1364 1475 1426 Panti
1494 1364 1674 1444 presbytcri,
1690 1379 1790 1426 sacer·

46 1442 197 1506 auteraui
209 1457 312 1504 meum
327 1441 503 1522 augurium3
519 1443 621 1506 ridere
636 1447 740 1507 hmen
754 1447 827 1508 mihi
841 1447 914 1510 iam
947 1445 1071 1510 dotibus
1086 1464 1213 1510 vacnum
1230 1447 1422 1508 redderetur.
1435 1446 1598 1525 Correptus
1613 1449 1694 1508 inter
1706 1462 1790 1528 prae·

49 1523 176 1597 videor,
193 1539 264 1586 eum
279 1525 393 1601 locum,
411 1526 462 1601 qui
478 1541 544 1591 mee
560 1543 644 1602 cura,
661 1532 744 1592 lauto
758 1531 902 1594 sacerdu-
947 1527 1056 1606 cipuos
1079 1533 1116 1592 ad
1139 1528 1327 1606 supplicium
1352 1530 1515 1592 Podirinus
1537 1545 1672 1608 qnoque,
1697 1535 1790 1590 toturn

51 1613 120 1668 tum
148 1614 254 1677 caetu.
281 1614 427 1684 quantum
453 1608 579 1670 cernitis
602 1610 787 1685 celebratur,
810 1613 901 1692 paulo
947 1610 1105 1674 biennium
1126 1613 1156 1676 in
1179 1613 1261 1676 lurca
1283 1613 1342 1674 snh
1366 1613 1417 1674 dio
1442 1613 1592 1688 pendens,
1616 1613 1698 1682 nulla
1722 1611 1791 1673 tabe

48 1696 126 1765 post
152 1689 297 1752 discessu
321 1688 393 1752 hinc
419 1707 498 1760 mco.
525 1699 653 1769 repente
679 1695 835 1757 desertum
851 1696 900 1765 iri.
948 1696 1051 1757 victuri
1068 1695 1190 1757 nedum
1203 1695 1368 1774 corrumpi,
1385 1694 1556 1769 rinnhcique
1572 1696 1679 1772 potnit,
1693 1695 1791 1756 donec

47 1771 183 1834 caedem
199 1772 342 1836 videlicet
354 1773 548 1836 sacerdotum
563 1773 693 1838 intorem
716 1793 771 1854 per
783 1778 842 1840 ista
858 1780 903 1840 di·
947 1782 1017 1854 post
1032 1779 1168 1844 haustam
1185 1783 1283 1840 terrae
1299 1779 1382 1840 hiatu
1399 1778 1619 1850 lirahomirarn,
1641 1777 1789 1855 sepelire·

49 1859 177 1928 einans,
194 1872 272 1933 quae
288 1855 350 1917 illis
364 1855 402 1917 ab
416 1855 540 1919 interitu
556 1874 613 1920 suo
629 1859 813 1922 immineret.
830 1860 903 1923 Cae·
947 1866 1008 1923 tur.
1021 1859 1094 1923 llam
1111 1877 1171 1934 quo
1188 1859 1377 1922 manifestior
1395 1859 1575 1937 graviorque
1598 1875 1675 1937 pena
1698 1875 1790 1938 appa·

51 1942 156 2000 terum
171 1939 223 2016 qui
241 1947 312 2000 tunc
328 1943 507 2016 praesentes
522 1939 658 2014 aderent,
675 1957 736 2004 non
752 1942 902 2023 inlellige-
945 1951 1041 2018 reret,
1056 1958 1138 2022 quae
1150 1944 1258 2006 merito
1272 1942 1311 2006 de
1327 1942 1539 2010 crudelissima
1562 1948 1653 2020 atque
1674 1941 1789 2018 impiis·

51 2017 143 2090 bant,
168 2036 313 2094 quorsum
338 2020 418 2082 dicta
445 2021 522 2082 haec
547 2023 723 2086 tenderent.
737 2026 902 2093 Podirinus
946 2025 1024 2088 sima
1040 2027 1169 2089 muliere
1184 2026 1332 2105 exigenda
1349 2027 1456 2095 luerat,
1472 2041 1509 2087 eo
1526 2024 1597 2098 loci,
1613 2039 1674 2102 quo
1687 2023 1789 2092 adhuc

48 2109 170 2176 temen,
185 2120 313 2181 scopum
328 2107 500 2166 contectura
513 2106 691 2184 attingebat,
703 2124 773 2170 cum
788 2108 900 2172 boccan
947 2108 1099 2185 insepulta
1121 2107 1262 2170 iacebant
1282 2124 1351 2170 ossa
1377 2107 1547 2172 occisorum
1574 2107 1788 2182 secerdotum;

49 2199 146 2246 suum
163 2201 332 2248 revocares
346 2187 503 2263 proposito
514 2187 713 2252 Boleslaviam
727 2193 821 2254 eundi
836 2199 902 2256 ten·
947 2196 1026 2254 terra
1041 2205 1096 2254 sua
1108 2198 1218 2267 sponte
1228 2189 1394 2254 dehiscens
1406 2191 1499 2253 virarn
1511 2189 1717 2255 llrahcrniranv
1730 2205 1788 2250 una

51 2274 142 2337 tarel,
160 2268 215 2330 sed
232 2269 402 2331 incassum.
418 2267 497 2330 Olim
514 2287 644 2349 namque
668 2289 722 2348 pro
738 2275 900 2353 religione,
946 2289 1015 2336 cum
1031 2278 1173 2350 curru,el
1187 2273 1237 2351 qui
1251 2273 1340 2335 simul
1354 2273 1541 2336 vehebantur
1553 2272 1722 2344 absorbuit,
1735 2289 1787 2334 au·

48 2355 82 2410 et
97 2349 210 2428 pictate
224 2349 423 2422 Venceslaua,
447 2353 565 2414 nullum
582 2356 766 2430 periculum,
783 2358 901 2422 uultum
945 2356 1010 2436 riga
1024 2358 1091 2420 solo
1105 2356 1250 2418 ¹incolumi
1267 2356 1318 2431 qui
1335 2355 1373 2418 ad
1388 2370 1470 2418 aram
1487 2359 1565 2418 iuxta
1580 2357 1667 2416 silarn
1683 2351 1789 2436 (nnuc

48 2448 171 2502 casum,
189 2432 306 2498 nullum
319 2433 398 2496 vitae
413 2434 580 2496 discrimen
602 2436 662 2500 sibl
678 2438 830 2502 vitandum
847 2458 902 2518 pn·
946 2438 1027 2500 haud
1041 2437 1133 2521 extat)
1148 2455 1227 2518 equo
1240 2437 1389 2500 desiliens
1399 2437 1541 2510 accurrit,
1554 2454 1622 2499 cum
1635 2447 1717 2500 sorte
1729 2437 1787 2501 lin·

51 2515 135 2586 tavit,
150 2517 282 2593 ideoque
297 2516 665 2595 dislnstraliappetente,
681 2521 901 2599 nitnlamplius
946 2521 1136 2602 liunaholum
1161 2523 1273 2584 tinnire
1298 2521 1444 2584 audisset.
1473 2527 1504 2580 nt
1529 2536 1642 2597 corpus
1665 2519 1787 2583 Domini

52 2601 204 2674 moratus,
219 2615 310 2677 quam
324 2601 397 2660 dum
420 2615 454 2662 se
470 2603 549 2678 apud
573 2606 764 2666 sacerdotem
787 2606 899 2684 eripiat,
946 2608 1096 2680 adoraret,
1113 2611 1274 2668 cremante
1285 2604 1370 2666 illurn
1386 2603 1560 2665 llrahorntra
1571 2603 1715 2664 omnibus
1728 2619 1786 2662 ma·

50 2681 125 2740 durn
138 2697 208 2744 arec
219 2681 651 2758 adstat,dumsacrosanclum
664 2686 778 2750 delibat
791 2688 898 2758 libum,
946 2685 1080 2749 ledictis.
1096 2687 1194 2760 Quare
1210 2688 1310 2748 locum
1327 2702 1396 2746 eum
1411 2689 1501 2748 etiarn
1518 2703 1604 2756 num,
1620 2693 1651 2746 ut
1666 2700 1788 2747 execra-

47 2769 220 2825 erdremum
235 2765 342 2826 salotis
358 2766 593 2833 viaticuminde
608 2770 901 2836 continuollclesta-
947 2776 1020 2840 tuni,
1037 2769 1252 2847 funestumque
1273 2767 1430 2830 declinant
1452 2770 1592 2842 viatores,
1615 2769 1666 2845 qni
1687 2782 1788 2830 arcem

48 2846 130 2906 viam
146 2848 231 2922 petit.
248 2847 309 2910 Sed
334 2861 436 2925 neque
450 2847 610 2911 boleslaus
628 2854 829 2924 procrastinat
844 2854 900 2916 ire·
947 2851 1128 2929 pragensem
1140 2854 1178 2914 ab
1190 2848 1591 2927 occidentaliplagapelunt.
1602 2848 1788 2928 Quamquam

52 2927 90 2988 tri
106 2927 151 2991 ire
165 2929 297 3002 obviam,
314 2945 384 2990 eum
407 2931 579 3008 complecti,
596 2933 742 3011 gratulari
755 2935 899 2999 adventui
948 2940 1026 2996 terra
1041 2934 1149 2998 eodem
1166 2935 1224 2996 loci
1241 2933 1269 2994 in
1286 2937 1394 2996 statum
1418 2934 1579 3010 pristinum
1601 2933 1786 2994 cohaeserit.

47 3011 220 3090 composta
234 3011 420 3075 adulatione.
437 3011 579 3076 Convivia
601 3016 672 3078 dein
696 3024 792 3080 mater
814 3019 899 3082 adbi-
945 3015 1057 3092 Punici,
1075 3022 1106 3079 et
1120 3017 1163 3079 illi
1185 3018 1341 3090 divinitus,
1366 3015 1416 3088 qui
1438 3014 1609 3078 boleslaum
1632 3015 1785 3090 assectari,

52 3093 128 3168 bita,
153 3103 266 3172 quanto
293 3095 389 3173 magis
415 3096 451 3156 ed
477 3111 569 3158 omne
594 3097 712 3161 facinus
737 3104 898 3163 exercitata
944 3099 1064 3172 gladios
1085 3099 1176 3160 etiam
1198 3114 1272 3162 suos
1293 3098 1441 3160 adversus
1463 3098 1564 3159 dirnrn
1589 3095 1787 3160 Vcnceslaum

54 3181 131 3254 verat,
146 3181 226 3239 tanto
237 3177 379 3240 blandius
390 3176 543 3253 hospitem
556 3179 650 3242 illinrn
663 3181 780 3255 babuit,
799 3186 899 3246 traxit·
943 3181 1152 3244 strinxerunt:
1169 3197 1239 3259 pars
1253 3180 1334 3244 enim
1350 3195 1454 3241 eorum
1472 3183 1573 3242 mente
1588 3179 1730 3255 alienata,
1754 3179 1787 3240 in

55 3274 117 3333 quc
133 3259 163 3320 in
179 3276 279 3322 seram
295 3264 416 3322 noctem
432 3263 618 3325 convivium.
899 3313 900 3316 ,
943 3265 1125 3338 rabiemque
1139 3279 1224 3326 versa
1240 3262 1424 3341 praecipites
1446 3279 1481 3326 ex
1503 3265 1564 3336 alto
1587 3263 1730 3340 deorsum
1752 3277 1788 3324 sc

94 3343 130 3405 bl
141 3341 332 3406 venceslaus
347 3359 531 3421 quamquam
548 3345 734 3426 intelligeret
756 3362 817 3426 quc
834 3354 899 3412 ten·
944 3347 1076 3408 dabant:
1094 3348 1216 3421 quidam
1232 3343 1263 3406 in
1280 3361 1333 3408 eos
1348 3345 1480 3426 gladios,
1497 3361 1575 3422 quos
1588 3346 1785 3418 nudaverant,

56 3423 167 3486 decent
179 3425 357 3500 blanditiae,
374 3431 405 3486 et
424 3442 514 3503 quam
537 3427 577 3489 ob
599 3444 662 3489 rem
679 3431 900 3507 produceretur
943 3427 1136 3492 incumbere.
1152 3430 1195 3492 td
1211 3429 1299 3498 baec,
1316 3426 1421 3502 templi
1438 3429 1549 3502 paries,
1574 3441 1664 3504 quem
1688 3443 1786 3505 prope

53 3506 238 3584 convivium,
255 3525 316 3570 non
334 3517 434 3570 temen
449 3507 563 3582 omisit,
580 3511 652 3585 quin
675 3514 715 3575 de
730 3515 828 3576 media
845 3530 897 3576 no·
943 3512 1065 3574 occisus
1080 3511 1136 3574 luit
1157 3511 1245 3574 dirus
1265 3508 1465 3580 venceslaus.
1488 3512 1571 3572 velut
1591 3507 1696 3580 caedis
1716 3507 1784 3589 ipse

53 3594 101 3649 ete
118 3607 261 3670 surgens,
277 3594 336 3653 iret
350 3591 381 3652 in
399 3591 557 3668 templum,
574 3603 605 3654 ut
620 3595 778 3658 orationes
791 3596 898 3660 solitas
943 3611 1067 3672 quoque
1083 3593 1239 3664 conscius,
1255 3600 1306 3656 aut
1321 3591 1433 3669 potius,
1450 3601 1482 3655 ut
1496 3592 1583 3654 testis
1598 3591 1675 3654 iuret
1686 3592 1785 3654 scele·

53 3671 118 3733 Dec
141 3675 257 3750 optimo
278 3681 543 3736 commemoraret.
559 3674 593 3736 In
608 3691 644 3737 ea
667 3693 700 3740 re
715 3686 897 3754 occupatum
943 3679 986 3738 ris
998 3678 1190 3754 sempiterni,
1201 3676 1281 3738 nulla
1296 3676 1388 3738 ullius
1399 3690 1490 3752 opera
1503 3674 1649 3752 abstergi,
1663 3674 1787 3752 eluique

52 3754 332 3818 inraditlioleslaus
348 3757 450 3831 trater,
465 3773 480 3816 a
495 3764 589 3820 matre
604 3760 641 3820 ad
655 3761 760 3823 scelus
771 3760 897 3839 vigilan·
929 3759 1040 3840 potuit
1057 3779 1071 3820 a
1087 3773 1207 3831 cruore,
1232 3774 1294 3838 quo
1317 3772 1481 3836 respersus
1506 3774 1543 3822 ex
1570 3771 1698 3837 corpore
1723 3756 1786 3832 diri

55 3837 130 3897 tiore
146 3837 305 3909 excitatus,
322 3853 358 3900 ac
380 3840 478 3915 prime
499 3839 538 3901 ab
558 3840 620 3902 icto
644 3857 702 3903 suo
723 3842 895 3921 trustratnr,
942 3839 1104 3904 venceslai
1118 3841 1226 3905 luerat.
1674 3853 1678 3857 ’

52 3936 131 3988 cnse,
149 3920 209 3982 sibi
231 3921 271 3983 ob
293 3921 483 3998 insperatum
507 3929 664 3999 stuporem
688 3924 809 4003 elapso,
828 3943 898 3989 rnox
983 3923 1064 3987 llaec
1081 3926 1201 3987 landem
1217 3928 1261 3986 tot
1275 3922 1424 4002 prodigia,
1449 3928 1589 4002 tanquam
1611 3922 1691 3985 veria
1713 3937 1786 3999 sup·

51 4003 199 4066 redeunte
213 4007 316 4065 animo
331 4011 362 4065 et
375 4003 490 4079 lurore,
508 4021 599 4083 quem
625 4008 753 4070 sceleris
776 4009 897 4084 partici-
944 4006 1227 4096 plicia.Boleslanm
1244 4012 1467 4078 exterruerunt,
1478 4011 1510 4067 ut
1523 4006 1627 4068 mitius
1639 4003 1786 4081 deinceps

52 4100 107 4160 pes
122 4086 256 4148 clientuli
273 4086 408 4162 extingui
433 4102 492 4148 non
517 4087 724 4165 patiebantur.
742 4092 834 4152 ictum
851 4107 896 4153 re·
943 4105 1013 4150 cum
1030 4089 1205 4152 christianis
1220 4103 1322 4168 agere,
1340 4087 1557 4165 saevitiamque
1571 4102 1657 4150 suam
1678 4086 1783 4148 adrer-

53 4166 137 4243 petit,
150 4185 185 4229 ac
198 4168 285 4229 lecile
297 4169 446 4230 inermem
460 4169 594 4240 tratrem,
610 4171 822 4249 patienterque
835 4175 898 4250 pla·
942 4186 997 4233 sus
1012 4171 1082 4234 illos
1105 4172 1261 4234 remittere
1282 4171 1442 4247 inciperet.
1466 4170 1605 4232 Accessit
1627 4174 1784 4246 praeterea

51 4266 119 4328 gam
134 4250 350 4328 excipientem,
365 4245 524 4314 interficit:
547 4252 802 4331 dissimulataque
819 4272 896 4318 nece
943 4269 1039 4316 annus
1055 4271 1091 4314 cx
1105 4254 1234 4316 Caesare
1249 4252 1380 4324 Otthone
1395 4259 1501 4322 terror.
1516 4252 1673 4313 minitante
1688 4251 1785 4312 iratri-

55 4348 142 4395 mane
157 4333 255 4394 statim
272 4333 498 4404 liliumlnstral,
515 4349 691 4408 nomenque
707 4340 734 4394 ei
751 4339 831 4397 inter
853 4339 898 4399 lu·
943 4335 1014 4398 cidli
1037 4336 1197 4406 ultionem,
1221 4352 1290 4396 curn
1319 4335 1448 4406 primurn
1472 4333 1642 4396 Hunnicum
1669 4332 1786 4396 bellum

58 4418 222 4488 strandum,
240 4414 456 4496 Stracthuas,
475 4433 491 4478 a
507 4423 623 4478 terrore
638 4419 765 4480 convivii
784 4425 897 4482 mutato
942 4416 1139 4480 coniecisset.
1156 4418 1277 4495 Quippe
1292 4415 1393 4478 llunni
1410 4433 1446 4478 er
1463 4416 1613 4479 Pannonia
1630 4431 1729 4492 usque
1751 4416 1783 4477 in

56 4496 210 4566 vocabulo.
227 4500 308 4578 quod
325 4500 391 4576 ipse
407 4499 544 4561 terribile
560 4499 723 4578 parricidio
740 4499 895 4578 elveceret,
943 4499 1080 4562 Sreviam
1090 4501 1246 4579 progressi
1256 4499 1362 4562 urbem
1371 4498 1536 4578 Augustam
1544 4498 1705 4561 obsidione
1718 4514 1786 4576 pre·

57 4579 143 4642 indit.
157 4581 239 4643 Adeo
255 4582 375 4660 gloriari
393 4582 422 4642 in
436 4581 549 4643 matitia
562 4582 652 4644 etiam
664 4600 720 4646 sue
730 4585 895 4662 gestiebat,
943 4581 1077 4654 mebant,
1094 4589 1174 4644 tenta
1190 4598 1314 4644 sucrum
1331 4582 1535 4654 multitudine:
1552 4587 1585 4644 ut
1605 4581 1786 4644 dubitaverit

53 4663 103 4736 qui
120 4670 225 4738 potens
237 4665 343 4726 eratin
359 4665 663 4742 iniquitate,nescius
675 4667 895 4730 adesscDennr
943 4664 1044 4740 Ottho,
1062 4665 1184 4741 prodire
1200 4683 1238 4728 ne
1253 4665 1284 4726 in
1300 4666 1396 4727 aciem
1420 4669 1522 4726 contra
1547 4670 1643 4726 tantas
1664 4663 1781 4740 copias,

56 4743 144 4807 bonis
158 4747 239 4808 omni
258 4752 408 4825 tempore,
427 4753 489 4808 tum
506 4747 536 4808 in
552 4745 623 4822 vita,
647 4753 708 4810 turn
733 4752 764 4810 in
787 4759 895 4823 uiuite,
943 4764 981 4808 an
998 4747 1106 4810 castris
1122 4763 1156 4810 se
1172 4757 1276 4810 tenere
1292 4749 1432 4810 securius
1448 4748 1558 4808 luerit:
1575 4748 1629 4810 sed
1645 4745 1784 4808 dubitan-

54 4828 304 4903 quenadmodum
321 4829 531 4892 illustrissimo
546 4836 619 4891 tunc
634 4834 729 4909 patuit
742 4834 894 4912 exemplo.
942 4837 1001 4892 lem
1018 4830 1170 4905 Uldricus,
1187 4831 1341 4910 Augustae
1357 4831 1492 4895 Praesul.
1516 4830 1546 4890 in
1568 4830 1704 4891 divorum
1729 4845 1784 4891 nu·

54 4908 161 4972 neuen
179 4917 292 4990 quippe
310 4917 400 4974 nocte
415 4912 476 4976 llex
490 4913 604 4974 huniae
618 4916 628 4989 (
642 4913 711 4977 ride
726 4923 839 4993 quanto
851 4915 895 4978 ln·
942 4929 1058 4976 merum
1076 4921 1179 4991 postea
1197 4915 1324 4989 relatus,
1340 4912 1455 4975 indicto
1471 4914 1562 4974 unius
1577 4912 1637 4973 diei
1655 4912 1781 4980 ieiunio,

54 4995 173 5054 terraltn
188 5015 203 5053 a
221 4995 344 5057 llnernia
360 4996 514 5074 semotus)
531 5011 584 5074 per
599 4998 733 5071 quietem
746 5013 781 5058 se
793 4999 896 5060 admo·
941 5000 978 5057 ad
994 4996 1157 5059 ineundam
1175 5012 1305 5075 pugnam
1320 4996 1451 5073 impulit:
1466 5000 1578 5057 certam
1591 4993 1618 5056 ei
1630 4993 1784 5057 victoriam

16 5119 17 5124 η
55 5075 146 5135 nitnrn
162 5079 287 5163 cqaculo
302 5083 427 5140 testatus
442 5082 501 5148 est,
516 5086 547 5140 ut
561 5077 717 5142 Venceslai
732 5082 761 5141 in
774 5080 894 5144 licemia
941 5075 991 5162 (si
1016 5076 1220 5160 pugnaverit)
1235 5079 1429 5157 promittens.
1451 5075 1512 5139 lieo
1527 5075 1654 5138 lelellit:
1674 5082 1785 5138 tantem

56 5155 170 5220 alralre
185 5161 370 5227 obtruncati.
387 5162 563 5221 memoriam
579 5162 638 5222 sibi
662 5162 822 5224 colendam
844 5181 896 5226 sn·
941 5163 1022 5224 enirn
1039 5162 1117 5224 inter
1132 5161 1260 5223 Hennes
1274 5166 1406 5240 stragem
1419 5159 1509 5221 Ottho
1521 5160 1628 5235 edidit,
1643 5159 1784 5239 utbpcus

16 5293 17 5300 ,
56 5241 203 5319 sciperet:
221 5244 250 5304 id
267 5242 421 5319 mornado
442 5245 479 5303 ah
502 5246 571 5320 ipsc
594 5245 717 5322 laetum,
740 5260 894 5308 caeremc·
941 5248 1138 5323 Augustanus
1152 5243 1276 5312 llnvius.
1293 5241 1415 5305 mutatis
1428 5241 1461 5304 in
1477 5257 1616 5304 cruorem
1628 5243 1727 5319 aquis,
1739 5239 1783 5302 al-

16 5369 18 5402 ,
57 5323 131 5398 nice,
146 5329 334 5404 sacerdotes,
351 5326 497 5402 templum
514 5326 543 5388 in
560 5327 652 5388 llania
669 5329 739 5390 diro
760 5326 894 5392 venees·
941 5344 1028 5388 veum
1045 5344 1133 5388 suurn
1150 5327 1327 5391 laedereril.
1344 5323 1428 5401 Capti
1442 5329 1471 5384 tn
1485 5329 1590 5386 eadern
1605 5340 1703 5404 pugna
1720 5322 1781 5384 duo

16 5445 18 5498 Ι
60 5406 895 5490 laudedicatumdeclarant.Utlnterimaliapenein·
940 5411 1117 5492 Hnnncrurp
1134 5410 1245 5480 Duces,
1261 5406 1413 5486 supplicia
1428 5409 1572 5470 crucibus
1589 5409 1720 5469 luerunt.
1737 5403 1782 5466 le
1825 5483 1833 5498 ν

16 5523 20 5574 ,
60 5486 136 5550 linita
151 5491 375 5553 miraculedata
387 5507 480 5568 opera
495 5495 811 5570 transeamus‚parttm
825 5495 893 5570 quia
916 5545 918 5550 .
941 5491 1130 5556 Caesarianis
1147 5492 1276 5553 maxime
1292 5491 1434 5568 insignis,
1452 5489 1619 5564 conradus,
1643 5487 1783 5549 otthonis

16 5616 21 5678 Ρ
61 5577 133 5643 nota,
148 5579 177 5635 ct
190 5574 334 5644 illushia,
351 5575 458 5650 partim
475 5575 543 5650 qnia
560 5575 717 5638 decantata
739 5594 755 5639 a
778 5585 894 5642 nostra·
940 5593 1036 5654 gener
1051 5575 1173 5638 cecidit.
1190 5573 1362 5653 Atquehcc
1377 5573 1618 5647 interimemus,
1633 5572 1781 5648 quodper

16 5687 22 5746 q
60 5654 144 5732 tibus,
159 5656 269 5722 diebus
284 5673 364 5736 pene
380 5656 523 5722 omnibus
538 5657 701 5722 habentur.
941 5675 1042 5724 vinctas
1056 5659 1185 5721 huiusce
1201 5657 1308 5738 praelii
1325 5658 1516 5720 interiectum
1531 5655 1597 5728 luit,
1610 5653 1780 5728 Boleslaus,
