<?xml version="1.0" encoding="UTF-8"?>
<!DOCTYPE html PUBLIC "-//W3C//DTD XHTML 1.0 Transitional//EN"
    "http://www.w3.org/TR/xhtml1/DTD/xhtml1-transitional.dtd">
<html xmlns="http://www.w3.org/1999/xhtml" xml:lang="en" lang="en">
 <head>
  <title>
</title>
<meta http-equiv="Content-Type" content="text/html;charset=utf-8" />
  <meta name='ocr-system' content='tesseract 3.04.00' />
  <meta name='ocr-capabilities' content='ocr_page ocr_carea ocr_par ocr_line ocrx_word'/>
</head>
<body>
  <div class='ocr_page' id='page_1' title='image "./operaomnia00sforgoog/operaomnia00sforgoog_0418.png"; bbox 0 0 4086 6258; ppageno 0'>
   <div class='ocr_carea' id='block_1_1' title="bbox 5 293 1831 516">
    <p class='ocr_par' dir='ltr' id='par_1_1' title="bbox 5 293 1831 516">
     <span class='ocr_line' id='line_1_1' title="bbox 818 293 1762 358; baseline 0.006 -6"><span class='ocrx_word' id='word_1_1' title='bbox 818 294 926 354; x_wconf 79' lang='lat' dir='ltr'>LIBER</span> <span class='ocrx_word' id='word_1_2' title='bbox 947 293 1084 356; x_wconf 77' lang='lat' dir='ltr'><strong>PRIMUS</strong></span> <span class='ocrx_word' id='word_1_3' title='bbox 1709 296 1762 358; x_wconf 76' lang='lat' dir='ltr'><strong><em>tit</em></strong></span> 
     </span>
     <span class='ocr_line' id='line_1_2' title="bbox 5 421 1831 516; baseline 0.005 -29"><span class='ocrx_word' id='word_1_4' title='bbox 5 421 11 466; x_wconf 73' lang='lat' dir='ltr'><strong><em>i</em></strong></span> <span class='ocrx_word' id='word_1_5' title='bbox 46 437 91 488; x_wconf 73' lang='lat' dir='ltr'><strong><em>se</em></strong></span> <span class='ocrx_word' id='word_1_6' title='bbox 108 429 256 508; x_wconf 87' lang='lat' dir='ltr'><strong><em>aopitnre</em></strong></span> <span class='ocrx_word' id='word_1_7' title='bbox 266 430 306 493; x_wconf 88' lang='lat' dir='ltr'><strong><em>de</em></strong></span> <span class='ocrx_word' id='word_1_8' title='bbox 316 430 550 507; x_wconf 78' lang='lat' dir='ltr'><strong><em>illnmapnum</em></strong></span> <span class='ocrx_word' id='word_1_9' title='bbox 562 429 800 508; x_wconf 89' lang='lat' dir='ltr'><strong><em>promerendae</em></strong></span> <span class='ocrx_word' id='word_1_10' title='bbox 810 431 926 493; x_wconf 87' lang='lat' dir='ltr'><strong><em>salutis</em></strong></span> <span class='ocrx_word' id='word_1_11' title='bbox 972 429 1388 516; x_wconf 74' lang='lat' dir='ltr'><strong><em>hacopeccatorumsoplo,</em></strong></span> <span class='ocrx_word' id='word_1_12' title='bbox 1411 430 1831 511; x_wconf 78' lang='lat' dir='ltr'><strong><em>bnecmenmouimalldu·</em></strong></span> 
     </span>
    </p>
   </div>
   <div class='ocr_carea' id='block_1_2' title="bbox 5 507 1921 4358">
    <p class='ocr_par' dir='ltr' id='par_1_2' title="bbox 5 507 1921 4358">
     <span class='ocr_line' id='line_1_3' title="bbox 5 507 1835 596; baseline 0.003 -24"><span class='ocrx_word' id='word_1_13' title='bbox 5 507 13 558; x_wconf 83' lang='lat'><em>¹</em></span> <span class='ocrx_word' id='word_1_14' title='bbox 53 509 230 575; x_wconf 84' lang='lat' dir='ltr'><strong><em>indictum</em></strong></span> <span class='ocrx_word' id='word_1_15' title='bbox 246 528 311 576; x_wconf 85' lang='lat' dir='ltr'><strong><em>ease</em></strong></span> <span class='ocrx_word' id='word_1_16' title='bbox 326 513 481 576; x_wconf 87' lang='lat' dir='ltr'><strong><em>coniecto.</em></strong></span> <span class='ocrx_word' id='word_1_17' title='bbox 495 511 552 593; x_wconf 87' lang='lat' dir='ltr'><strong><em>(lle</em></strong></span> <span class='ocrx_word' id='word_1_18' title='bbox 564 513 675 577; x_wconf 77' lang='lat' dir='ltr'><strong><em>Encel.</em></strong></span> <span class='ocrx_word' id='word_1_19' title='bbox 689 511 777 591; x_wconf 77' lang='lat' dir='ltr'><strong><em>Vtra.</em></strong></span> <span class='ocrx_word' id='word_1_20' title='bbox 792 529 865 591; x_wconf 88' lang='lat' dir='ltr'><strong><em>cap.</em></strong></span> <span class='ocrx_word' id='word_1_21' title='bbox 880 513 926 591; x_wconf 83' lang='lat'><strong><em>3.)</em></strong></span> <span class='ocrx_word' id='word_1_22' title='bbox 972 514 1095 588; x_wconf 88' lang='lat' dir='ltr'><strong><em>oiaest,</em></strong></span> <span class='ocrx_word' id='word_1_23' title='bbox 1113 513 1835 596; x_wconf 80' lang='lat' dir='ltr'><strong><em>naectotarottospotmeae.fltsduobussan·</em></strong></span> 
     </span>
     <span class='ocr_line' id='line_1_4' title="bbox 5 595 1834 678; baseline 0.003 -22"><span class='ocrx_word' id='word_1_24' title='bbox 5 595 10 642; x_wconf 86' lang='lat' dir='ltr'><strong><em>l</em></strong></span> <span class='ocrx_word' id='word_1_25' title='bbox 53 597 89 656; x_wconf 79' lang='lat' dir='ltr'><strong><em>et</em></strong></span> <span class='ocrx_word' id='word_1_26' title='bbox 107 596 200 658; x_wconf 89' lang='lat' dir='ltr'><strong><em>inira:</em></strong></span> <span class='ocrx_word' id='word_1_27' title='bbox 217 597 360 661; x_wconf 70' lang='lat' dir='ltr'><strong><em>velocior</em></strong></span> <span class='ocrx_word' id='word_1_28' title='bbox 374 601 419 660; x_wconf 88' lang='lat' dir='ltr'><strong><em>est</em></strong></span> <span class='ocrx_word' id='word_1_29' title='bbox 441 611 692 678; x_wconf 77' lang='lat' dir='ltr'><strong><em>nonnumquam</em></strong></span> <span class='ocrx_word' id='word_1_30' title='bbox 706 597 796 660; x_wconf 90' lang='lat' dir='ltr'><strong><em>salus</em></strong></span> <span class='ocrx_word' id='word_1_31' title='bbox 809 611 927 661; x_wconf 89' lang='lat' dir='ltr'><strong><em>memo·</em></strong></span> <span class='ocrx_word' id='word_1_32' title='bbox 974 597 1121 660; x_wconf 88' lang='lat' dir='ltr'><strong><em>ctissimis</em></strong></span> <span class='ocrx_word' id='word_1_33' title='bbox 1147 597 1289 661; x_wconf 88' lang='lat' dir='ltr'><strong><em>Patribus</em></strong></span> <span class='ocrx_word' id='word_1_34' title='bbox 1316 599 1424 662; x_wconf 80' lang='lat' dir='ltr'>addam</span> <span class='ocrx_word' id='word_1_35' title='bbox 1451 602 1541 665; x_wconf 90' lang='lat' dir='ltr'><strong><em>etiam</em></strong></span> <span class='ocrx_word' id='word_1_36' title='bbox 1565 601 1644 664; x_wconf 89' lang='lat' dir='ltr'><strong><em>duos</em></strong></span> <span class='ocrx_word' id='word_1_37' title='bbox 1667 602 1705 665; x_wconf 88' lang='lat' dir='ltr'><strong><em>de</em></strong></span> <span class='ocrx_word' id='word_1_38' title='bbox 1728 599 1834 664; x_wconf 82' lang='lat' dir='ltr'><strong><em>subola</em></strong></span> 
     </span>
     <span class='ocr_line' id='line_1_5' title="bbox 5 678 1833 763; baseline 0.003 -23"><span class='ocrx_word' id='word_1_39' title='bbox 5 679 9 728; x_wconf 85' lang='lat' dir='ltr'><strong><em>l</em></strong></span> <span class='ocrx_word' id='word_1_40' title='bbox 51 683 135 743; x_wconf 85' lang='lat' dir='ltr'><strong><em>rata</em></strong></span> <span class='ocrx_word' id='word_1_41' title='bbox 152 681 289 745; x_wconf 91' lang='lat' dir='ltr'><strong><em>nomine</em></strong></span> <span class='ocrx_word' id='word_1_42' title='bbox 303 683 383 754; x_wconf 85' lang='lat' dir='ltr'><strong><em>eius,</em></strong></span> <span class='ocrx_word' id='word_1_43' title='bbox 401 680 549 763; x_wconf 81' lang='lat' dir='ltr'><strong><em>(Virginis</em></strong></span> <span class='ocrx_word' id='word_1_44' title='bbox 566 678 684 763; x_wconf 87' lang='lat' dir='ltr'><strong><em>matris)</em></strong></span> <span class='ocrx_word' id='word_1_45' title='bbox 712 696 812 760; x_wconf 83' lang='lat' dir='ltr'><strong><em>qnam</em></strong></span> <span class='ocrx_word' id='word_1_46' title='bbox 836 685 927 745; x_wconf 89' lang='lat' dir='ltr'><strong><em>inno·</em></strong></span> <span class='ocrx_word' id='word_1_47' title='bbox 974 679 1199 762; x_wconf 74' lang='lat' dir='ltr'><strong><em>&#39;theologorum</em></strong></span> <span class='ocrx_word' id='word_1_48' title='bbox 1223 698 1321 761; x_wconf 84' lang='lat' dir='ltr'><strong><em>aenne</em></strong></span> <span class='ocrx_word' id='word_1_49' title='bbox 1345 688 1479 748; x_wconf 88' lang='lat' dir='ltr'><strong><em>sanctos.</em></strong></span> <span class='ocrx_word' id='word_1_50' title='bbox 1504 685 1534 748; x_wconf 90' lang='lat' dir='ltr'><strong><em>S.</em></strong></span> <span class='ocrx_word' id='word_1_51' title='bbox 1558 685 1691 748; x_wconf 82' lang='lat' dir='ltr'><strong><em>Thomas</em></strong></span> <span class='ocrx_word' id='word_1_52' title='bbox 1709 685 1741 746; x_wconf 88' lang='lat' dir='ltr'><strong><em>in</em></strong></span> <span class='ocrx_word' id='word_1_53' title='bbox 1757 698 1833 763; x_wconf 90' lang='lat' dir='ltr'><strong><em>opu·</em></strong></span> 
     </span>
     <span class='ocr_line' id='line_1_6' title="bbox 5 763 1839 850; baseline 0.004 -26"><span class='ocrx_word' id='word_1_54' title='bbox 5 765 7 810; x_wconf 84' lang='lat' dir='ltr'><strong><em>l</em></strong></span> <span class='ocrx_word' id='word_1_55' title='bbox 53 771 136 826; x_wconf 81' lang='lat' dir='ltr'><strong><em>anto</em></strong></span> <span class='ocrx_word' id='word_1_56' title='bbox 152 764 286 828; x_wconf 88' lang='lat' dir='ltr'><strong><em>nomine</em></strong></span> <span class='ocrx_word' id='word_1_57' title='bbox 301 765 431 829; x_wconf 85' lang='lat' dir='ltr'><strong><em>Domini</em></strong></span> <span class='ocrx_word' id='word_1_58' title='bbox 444 764 531 840; x_wconf 83' lang='lat' dir='ltr'><strong><em>lesa,</em></strong></span> <span class='ocrx_word' id='word_1_59' title='bbox 555 765 647 828; x_wconf 89' lang='lat' dir='ltr'><strong><em>unici</em></strong></span> <span class='ocrx_word' id='word_1_60' title='bbox 668 763 730 840; x_wconf 75' lang='lat' dir='ltr'><strong><em>filit</em></strong></span> <span class='ocrx_word' id='word_1_61' title='bbox 750 766 815 827; x_wconf 87' lang='lat' dir='ltr'><strong><em>sui.</em></strong></span> <span class='ocrx_word' id='word_1_62' title='bbox 831 768 870 828; x_wconf 81' lang='lat' dir='ltr'><strong><em>Et</em></strong></span> <span class='ocrx_word' id='word_1_63' title='bbox 890 766 928 829; x_wconf 92' lang='lat' dir='ltr'><strong><em>id</em></strong></span> <span class='ocrx_word' id='word_1_64' title='bbox 973 764 1060 826; x_wconf 84' lang='lat' dir='ltr'><strong><em>scuto</em></strong></span> <span class='ocrx_word' id='word_1_65' title='bbox 1076 768 1087 840; x_wconf 91' lang='grc'>(</span> <span class='ocrx_word' id='word_1_66' title='bbox 1103 765 1217 842; x_wconf 82' lang='lat' dir='ltr'><strong><em>Opust.</em></strong></span> <span class='ocrx_word' id='word_1_67' title='bbox 1233 764 1290 849; x_wconf 89' lang='lat'><strong><em>8.)</em></strong></span> <span class='ocrx_word' id='word_1_68' title='bbox 1306 768 1344 828; x_wconf 90' lang='lat' dir='ltr'><strong><em>de</em></strong></span> <span class='ocrx_word' id='word_1_69' title='bbox 1362 768 1552 832; x_wconf 85' lang='lat' dir='ltr'><strong><em>salutatione</em></strong></span> <span class='ocrx_word' id='word_1_70' title='bbox 1566 768 1710 850; x_wconf 82' lang='lat' dir='ltr'><strong><em>Angelius</em></strong></span> <span class='ocrx_word' id='word_1_71' title='bbox 1726 769 1772 832; x_wconf 91' lang='lat' dir='ltr'><strong><em>sic</em></strong></span> <span class='ocrx_word' id='word_1_72' title='bbox 1785 767 1839 830; x_wconf 90' lang='lat' dir='ltr'><strong><em>lo·</em></strong></span> 
     </span>
     <span class='ocr_line' id='line_1_7' title="bbox 5 848 1834 932; baseline 0.001 -21"><span class='ocrx_word' id='word_1_73' title='bbox 5 879 6 892; x_wconf 29' lang='grc' dir='ltr'><strong>κ</strong></span> <span class='ocrx_word' id='word_1_74' title='bbox 53 850 200 926; x_wconf 78' lang='lat' dir='ltr'><strong><em>putam</em></strong></span> <span class='ocrx_word' id='word_1_75' title='bbox 210 848 438 926; x_wconf 77' lang='lat' dir='ltr'><strong><em>nonideobt,</em></strong></span> <span class='ocrx_word' id='word_1_76' title='bbox 461 849 635 930; x_wconf 83' lang='lat' dir='ltr'><strong><em>quodipsn</em></strong></span> <span class='ocrx_word' id='word_1_77' title='bbox 650 853 757 912; x_wconf 90' lang='lat' dir='ltr'><strong><em>maior</em></strong></span> <span class='ocrx_word' id='word_1_78' title='bbox 772 855 801 912; x_wconf 91' lang='lat' dir='ltr'><strong><em>et</em></strong></span> <span class='ocrx_word' id='word_1_79' title='bbox 816 853 926 928; x_wconf 92' lang='lat' dir='ltr'><strong><em>poten·</em></strong></span> <span class='ocrx_word' id='word_1_80' title='bbox 972 848 1091 926; x_wconf 88' lang='lat' dir='ltr'><strong><em>quitur:</em></strong></span> <span class='ocrx_word' id='word_1_81' title='bbox 1116 849 1292 913; x_wconf 72' lang='lat' dir='ltr'><strong><em>Benedicta</em></strong></span> <span class='ocrx_word' id='word_1_82' title='bbox 1311 855 1349 914; x_wconf 86' lang='lat' dir='ltr'><strong><em>ln</em></strong></span> <span class='ocrx_word' id='word_1_83' title='bbox 1362 851 1565 924; x_wconf 88' lang='lat' dir='ltr'><strong><em>mulieribus,</em></strong></span> <span class='ocrx_word' id='word_1_84' title='bbox 1582 851 1834 932; x_wconf 85' lang='lat' dir='ltr'><strong><em>quiaipsasola</em></strong></span> 
     </span>
     <span class='ocr_line' id='line_1_8' title="bbox 54 931 1834 1014; baseline 0.003 -23"><span class='ocrx_word' id='word_1_85' title='bbox 54 931 128 996; x_wconf 84' lang='lat' dir='ltr'><strong><em>tior</em></strong></span> <span class='ocrx_word' id='word_1_86' title='bbox 144 950 180 996; x_wconf 91' lang='lat' dir='ltr'><strong><em>eo</em></strong></span> <span class='ocrx_word' id='word_1_87' title='bbox 195 934 248 998; x_wconf 90' lang='lat' dir='ltr'><strong><em>sit:</em></strong></span> <span class='ocrx_word' id='word_1_88' title='bbox 265 949 325 996; x_wconf 86' lang='lat' dir='ltr'><strong><em>nec</em></strong></span> <span class='ocrx_word' id='word_1_89' title='bbox 340 934 429 996; x_wconf 76' lang='lat' dir='ltr'><strong><em>etnim</em></strong></span> <span class='ocrx_word' id='word_1_90' title='bbox 443 933 513 1011; x_wconf 90' lang='lat' dir='ltr'><strong><em>ipse</em></strong></span> <span class='ocrx_word' id='word_1_91' title='bbox 538 947 679 1012; x_wconf 82' lang='lat' dir='ltr'><strong><em>utapnus</em></strong></span> <span class='ocrx_word' id='word_1_92' title='bbox 705 937 735 996; x_wconf 90' lang='lat' dir='ltr'><strong><em>ct</em></strong></span> <span class='ocrx_word' id='word_1_93' title='bbox 747 941 859 1010; x_wconf 83' lang='lat' dir='ltr'><strong><em>potens</em></strong></span> <span class='ocrx_word' id='word_1_94' title='bbox 882 939 927 996; x_wconf 87' lang='lat' dir='ltr'><strong><em>est</em></strong></span> <span class='ocrx_word' id='word_1_95' title='bbox 972 933 1233 996; x_wconf 88' lang='lat' dir='ltr'><strong><em>maledictionem</em></strong></span> <span class='ocrx_word' id='word_1_96' title='bbox 1254 935 1395 1006; x_wconf 75' lang='lat' dir='ltr'><strong><em>sustulit,</em></strong></span> <span class='ocrx_word' id='word_1_97' title='bbox 1414 941 1443 998; x_wconf 91' lang='lat' dir='ltr'><strong><em>et</em></strong></span> <span class='ocrx_word' id='word_1_98' title='bbox 1457 935 1711 1000; x_wconf 75' lang='lat' dir='ltr'><strong><em>benedictionem</em></strong></span> <span class='ocrx_word' id='word_1_99' title='bbox 1723 939 1834 1014; x_wconf 90' lang='lat' dir='ltr'><strong><em>porta·</em></strong></span> 
     </span>
     <span class='ocr_line' id='line_1_9' title="bbox 53 1015 1834 1099; baseline 0.003 -23"><span class='ocrx_word' id='word_1_100' title='bbox 53 1029 122 1092; x_wconf 87' lang='lat' dir='ltr'><strong><em>per</em></strong></span> <span class='ocrx_word' id='word_1_101' title='bbox 138 1033 222 1090; x_wconf 87' lang='lat' dir='ltr'><strong><em>eam,</em></strong></span> <span class='ocrx_word' id='word_1_102' title='bbox 239 1019 298 1082; x_wconf 90' lang='lat' dir='ltr'><strong><em>sed</em></strong></span> <span class='ocrx_word' id='word_1_103' title='bbox 311 1016 372 1080; x_wconf 89' lang='lat' dir='ltr'><strong><em>illa</em></strong></span> <span class='ocrx_word' id='word_1_104' title='bbox 384 1033 445 1096; x_wconf 90' lang='lat' dir='ltr'><strong><em>per</em></strong></span> <span class='ocrx_word' id='word_1_105' title='bbox 459 1017 579 1094; x_wconf 86' lang='lat' dir='ltr'><strong><em>ipsum.</em></strong></span> <span class='ocrx_word' id='word_1_106' title='bbox 602 1015 706 1093; x_wconf 85' lang='lat' dir='ltr'><strong><em>Quare</em></strong></span> <span class='ocrx_word' id='word_1_107' title='bbox 729 1032 803 1096; x_wconf 83' lang='lat' dir='ltr'><strong><em>erpo</em></strong></span> <span class='ocrx_word' id='word_1_108' title='bbox 819 1033 926 1096; x_wconf 85' lang='lat' dir='ltr'><strong><em>prom·</em></strong></span> <span class='ocrx_word' id='word_1_109' title='bbox 972 1017 1026 1086; x_wconf 85' lang='lat' dir='ltr'><strong><em>uit,</em></strong></span> <span class='ocrx_word' id='word_1_110' title='bbox 1044 1023 1072 1077; x_wconf 92' lang='lat' dir='ltr'><strong><em>et</em></strong></span> <span class='ocrx_word' id='word_1_111' title='bbox 1083 1017 1224 1080; x_wconf 87' lang='lat' dir='ltr'><strong><em>ianuam</em></strong></span> <span class='ocrx_word' id='word_1_112' title='bbox 1236 1020 1388 1096; x_wconf 89' lang='lat' dir='ltr'><strong><em>paradisi</em></strong></span> <span class='ocrx_word' id='word_1_113' title='bbox 1402 1022 1541 1099; x_wconf 89' lang='lat' dir='ltr'><strong><em>aperuit.</em></strong></span> <span class='ocrx_word' id='word_1_114' title='bbox 1555 1021 1671 1084; x_wconf 73' lang='lat' dir='ltr'><strong><em>Etideo</em></strong></span> <span class='ocrx_word' id='word_1_115' title='bbox 1687 1017 1834 1083; x_wconf 86' lang='lat' dir='ltr'><strong><em>conuenit</em></strong></span> 
     </span>
     <span class='ocr_line' id='line_1_10' title="bbox 50 1100 1832 1183; baseline 0.003 -22"><span class='ocrx_word' id='word_1_116' title='bbox 50 1101 151 1176; x_wconf 84' lang='lat' dir='ltr'><strong><em>ptior</em></strong></span> <span class='ocrx_word' id='word_1_117' title='bbox 165 1101 254 1165; x_wconf 89' lang='lat' dir='ltr'><strong><em>salus</em></strong></span> <span class='ocrx_word' id='word_1_118' title='bbox 276 1101 315 1164; x_wconf 88' lang='lat' dir='ltr'><strong><em>in</em></strong></span> <span class='ocrx_word' id='word_1_119' title='bbox 339 1101 564 1164; x_wconf 80' lang='lat' dir='ltr'><strong><em>recordatione</em></strong></span> <span class='ocrx_word' id='word_1_120' title='bbox 581 1101 650 1164; x_wconf 87' lang='lat' dir='ltr'><strong><em>eius</em></strong></span> <span class='ocrx_word' id='word_1_121' title='bbox 666 1116 766 1180; x_wconf 82' lang='lat' dir='ltr'><strong><em>quom</em></strong></span> <span class='ocrx_word' id='word_1_122' title='bbox 788 1100 850 1176; x_wconf 77' lang='lat' dir='ltr'><strong><em>filli</em></strong></span> <span class='ocrx_word' id='word_1_123' title='bbox 874 1103 928 1162; x_wconf 89' lang='lat' dir='ltr'><strong><em>sui</em></strong></span> <span class='ocrx_word' id='word_1_124' title='bbox 972 1101 1002 1160; x_wconf 89' lang='lat' dir='ltr'><strong><em>ei</em></strong></span> <span class='ocrx_word' id='word_1_125' title='bbox 1017 1100 1353 1182; x_wconf 85' lang='lat' dir='ltr'><strong><em>nomenltinria,qnac</em></strong></span> <span class='ocrx_word' id='word_1_126' title='bbox 1364 1103 1597 1183; x_wconf 86' lang='lat' dir='ltr'><strong><em>iuterpretatur</em></strong></span> <span class='ocrx_word' id='word_1_127' title='bbox 1610 1104 1703 1167; x_wconf 92' lang='lat' dir='ltr'><strong><em>stella</em></strong></span> <span class='ocrx_word' id='word_1_128' title='bbox 1713 1104 1832 1178; x_wconf 88' lang='lat' dir='ltr'><strong><em>moris,</em></strong></span> 
     </span>
     <span class='ocr_line' id='line_1_11' title="bbox 50 1183 1832 1266; baseline 0.004 -23"><span class='ocrx_word' id='word_1_129' title='bbox 50 1197 160 1263; x_wconf 85' lang='lat' dir='ltr'><strong><em>saepe</em></strong></span> <span class='ocrx_word' id='word_1_130' title='bbox 175 1187 374 1264; x_wconf 73' lang='lat' dir='ltr'><strong><em>percipitur?</em></strong></span> <span class='ocrx_word' id='word_1_131' title='bbox 387 1185 502 1247; x_wconf 87' lang='lat' dir='ltr'><strong><em>llicnm</em></strong></span> <span class='ocrx_word' id='word_1_132' title='bbox 517 1185 605 1266; x_wconf 81' lang='lat' dir='ltr'><strong><em>qnod</em></strong></span> <span class='ocrx_word' id='word_1_133' title='bbox 619 1183 841 1247; x_wconf 70' lang='lat' dir='ltr'><strong><em>sentinlilius</em></strong></span> <span class='ocrx_word' id='word_1_134' title='bbox 857 1186 927 1256; x_wconf 89' lang='lat' dir='ltr'><strong><em>eius</em></strong></span> <span class='ocrx_word' id='word_1_135' title='bbox 973 1183 1053 1261; x_wconf 84' lang='lat' dir='ltr'><strong><em>qula</em></strong></span> <span class='ocrx_word' id='word_1_136' title='bbox 1068 1185 1151 1245; x_wconf 91' lang='lat' dir='ltr'><strong><em>sicut</em></strong></span> <span class='ocrx_word' id='word_1_137' title='bbox 1164 1201 1223 1263; x_wconf 90' lang='lat' dir='ltr'><strong><em>per</em></strong></span> <span class='ocrx_word' id='word_1_138' title='bbox 1236 1186 1470 1250; x_wconf 85' lang='lat' dir='ltr'><strong><em>stellammaris</em></strong></span> <span class='ocrx_word' id='word_1_139' title='bbox 1481 1189 1674 1266; x_wconf 83' lang='lat' dir='ltr'><strong><em>naoipanles</em></strong></span> <span class='ocrx_word' id='word_1_140' title='bbox 1683 1189 1832 1266; x_wconf 71' lang='lat' dir='ltr'><strong><em>diripim-</em></strong></span> 
     </span>
     <span class='ocr_line' id='line_1_12' title="bbox 52 1265 1832 1352; baseline 0.003 -25"><span class='ocrx_word' id='word_1_141' title='bbox 52 1265 219 1332; x_wconf 80' lang='lat' dir='ltr'><strong><em>Dominus</em></strong></span> <span class='ocrx_word' id='word_1_142' title='bbox 237 1279 292 1348; x_wconf 89' lang='lat' dir='ltr'><strong><em>est,</em></strong></span> <span class='ocrx_word' id='word_1_143' title='bbox 307 1276 337 1332; x_wconf 90' lang='lat' dir='ltr'><strong><em>et</em></strong></span> <span class='ocrx_word' id='word_1_144' title='bbox 349 1268 458 1332; x_wconf 83' lang='lat' dir='ltr'><strong><em>Iudem</em></strong></span> <span class='ocrx_word' id='word_1_145' title='bbox 473 1271 619 1332; x_wconf 90' lang='lat' dir='ltr'><strong><em>omnium</em></strong></span> <span class='ocrx_word' id='word_1_146' title='bbox 632 1271 819 1331; x_wconf 83' lang='lat' dir='ltr'><strong><em>discernens</em></strong></span> <span class='ocrx_word' id='word_1_147' title='bbox 831 1270 927 1331; x_wconf 89' lang='lat' dir='ltr'><strong><em>meri·</em></strong></span> <span class='ocrx_word' id='word_1_148' title='bbox 973 1266 1237 1344; x_wconf 71' lang='lat' dir='ltr'><strong><em>tirannorum,</em></strong></span> <span class='ocrx_word' id='word_1_149' title='bbox 1253 1271 1301 1331; x_wconf 89' lang='lat' dir='ltr'><strong><em>ita</em></strong></span> <span class='ocrx_word' id='word_1_150' title='bbox 1312 1268 1688 1352; x_wconf 81' lang='lat' dir='ltr'><strong><em>curisttautdtrtpuntur</em></strong></span> <span class='ocrx_word' id='word_1_151' title='bbox 1697 1270 1832 1352; x_wconf 79' lang='lat' dir='ltr'><strong><em>perilo-</em></strong></span> 
     </span>
     <span class='ocr_line' id='line_1_13' title="bbox 53 1351 1830 1433; baseline 0.005 -23"><span class='ocrx_word' id='word_1_152' title='bbox 53 1355 95 1412; x_wconf 88' lang='lat' dir='ltr'><strong><em>ta</em></strong></span> <span class='ocrx_word' id='word_1_153' title='bbox 112 1352 421 1433; x_wconf 71' lang='lat' dir='ltr'><strong><em>stnputorummun</em></strong></span> <span class='ocrx_word' id='word_1_154' title='bbox 436 1353 540 1432; x_wconf 81' lang='lat' dir='ltr'><strong><em>ipilur</em></strong></span> <span class='ocrx_word' id='word_1_155' title='bbox 555 1370 576 1415; x_wconf 92' lang='lat' dir='ltr'><strong><em>a</em></strong></span> <span class='ocrx_word' id='word_1_156' title='bbox 592 1354 704 1433; x_wconf 81' lang='lat' dir='ltr'><strong><em>quouis</em></strong></span> <span class='ocrx_word' id='word_1_157' title='bbox 718 1367 777 1414; x_wconf 90' lang='lat' dir='ltr'><strong><em>suo</em></strong></span> <span class='ocrx_word' id='word_1_158' title='bbox 793 1352 928 1415; x_wconf 88' lang='lat' dir='ltr'><strong><em>nomiae</em></strong></span> <span class='ocrx_word' id='word_1_159' title='bbox 972 1351 1059 1410; x_wconf 89' lang='lat' dir='ltr'><strong><em>riam</em></strong></span> <span class='ocrx_word' id='word_1_160' title='bbox 1081 1351 1126 1412; x_wconf 90' lang='lat' dir='ltr'><strong><em>ad</em></strong></span> <span class='ocrx_word' id='word_1_161' title='bbox 1146 1351 1297 1430; x_wconf 82' lang='lat' dir='ltr'><strong><em>ploriom.</em></strong></span> <span class='ocrx_word' id='word_1_162' title='bbox 1321 1353 1451 1417; x_wconf 87' lang='lat' dir='ltr'><strong><em>Sanctus</em></strong></span> <span class='ocrx_word' id='word_1_163' title='bbox 1474 1355 1684 1420; x_wconf 83' lang='lat' dir='ltr'><strong><em>Bonarentura</em></strong></span> <span class='ocrx_word' id='word_1_164' title='bbox 1713 1357 1743 1417; x_wconf 89' lang='lat' dir='ltr'><strong><em>in</em></strong></span> <span class='ocrx_word' id='word_1_165' title='bbox 1773 1369 1830 1418; x_wconf 88' lang='lat' dir='ltr'><strong><em>sun</em></strong></span> 
     </span>
     <span class='ocr_line' id='line_1_14' title="bbox 55 1434 1877 1516; baseline 0.003 -20"><span class='ocrx_word' id='word_1_166' title='bbox 55 1435 247 1516; x_wconf 78' lang='lat' dir='ltr'><strong><em>invocatus,</em></strong></span> <span class='ocrx_word' id='word_1_167' title='bbox 264 1455 334 1502; x_wconf 91' lang='lat' dir='ltr'><strong><em>non</em></strong></span> <span class='ocrx_word' id='word_1_168' title='bbox 348 1436 457 1499; x_wconf 88' lang='lat' dir='ltr'><strong><em>statim</em></strong></span> <span class='ocrx_word' id='word_1_169' title='bbox 471 1438 622 1508; x_wconf 84' lang='lat' dir='ltr'><strong><em>emaudil,</em></strong></span> <span class='ocrx_word' id='word_1_170' title='bbox 637 1437 778 1516; x_wconf 73' lang='lat' dir='ltr'><strong><em>prolecto</em></strong></span> <span class='ocrx_word' id='word_1_171' title='bbox 793 1438 829 1499; x_wconf 90' lang='lat' dir='ltr'><strong><em>id</em></strong></span> <span class='ocrx_word' id='word_1_172' title='bbox 843 1437 927 1498; x_wconf 89' lang='lat' dir='ltr'><strong><em>iuste</em></strong></span> <span class='ocrx_word' id='word_1_173' title='bbox 974 1434 1115 1495; x_wconf 78' lang='lat' dir='ltr'><strong><em>Phoraua</em></strong></span> <span class='ocrx_word' id='word_1_174' title='bbox 1133 1439 1179 1495; x_wconf 89' lang='lat' dir='ltr'><strong><em>sin</em></strong></span> <span class='ocrx_word' id='word_1_175' title='bbox 1201 1438 1257 1496; x_wconf 88' lang='lat' dir='ltr'><strong><em>att:</em></strong></span> <span class='ocrx_word' id='word_1_176' title='bbox 1276 1435 1377 1509; x_wconf 88' lang='lat' dir='ltr'><strong><em>Sicut,</em></strong></span> <span class='ocrx_word' id='word_1_177' title='bbox 1401 1439 1629 1512; x_wconf 87' lang='lat' dir='ltr'><strong><em>abeatissimo,</em></strong></span> <span class='ocrx_word' id='word_1_178' title='bbox 1647 1440 1752 1502; x_wconf 89' lang='lat' dir='ltr'><strong><em>omnis</em></strong></span> <span class='ocrx_word' id='word_1_179' title='bbox 1767 1453 1788 1500; x_wconf 91' lang='lat' dir='ltr'><strong><em>a</em></strong></span> <span class='ocrx_word' id='word_1_180' title='bbox 1802 1444 1833 1502; x_wconf 84' lang='lat' dir='ltr'><strong><em>la</em></strong></span> <span class='ocrx_word' id='word_1_181' title='bbox 1871 1461 1877 1477; x_wconf 92' lang='lat'><strong>·</strong></span> 
     </span>
     <span class='ocr_line' id='line_1_15' title="bbox 53 1517 1828 1601; baseline 0.002 -20"><span class='ocrx_word' id='word_1_182' title='bbox 53 1517 151 1594; x_wconf 72' lang='lat' dir='ltr'><strong><em>lacit.</em></strong></span> <span class='ocrx_word' id='word_1_183' title='bbox 170 1521 324 1586; x_wconf 84' lang='lat' dir='ltr'><strong><em>inuocato</em></strong></span> <span class='ocrx_word' id='word_1_184' title='bbox 341 1524 449 1584; x_wconf 91' lang='lat' dir='ltr'><strong><em>nutem</em></strong></span> <span class='ocrx_word' id='word_1_185' title='bbox 464 1521 598 1583; x_wconf 89' lang='lat' dir='ltr'><strong><em>nomine</em></strong></span> <span class='ocrx_word' id='word_1_186' title='bbox 608 1523 735 1590; x_wconf 83' lang='lat' dir='ltr'><strong><em>matris.</em></strong></span> <span class='ocrx_word' id='word_1_187' title='bbox 754 1523 783 1583; x_wconf 88' lang='lat' dir='ltr'><strong><em>et</em></strong></span> <span class='ocrx_word' id='word_1_188' title='bbox 793 1520 822 1582; x_wconf 89' lang='lat' dir='ltr'><strong><em>si</em></strong></span> <span class='ocrx_word' id='word_1_189' title='bbox 832 1519 927 1582; x_wconf 89' lang='lat' dir='ltr'><strong><em>meri·</em></strong></span> <span class='ocrx_word' id='word_1_190' title='bbox 973 1531 1105 1580; x_wconf 89' lang='lat' dir='ltr'><strong><em>auersus</em></strong></span> <span class='ocrx_word' id='word_1_191' title='bbox 1118 1522 1148 1580; x_wconf 92' lang='lat' dir='ltr'><strong><em>ct</em></strong></span> <span class='ocrx_word' id='word_1_192' title='bbox 1162 1535 1184 1580; x_wconf 91' lang='lat' dir='ltr'><strong><em>a</em></strong></span> <span class='ocrx_word' id='word_1_193' title='bbox 1195 1523 1224 1582; x_wconf 91' lang='lat' dir='ltr'><strong><em>te</em></strong></span> <span class='ocrx_word' id='word_1_194' title='bbox 1239 1521 1415 1599; x_wconf 87' lang='lat' dir='ltr'><strong><em>despectus,</em></strong></span> <span class='ocrx_word' id='word_1_195' title='bbox 1432 1538 1560 1586; x_wconf 88' lang='lat' dir='ltr'><strong><em>necesse</em></strong></span> <span class='ocrx_word' id='word_1_196' title='bbox 1575 1528 1620 1585; x_wconf 85' lang='lat' dir='ltr'><strong><em>est</em></strong></span> <span class='ocrx_word' id='word_1_197' title='bbox 1634 1528 1670 1586; x_wconf 91' lang='lat' dir='ltr'><strong><em>ut</em></strong></span> <span class='ocrx_word' id='word_1_198' title='bbox 1680 1525 1828 1601; x_wconf 89' lang='lat' dir='ltr'><strong><em>intereat,</em></strong></span> 
     </span>
     <span class='ocr_line' id='line_1_16' title="bbox 53 1600 1829 1687; baseline 0.003 -24"><span class='ocrx_word' id='word_1_199' title='bbox 53 1607 92 1663; x_wconf 87' lang='lat' dir='ltr'><strong><em>ta</em></strong></span> <span class='ocrx_word' id='word_1_200' title='bbox 115 1605 300 1669; x_wconf 81' lang='lat' dir='ltr'><strong><em>invocantis</em></strong></span> <span class='ocrx_word' id='word_1_201' title='bbox 314 1621 384 1668; x_wconf 92' lang='lat' dir='ltr'><strong><em>non</em></strong></span> <span class='ocrx_word' id='word_1_202' title='bbox 398 1611 566 1668; x_wconf 89' lang='lat' dir='ltr'><strong><em>mereatur</em></strong></span> <span class='ocrx_word' id='word_1_203' title='bbox 579 1610 616 1668; x_wconf 89' lang='lat' dir='ltr'><strong><em>ut</em></strong></span> <span class='ocrx_word' id='word_1_204' title='bbox 631 1605 846 1678; x_wconf 83' lang='lat' dir='ltr'><strong><em>amandiatur,</em></strong></span> <span class='ocrx_word' id='word_1_205' title='bbox 862 1619 926 1666; x_wconf 89' lang='lat' dir='ltr'><strong><em>me·</em></strong></span> <span class='ocrx_word' id='word_1_206' title='bbox 971 1600 1020 1662; x_wconf 88' lang='lat' dir='ltr'><strong><em>ita</em></strong></span> <span class='ocrx_word' id='word_1_207' title='bbox 1042 1603 1148 1664; x_wconf 88' lang='lat' dir='ltr'><strong><em>omnis</em></strong></span> <span class='ocrx_word' id='word_1_208' title='bbox 1169 1603 1214 1666; x_wconf 85' lang='lat' dir='ltr'><strong><em>ad</em></strong></span> <span class='ocrx_word' id='word_1_209' title='bbox 1234 1607 1264 1666; x_wconf 92' lang='lat' dir='ltr'><strong><em>te</em></strong></span> <span class='ocrx_word' id='word_1_210' title='bbox 1278 1620 1449 1669; x_wconf 66' lang='lat' dir='ltr'><strong><em>eaonoersus</em></strong></span> <span class='ocrx_word' id='word_1_211' title='bbox 1464 1611 1527 1669; x_wconf 91' lang='lat' dir='ltr'><strong><em>eta</em></strong></span> <span class='ocrx_word' id='word_1_212' title='bbox 1541 1611 1569 1670; x_wconf 87' lang='lat' dir='ltr'><strong><em>te</em></strong></span> <span class='ocrx_word' id='word_1_213' title='bbox 1582 1612 1756 1687; x_wconf 88' lang='lat' dir='ltr'><strong><em>respectus,</em></strong></span> <span class='ocrx_word' id='word_1_214' title='bbox 1771 1605 1829 1669; x_wconf 91' lang='lat' dir='ltr'><strong><em>im·</em></strong></span> 
     </span>
     <span class='ocr_line' id='line_1_17' title="bbox 53 1684 1831 1773; baseline 0.003 -27"><span class='ocrx_word' id='word_1_215' title='bbox 53 1687 126 1748; x_wconf 85' lang='lat' dir='ltr'><strong><em>rita</em></strong></span> <span class='ocrx_word' id='word_1_216' title='bbox 152 1695 262 1752; x_wconf 90' lang='lat' dir='ltr'><strong><em>tamen</em></strong></span> <span class='ocrx_word' id='word_1_217' title='bbox 284 1690 399 1751; x_wconf 88' lang='lat' dir='ltr'><strong><em>matris</em></strong></span> <span class='ocrx_word' id='word_1_218' title='bbox 420 1689 631 1765; x_wconf 88' lang='lat' dir='ltr'><strong><em>intercedunt</em></strong></span> <span class='ocrx_word' id='word_1_219' title='bbox 650 1695 686 1750; x_wconf 90' lang='lat' dir='ltr'><strong><em>nt</em></strong></span> <span class='ocrx_word' id='word_1_220' title='bbox 708 1687 923 1750; x_wconf 82' lang='lat' dir='ltr'><strong><em>emaudintur.</em></strong></span> <span class='ocrx_word' id='word_1_221' title='bbox 971 1685 1122 1761; x_wconf 86' lang='lat' dir='ltr'><strong><em>possibile</em></strong></span> <span class='ocrx_word' id='word_1_222' title='bbox 1145 1693 1189 1748; x_wconf 87' lang='lat' dir='ltr'><strong><em>est</em></strong></span> <span class='ocrx_word' id='word_1_223' title='bbox 1209 1694 1246 1749; x_wconf 91' lang='lat' dir='ltr'><strong><em>ut</em></strong></span> <span class='ocrx_word' id='word_1_224' title='bbox 1265 1693 1388 1767; x_wconf 89' lang='lat' dir='ltr'><strong><em>pereat.</em></strong></span> <span class='ocrx_word' id='word_1_225' title='bbox 1413 1684 1513 1773; x_wconf 85' lang='lat' dir='ltr'><strong><em>(buo.</em></strong></span> <span class='ocrx_word' id='word_1_226' title='bbox 1529 1689 1560 1754; x_wconf 82' lang='grc'><strong><em>2.</em></strong></span> <span class='ocrx_word' id='word_1_227' title='bbox 1584 1708 1656 1770; x_wconf 88' lang='lat' dir='ltr'><strong><em>cap.</em></strong></span> <span class='ocrx_word' id='word_1_228' title='bbox 1673 1686 1831 1770; x_wconf 79' lang='lat' dir='ltr'><strong><em>b.)1dem</em></strong></span> 
     </span>
     <span class='ocr_line' id='line_1_18' title="bbox 5 1767 1830 1854; baseline 0.002 -23"><span class='ocrx_word' id='word_1_229' title='bbox 5 1789 6 1816; x_wconf 64' lang='lat'><em>³</em></span> <span class='ocrx_word' id='word_1_230' title='bbox 53 1767 171 1850; x_wconf 81' lang='lat' dir='ltr'><strong><em>(ibid.</em></strong></span> <span class='ocrx_word' id='word_1_231' title='bbox 189 1789 262 1852; x_wconf 92' lang='lat' dir='ltr'><strong><em>cap.</em></strong></span> <span class='ocrx_word' id='word_1_232' title='bbox 282 1767 330 1854; x_wconf 86' lang='grc'><strong><em>6.)</em></strong></span> <span class='ocrx_word' id='word_1_233' title='bbox 352 1771 412 1834; x_wconf 85' lang='lat' dir='ltr'><strong><em>seo</em></strong></span> <span class='ocrx_word' id='word_1_234' title='bbox 427 1771 458 1833; x_wconf 91' lang='lat' dir='ltr'><strong><em>S.</em></strong></span> <span class='ocrx_word' id='word_1_235' title='bbox 476 1772 651 1834; x_wconf 86' lang='lat' dir='ltr'><strong><em>Bernerdns</em></strong></span> <span class='ocrx_word' id='word_1_236' title='bbox 675 1772 751 1833; x_wconf 89' lang='lat' dir='ltr'><strong><em>miro</em></strong></span> <span class='ocrx_word' id='word_1_237' title='bbox 769 1771 860 1832; x_wconf 87' lang='lat' dir='ltr'><strong><em>modo</em></strong></span> <span class='ocrx_word' id='word_1_238' title='bbox 876 1771 928 1833; x_wconf 89' lang='lat' dir='ltr'><strong><em>de·</em></strong></span> <span class='ocrx_word' id='word_1_239' title='bbox 972 1774 1098 1831; x_wconf 87' lang='lat' dir='ltr'><strong><em>sanctus</em></strong></span> <span class='ocrx_word' id='word_1_240' title='bbox 1113 1770 1143 1831; x_wconf 92' lang='lat' dir='ltr'><strong><em>in</em></strong></span> <span class='ocrx_word' id='word_1_241' title='bbox 1159 1770 1225 1834; x_wconf 82' lang='lat' dir='ltr'><strong><em>Vita</em></strong></span> <span class='ocrx_word' id='word_1_242' title='bbox 1241 1771 1323 1835; x_wconf 87' lang='lat' dir='ltr'><strong><em>beati</em></strong></span> <span class='ocrx_word' id='word_1_243' title='bbox 1337 1772 1675 1847; x_wconf 78' lang='lat' dir='ltr'><strong><em>Francisci,dessdnoin</em></strong></span> <span class='ocrx_word' id='word_1_244' title='bbox 1688 1773 1721 1837; x_wconf 87' lang='lat' dir='ltr'><strong><em>S.</em></strong></span> <span class='ocrx_word' id='word_1_245' title='bbox 1736 1773 1830 1835; x_wconf 81' lang='lat' dir='ltr'><strong><em>Fran·</em></strong></span> 
     </span>
     <span class='ocr_line' id='line_1_19' title="bbox 5 1853 1829 1936; baseline 0.002 -22"><span class='ocrx_word' id='word_1_246' title='bbox 5 1873 7 1888; x_wconf 92' lang='lat'><em>·</em></span> <span class='ocrx_word' id='word_1_247' title='bbox 52 1855 169 1924; x_wconf 84' lang='lat' dir='ltr'><strong><em>scribit</em></strong></span> <span class='ocrx_word' id='word_1_248' title='bbox 189 1857 403 1920; x_wconf 85' lang='lat' dir='ltr'><strong><em>sanctissimae</em></strong></span> <span class='ocrx_word' id='word_1_249' title='bbox 423 1854 559 1932; x_wconf 76' lang='lat' dir='ltr'><strong><em>Virginis</em></strong></span> <span class='ocrx_word' id='word_1_250' title='bbox 582 1856 665 1931; x_wconf 90' lang='lat' dir='ltr'><strong><em>pium</em></strong></span> <span class='ocrx_word' id='word_1_251' title='bbox 688 1871 723 1916; x_wconf 88' lang='lat' dir='ltr'><strong><em>ac</em></strong></span> <span class='ocrx_word' id='word_1_252' title='bbox 747 1855 837 1932; x_wconf 89' lang='lat' dir='ltr'><strong><em>plane</em></strong></span> <span class='ocrx_word' id='word_1_253' title='bbox 866 1871 927 1917; x_wconf 90' lang='lat' dir='ltr'><strong><em>ma·</em></strong></span> <span class='ocrx_word' id='word_1_254' title='bbox 974 1853 1048 1912; x_wconf 86' lang='lat' dir='ltr'><strong><em>cisni</em></strong></span> <span class='ocrx_word' id='word_1_255' title='bbox 1065 1853 1095 1912; x_wconf 93' lang='lat' dir='ltr'><strong><em>in</em></strong></span> <span class='ocrx_word' id='word_1_256' title='bbox 1113 1853 1232 1916; x_wconf 83' lang='lat' dir='ltr'><strong><em>beatam</em></strong></span> <span class='ocrx_word' id='word_1_257' title='bbox 1248 1856 1417 1936; x_wconf 83' lang='lat' dir='ltr'><strong><em>Virginem,</em></strong></span> <span class='ocrx_word' id='word_1_258' title='bbox 1434 1857 1579 1934; x_wconf 84' lang='lat' dir='ltr'><strong><em>Matrem,</em></strong></span> <span class='ocrx_word' id='word_1_259' title='bbox 1595 1856 1706 1936; x_wconf 84' lang='lat' dir='ltr'><strong><em>innuit,</em></strong></span> <span class='ocrx_word' id='word_1_260' title='bbox 1723 1856 1829 1918; x_wconf 85' lang='lat' dir='ltr'><strong><em>ilomi·</em></strong></span> 
     </span>
     <span class='ocr_line' id='line_1_20' title="bbox 53 1935 1833 2018; baseline 0.004 -23"><span class='ocrx_word' id='word_1_261' title='bbox 53 1942 181 2001; x_wconf 85' lang='lat' dir='ltr'><strong><em>ternum</em></strong></span> <span class='ocrx_word' id='word_1_262' title='bbox 194 1937 382 2003; x_wconf 80' lang='lat' dir='ltr'><strong><em>silentumin</em></strong></span> <span class='ocrx_word' id='word_1_263' title='bbox 396 1938 539 2000; x_wconf 86' lang='lat' dir='ltr'><strong><em>homines</em></strong></span> <span class='ocrx_word' id='word_1_264' title='bbox 552 1937 611 2000; x_wconf 86' lang='lat' dir='ltr'><strong><em>sibi</em></strong></span> <span class='ocrx_word' id='word_1_265' title='bbox 625 1935 765 2018; x_wconf 80' lang='lat' dir='ltr'><strong><em>devotos3</em></strong></span> <span class='ocrx_word' id='word_1_266' title='bbox 780 1945 926 1999; x_wconf 87' lang='lat' dir='ltr'><strong><em>etnnntra</em></strong></span> <span class='ocrx_word' id='word_1_267' title='bbox 972 1938 1009 1997; x_wconf 87' lang='lat' dir='ltr'><strong><em>ni</em></strong></span> <span class='ocrx_word' id='word_1_268' title='bbox 1030 1939 1132 1998; x_wconf 83' lang='lat' dir='ltr'><strong><em>ansul</em></strong></span> <span class='ocrx_word' id='word_1_269' title='bbox 1153 1936 1228 2000; x_wconf 85' lang='lat' dir='ltr'><strong><em>lesu</em></strong></span> <span class='ocrx_word' id='word_1_270' title='bbox 1247 1939 1366 2004; x_wconf 84' lang='lat' dir='ltr'><strong><em>lbristi</em></strong></span> <span class='ocrx_word' id='word_1_271' title='bbox 1386 1941 1552 2005; x_wconf 79' lang='lat' dir='ltr'><strong><em>indicibili</em></strong></span> <span class='ocrx_word' id='word_1_272' title='bbox 1566 1938 1833 2018; x_wconf 89' lang='lat' dir='ltr'><strong><em>complectebatur</em></strong></span> 
     </span>
     <span class='ocr_line' id='line_1_21' title="bbox 55 2020 1830 2102; baseline 0.002 -20"><span class='ocrx_word' id='word_1_273' title='bbox 55 2021 208 2084; x_wconf 81' lang='lat' dir='ltr'><strong><em>eximiam</em></strong></span> <span class='ocrx_word' id='word_1_274' title='bbox 225 2029 256 2086; x_wconf 90' lang='lat' dir='ltr'><strong><em>et</em></strong></span> <span class='ocrx_word' id='word_1_275' title='bbox 271 2021 397 2084; x_wconf 87' lang='lat' dir='ltr'><strong><em>liliatam</em></strong></span> <span class='ocrx_word' id='word_1_276' title='bbox 416 2021 560 2100; x_wconf 87' lang='lat' dir='ltr'><strong><em>pietatem</em></strong></span> <span class='ocrx_word' id='word_1_277' title='bbox 577 2038 696 2097; x_wconf 89' lang='lat' dir='ltr'><strong><em>eorum,</em></strong></span> <span class='ocrx_word' id='word_1_278' title='bbox 715 2025 767 2100; x_wconf 83' lang='lat' dir='ltr'><strong><em>qni</em></strong></span> <span class='ocrx_word' id='word_1_279' title='bbox 782 2021 816 2083; x_wconf 90' lang='grc' dir='ltr'><strong><em>Β.</em></strong></span> <span class='ocrx_word' id='word_1_280' title='bbox 836 2020 927 2099; x_wconf 79' lang='lat' dir='ltr'><strong><em>liegi-</em></strong></span> <span class='ocrx_word' id='word_1_281' title='bbox 972 2033 1092 2092; x_wconf 86' lang='lat' dir='ltr'><strong><em>amore,</em></strong></span> <span class='ocrx_word' id='word_1_282' title='bbox 1106 2036 1142 2081; x_wconf 90' lang='lat' dir='ltr'><strong><em>oo</em></strong></span> <span class='ocrx_word' id='word_1_283' title='bbox 1153 2022 1242 2100; x_wconf 84' lang='lat' dir='ltr'><strong><em>quod</em></strong></span> <span class='ocrx_word' id='word_1_284' title='bbox 1253 2025 1427 2087; x_wconf 82' lang='lat' dir='ltr'><strong><em>bominum</em></strong></span> <span class='ocrx_word' id='word_1_285' title='bbox 1440 2026 1618 2102; x_wconf 74' lang='lat' dir='ltr'><strong><em>majestatis</em></strong></span> <span class='ocrx_word' id='word_1_286' title='bbox 1628 2024 1830 2102; x_wconf 73' lang='lat' dir='ltr'><strong><em>fratremne·</em></strong></span> 
     </span>
     <span class='ocr_line' id='line_1_22' title="bbox 54 2101 1832 2186; baseline 0.003 -22"><span class='ocrx_word' id='word_1_287' title='bbox 54 2105 927 2185; x_wconf 79' lang='lat' dir='ltr'><strong><em>nemmatrenagnoscunt.1nsermooesecunaosuper</em></strong></span> <span class='ocrx_word' id='word_1_288' title='bbox 972 2101 1018 2164; x_wconf 91' lang='lat' dir='ltr'><strong><em>bis</em></strong></span> <span class='ocrx_word' id='word_1_289' title='bbox 1042 2101 1189 2182; x_wconf 75' lang='lat' dir='ltr'><strong><em>affecerit,</em></strong></span> <span class='ocrx_word' id='word_1_290' title='bbox 1215 2113 1245 2170; x_wconf 90' lang='lat' dir='ltr'><strong><em>et</em></strong></span> <span class='ocrx_word' id='word_1_291' title='bbox 1267 2123 1327 2186; x_wconf 89' lang='lat' dir='ltr'><strong><em>per</em></strong></span> <span class='ocrx_word' id='word_1_292' title='bbox 1348 2125 1422 2170; x_wconf 89' lang='lat' dir='ltr'><strong><em>eam</em></strong></span> <span class='ocrx_word' id='word_1_293' title='bbox 1442 2109 1544 2174; x_wconf 83' lang='lat' dir='ltr'><strong><em>stmm</em></strong></span> <span class='ocrx_word' id='word_1_294' title='bbox 1571 2107 1832 2174; x_wconf 87' lang='lat' dir='ltr'><strong><em>misericordiam</em></strong></span> 
     </span>
     <span class='ocr_line' id='line_1_23' title="bbox 53 2185 1831 2273; baseline 0.002 -25"><span class='ocrx_word' id='word_1_295' title='bbox 53 2186 176 2252; x_wconf 81' lang='lat' dir='ltr'><strong><em>Missus</em></strong></span> <span class='ocrx_word' id='word_1_296' title='bbox 192 2198 238 2254; x_wconf 91' lang='lat' dir='ltr'><strong><em>est</em></strong></span> <span class='ocrx_word' id='word_1_297' title='bbox 251 2187 412 2269; x_wconf 83' lang='lat' dir='ltr'><strong><em>Arepelus:</em></strong></span> <span class='ocrx_word' id='word_1_298' title='bbox 432 2189 631 2270; x_wconf 84' lang='lat' dir='ltr'><strong><em>qutisqnis,</em></strong></span> <span class='ocrx_word' id='word_1_299' title='bbox 650 2189 761 2266; x_wconf 84' lang='lat' dir='ltr'><strong><em>inquit,</em></strong></span> <span class='ocrx_word' id='word_1_300' title='bbox 778 2185 927 2268; x_wconf 82' lang='lat' dir='ltr'><strong><em>(Rern.)</em></strong></span> <span class='ocrx_word' id='word_1_301' title='bbox 972 2190 1144 2249; x_wconf 86' lang='lat' dir='ltr'><strong><em>consecuti.</em></strong></span> <span class='ocrx_word' id='word_1_302' title='bbox 1161 2187 1201 2252; x_wconf 90' lang='lat' dir='ltr'><strong><em>ln</em></strong></span> <span class='ocrx_word' id='word_1_303' title='bbox 1214 2190 1288 2268; x_wconf 91' lang='lat' dir='ltr'><strong><em>ipsa</em></strong></span> <span class='ocrx_word' id='word_1_304' title='bbox 1301 2195 1372 2270; x_wconf 89' lang='lat' dir='ltr'><strong><em>post</em></strong></span> <span class='ocrx_word' id='word_1_305' title='bbox 1388 2189 1545 2256; x_wconf 77' lang='lat' dir='ltr'><strong><em>Christum</em></strong></span> <span class='ocrx_word' id='word_1_306' title='bbox 1558 2190 1674 2273; x_wconf 76' lang='lat' dir='ltr'><strong><em>fidens,</em></strong></span> <span class='ocrx_word' id='word_1_307' title='bbox 1691 2207 1764 2255; x_wconf 89' lang='lat' dir='ltr'><strong><em>eam</em></strong></span> <span class='ocrx_word' id='word_1_308' title='bbox 1778 2190 1831 2253; x_wconf 89' lang='lat' dir='ltr'><strong><em>sui</em></strong></span> 
     </span>
     <span class='ocr_line' id='line_1_24' title="bbox 52 2271 1830 2354; baseline 0.003 -24"><span class='ocrx_word' id='word_1_309' title='bbox 52 2278 86 2332; x_wconf 85' lang='lat' dir='ltr'><strong><em>te</em></strong></span> <span class='ocrx_word' id='word_1_310' title='bbox 101 2271 260 2352; x_wconf 86' lang='lat' dir='ltr'><strong><em>intellipis</em></strong></span> <span class='ocrx_word' id='word_1_311' title='bbox 275 2273 425 2354; x_wconf 72' lang='lat' dir='ltr'><strong><em>inhujus</em></strong></span> <span class='ocrx_word' id='word_1_312' title='bbox 439 2273 564 2336; x_wconf 88' lang='lat' dir='ltr'><strong><em>saeculi</em></strong></span> <span class='ocrx_word' id='word_1_313' title='bbox 580 2271 742 2352; x_wconf 74' lang='lat' dir='ltr'><strong><em>profluuio</em></strong></span> <span class='ocrx_word' id='word_1_314' title='bbox 758 2275 863 2352; x_wconf 88' lang='lat' dir='ltr'><strong><em>mapis</em></strong></span> <span class='ocrx_word' id='word_1_315' title='bbox 877 2273 927 2336; x_wconf 87' lang='lat' dir='ltr'><strong><em>iu·</em></strong></span> <span class='ocrx_word' id='word_1_316' title='bbox 972 2285 1011 2331; x_wconf 92' lang='lat' dir='ltr'><strong><em>ac</em></strong></span> <span class='ocrx_word' id='word_1_317' title='bbox 1024 2285 1159 2334; x_wconf 88' lang='lat' dir='ltr'><strong><em>suorum</em></strong></span> <span class='ocrx_word' id='word_1_318' title='bbox 1174 2273 1366 2337; x_wconf 88' lang='lat' dir='ltr'><strong><em>aduocatam</em></strong></span> <span class='ocrx_word' id='word_1_319' title='bbox 1381 2277 1556 2348; x_wconf 90' lang='lat' dir='ltr'><strong><em>constituit,</em></strong></span> <span class='ocrx_word' id='word_1_320' title='bbox 1573 2283 1602 2338; x_wconf 88' lang='lat' dir='ltr'><strong><em>et</em></strong></span> <span class='ocrx_word' id='word_1_321' title='bbox 1616 2277 1662 2340; x_wconf 90' lang='lat' dir='ltr'><strong><em>ad</em></strong></span> <span class='ocrx_word' id='word_1_322' title='bbox 1676 2275 1830 2338; x_wconf 86' lang='lat' dir='ltr'><strong><em>bonorem</em></strong></span> 
     </span>
     <span class='ocr_line' id='line_1_25' title="bbox 52 2353 1830 2438; baseline 0.003 -23"><span class='ocrx_word' id='word_1_323' title='bbox 52 2359 108 2417; x_wconf 87' lang='lat' dir='ltr'><strong><em>ter</em></strong></span> <span class='ocrx_word' id='word_1_324' title='bbox 130 2357 289 2435; x_wconf 87' lang='lat' dir='ltr'><strong><em>procellas</em></strong></span> <span class='ocrx_word' id='word_1_325' title='bbox 306 2364 335 2419; x_wconf 91' lang='lat' dir='ltr'><strong><em>et</em></strong></span> <span class='ocrx_word' id='word_1_326' title='bbox 354 2361 555 2436; x_wconf 88' lang='lat' dir='ltr'><strong><em>tempestates</em></strong></span> <span class='ocrx_word' id='word_1_327' title='bbox 569 2355 740 2438; x_wconf 66' lang='lat' dir='ltr'><strong><em>fluctuare,</em></strong></span> <span class='ocrx_word' id='word_1_328' title='bbox 755 2372 855 2436; x_wconf 87' lang='lat' dir='ltr'><strong><em>quam</em></strong></span> <span class='ocrx_word' id='word_1_329' title='bbox 869 2371 928 2434; x_wconf 87' lang='lat' dir='ltr'><strong><em>per</em></strong></span> <span class='ocrx_word' id='word_1_330' title='bbox 970 2353 1086 2429; x_wconf 89' lang='lat' dir='ltr'><strong><em>ipsius,</em></strong></span> <span class='ocrx_word' id='word_1_331' title='bbox 1110 2372 1131 2416; x_wconf 94' lang='lat' dir='ltr'><strong><em>a</em></strong></span> <span class='ocrx_word' id='word_1_332' title='bbox 1151 2354 1229 2432; x_wconf 70' lang='lat' dir='ltr'><strong><em>festo</em></strong></span> <span class='ocrx_word' id='word_1_333' title='bbox 1243 2355 1466 2437; x_wconf 78' lang='lat' dir='ltr'><strong><em>Apostolorum</em></strong></span> <span class='ocrx_word' id='word_1_334' title='bbox 1481 2357 1567 2422; x_wconf 89' lang='lat' dir='ltr'><strong><em>Petri</em></strong></span> <span class='ocrx_word' id='word_1_335' title='bbox 1582 2366 1610 2422; x_wconf 91' lang='lat' dir='ltr'><strong><em>et</em></strong></span> <span class='ocrx_word' id='word_1_336' title='bbox 1621 2359 1830 2435; x_wconf 86' lang='lat' dir='ltr'><strong><em>Paullusque</em></strong></span> 
     </span>
     <span class='ocr_line' id='line_1_26' title="bbox 52 2437 1828 2522; baseline 0.002 -24"><span class='ocrx_word' id='word_1_337' title='bbox 52 2447 183 2504; x_wconf 90' lang='lat' dir='ltr'><strong><em>terram</em></strong></span> <span class='ocrx_word' id='word_1_338' title='bbox 195 2437 377 2514; x_wconf 91' lang='lat' dir='ltr'><strong><em>ambulare,</em></strong></span> <span class='ocrx_word' id='word_1_339' title='bbox 390 2457 432 2504; x_wconf 89' lang='lat' dir='ltr'><strong><em>uc</em></strong></span> <span class='ocrx_word' id='word_1_340' title='bbox 444 2446 570 2503; x_wconf 83' lang='lat' dir='ltr'><strong><em>avertas</em></strong></span> <span class='ocrx_word' id='word_1_341' title='bbox 583 2437 858 2519; x_wconf 73' lang='lat' dir='ltr'><strong><em>oculosaiulpcre</em></strong></span> <span class='ocrx_word' id='word_1_342' title='bbox 868 2437 926 2502; x_wconf 88' lang='lat' dir='ltr'><strong><em>bn·</em></strong></span> <span class='ocrx_word' id='word_1_343' title='bbox 971 2437 1152 2514; x_wconf 75' lang='lat' dir='ltr'><strong><em>adsertam</em></strong></span> <span class='ocrx_word' id='word_1_344' title='bbox 1173 2441 1405 2521; x_wconf 70' lang='lat' dir='ltr'><strong><em>assumptionis</em></strong></span> <span class='ocrx_word' id='word_1_345' title='bbox 1427 2442 1628 2508; x_wconf 79' lang='lat' dir='ltr'><strong><em>devotissime</em></strong></span> <span class='ocrx_word' id='word_1_346' title='bbox 1643 2439 1828 2522; x_wconf 70' lang='lat' dir='ltr'><strong><em>jejunabat.</em></strong></span> 
     </span>
     <span class='ocr_line' id='line_1_27' title="bbox 42 2516 1828 2608; baseline 0.001 -22"><span class='ocrx_word' id='word_1_347' title='bbox 42 2522 112 2602; x_wconf 79' lang='lat' dir='ltr'><strong><em>jus</em></strong></span> <span class='ocrx_word' id='word_1_348' title='bbox 132 2523 252 2588; x_wconf 83' lang='lat' dir='ltr'><strong><em>sideris</em></strong></span> <span class='ocrx_word' id='word_1_349' title='bbox 274 2521 422 2608; x_wconf 78' lang='lat' dir='ltr'><strong><em>(Mariae</em></strong></span> <span class='ocrx_word' id='word_1_350' title='bbox 443 2524 555 2586; x_wconf 88' lang='lat' dir='ltr'><strong><em>stellae</em></strong></span> <span class='ocrx_word' id='word_1_351' title='bbox 570 2521 696 2603; x_wconf 85' lang='lat' dir='ltr'><strong><em>maris)</em></strong></span> <span class='ocrx_word' id='word_1_352' title='bbox 711 2524 741 2585; x_wconf 89' lang='lat' dir='ltr'><strong><em>si</em></strong></span> <span class='ocrx_word' id='word_1_353' title='bbox 755 2538 822 2585; x_wconf 92' lang='lat' dir='ltr'><strong><em>non</em></strong></span> <span class='ocrx_word' id='word_1_354' title='bbox 836 2526 927 2586; x_wconf 88' lang='lat' dir='ltr'><strong><em>uisn-</em></strong></span> <span class='ocrx_word' id='word_1_355' title='bbox 971 2516 1069 2601; x_wconf 83' lang='lat' dir='ltr'><strong><em>(Cap.</em></strong></span> <span class='ocrx_word' id='word_1_356' title='bbox 1086 2520 1143 2602; x_wconf 82' lang='grc'><strong><em>9.)</em></strong></span> <span class='ocrx_word' id='word_1_357' title='bbox 1167 2521 1221 2588; x_wconf 86' lang='lat' dir='ltr'><strong><em>llis</em></strong></span> <span class='ocrx_word' id='word_1_358' title='bbox 1243 2525 1387 2588; x_wconf 87' lang='lat' dir='ltr'><strong><em>omnibns</em></strong></span> <span class='ocrx_word' id='word_1_359' title='bbox 1409 2525 1524 2590; x_wconf 87' lang='lat' dir='ltr'><strong><em>addere</em></strong></span> <span class='ocrx_word' id='word_1_360' title='bbox 1547 2524 1661 2605; x_wconf 86' lang='lat' dir='ltr'><strong><em>placuit</em></strong></span> <span class='ocrx_word' id='word_1_361' title='bbox 1675 2525 1828 2588; x_wconf 90' lang='lat' dir='ltr'><strong><em>Innocen-</em></strong></span> 
     </span>
     <span class='ocr_line' id='line_1_28' title="bbox 51 2603 1827 2689; baseline 0.001 -21"><span class='ocrx_word' id='word_1_362' title='bbox 51 2605 135 2670; x_wconf 88' lang='lat' dir='ltr'><strong><em>brui</em></strong></span> <span class='ocrx_word' id='word_1_363' title='bbox 154 2607 318 2688; x_wconf 86' lang='lat' dir='ltr'><strong><em>procellis.</em></strong></span> <span class='ocrx_word' id='word_1_364' title='bbox 343 2605 379 2669; x_wconf 83' lang='lat' dir='ltr'><strong><em>st</em></strong></span> <span class='ocrx_word' id='word_1_365' title='bbox 403 2608 580 2686; x_wconf 84' lang='lat' dir='ltr'><strong><em>iusurpanl</em></strong></span> <span class='ocrx_word' id='word_1_366' title='bbox 594 2609 683 2670; x_wconf 90' lang='lat' dir='ltr'><strong><em>nenti</em></strong></span> <span class='ocrx_word' id='word_1_367' title='bbox 704 2609 924 2682; x_wconf 87' lang='lat' dir='ltr'><strong><em>tentationem,</em></strong></span> <span class='ocrx_word' id='word_1_368' title='bbox 972 2604 1044 2664; x_wconf 91' lang='lat' dir='ltr'><strong><em>tium</em></strong></span> <span class='ocrx_word' id='word_1_369' title='bbox 1062 2604 1173 2684; x_wconf 81' lang='lat' dir='ltr'><strong><em>Papam</em></strong></span> <span class='ocrx_word' id='word_1_370' title='bbox 1190 2603 1244 2685; x_wconf 84' lang='grc' dir='ltr'>ΙΙΙ,</span> <span class='ocrx_word' id='word_1_371' title='bbox 1262 2608 1314 2687; x_wconf 88' lang='lat' dir='ltr'><strong><em>qni</em></strong></span> <span class='ocrx_word' id='word_1_372' title='bbox 1336 2607 1470 2689; x_wconf 80' lang='lat' dir='ltr'><strong><em>insignis</em></strong></span> <span class='ocrx_word' id='word_1_373' title='bbox 1495 2610 1594 2674; x_wconf 88' lang='lat' dir='ltr'><strong><em>cultor</em></strong></span> <span class='ocrx_word' id='word_1_374' title='bbox 1617 2608 1675 2672; x_wconf 84' lang='lat' dir='ltr'><strong><em>luit</em></strong></span> <span class='ocrx_word' id='word_1_375' title='bbox 1701 2607 1827 2687; x_wconf 78' lang='lat' dir='ltr'><strong><em>uirginis</em></strong></span> 
     </span>
     <span class='ocr_line' id='line_1_29' title="bbox 50 2688 1829 2772; baseline 0.001 -20"><span class='ocrx_word' id='word_1_376' title='bbox 50 2691 86 2752; x_wconf 88' lang='lat' dir='ltr'><strong><em>si</em></strong></span> <span class='ocrx_word' id='word_1_377' title='bbox 101 2691 256 2755; x_wconf 87' lang='lat' dir='ltr'><strong><em>incurras</em></strong></span> <span class='ocrx_word' id='word_1_378' title='bbox 276 2691 424 2769; x_wconf 82' lang='lat' dir='ltr'><strong><em>scopulos</em></strong></span> <span class='ocrx_word' id='word_1_379' title='bbox 436 2690 704 2770; x_wconf 81' lang='lat' dir='ltr'><strong><em>tribulationum3</em></strong></span> <span class='ocrx_word' id='word_1_380' title='bbox 719 2691 843 2768; x_wconf 88' lang='lat' dir='ltr'><strong><em>respice</em></strong></span> <span class='ocrx_word' id='word_1_381' title='bbox 856 2691 926 2753; x_wconf 88' lang='lat' dir='ltr'><strong><em>stel-</em></strong></span> <span class='ocrx_word' id='word_1_382' title='bbox 973 2688 1131 2766; x_wconf 80' lang='lat' dir='ltr'><strong><em>lleiparae,</em></strong></span> <span class='ocrx_word' id='word_1_383' title='bbox 1142 2706 1199 2752; x_wconf 88' lang='lat' dir='ltr'><strong><em>nec</em></strong></span> <span class='ocrx_word' id='word_1_384' title='bbox 1213 2693 1313 2754; x_wconf 90' lang='lat' dir='ltr'><strong><em>solum</em></strong></span> <span class='ocrx_word' id='word_1_385' title='bbox 1330 2693 1361 2752; x_wconf 91' lang='lat' dir='ltr'><strong><em>in</em></strong></span> <span class='ocrx_word' id='word_1_386' title='bbox 1374 2693 1573 2757; x_wconf 87' lang='lat' dir='ltr'><strong><em>sermonibus</em></strong></span> <span class='ocrx_word' id='word_1_387' title='bbox 1585 2709 1652 2756; x_wconf 85' lang='lat' dir='ltr'><strong><em>enm</em></strong></span> <span class='ocrx_word' id='word_1_388' title='bbox 1667 2690 1829 2772; x_wconf 76' lang='lat' dir='ltr'><strong><em>magnifice</em></strong></span> 
     </span>
     <span class='ocr_line' id='line_1_30' title="bbox 49 2773 1828 2857; baseline 0 -21"><span class='ocrx_word' id='word_1_389' title='bbox 49 2774 146 2846; x_wconf 89' lang='lat' dir='ltr'><strong><em>lam,</em></strong></span> <span class='ocrx_word' id='word_1_390' title='bbox 170 2792 251 2838; x_wconf 88' lang='lat' dir='ltr'><strong><em>noca</em></strong></span> <span class='ocrx_word' id='word_1_391' title='bbox 273 2773 425 2838; x_wconf 82' lang='lat' dir='ltr'><strong><em>Mariam.</em></strong></span> <span class='ocrx_word' id='word_1_392' title='bbox 448 2773 484 2840; x_wconf 84' lang='lat' dir='ltr'><strong><em>st</em></strong></span> <span class='ocrx_word' id='word_1_393' title='bbox 501 2774 641 2853; x_wconf 72' lang='lat' dir='ltr'><strong><em>iactaris</em></strong></span> <span class='ocrx_word' id='word_1_394' title='bbox 667 2774 839 2854; x_wconf 86' lang='lat' dir='ltr'><strong><em>superbiae</em></strong></span> <span class='ocrx_word' id='word_1_395' title='bbox 865 2790 925 2838; x_wconf 91' lang='lat' dir='ltr'><strong><em>un·</em></strong></span> <span class='ocrx_word' id='word_1_396' title='bbox 972 2773 1168 2848; x_wconf 80' lang='lat' dir='ltr'><strong><em>praedicarit,</em></strong></span> <span class='ocrx_word' id='word_1_397' title='bbox 1188 2774 1243 2836; x_wconf 88' lang='lat' dir='ltr'><strong><em>sed</em></strong></span> <span class='ocrx_word' id='word_1_398' title='bbox 1259 2775 1350 2838; x_wconf 90' lang='lat' dir='ltr'><strong><em>eliam</em></strong></span> <span class='ocrx_word' id='word_1_399' title='bbox 1366 2776 1403 2839; x_wconf 88' lang='lat' dir='ltr'><strong><em>ad</em></strong></span> <span class='ocrx_word' id='word_1_400' title='bbox 1426 2793 1497 2857; x_wconf 70' lang='lat' dir='ltr'><strong><em>eras</em></strong></span> <span class='ocrx_word' id='word_1_401' title='bbox 1512 2777 1661 2840; x_wconf 88' lang='lat' dir='ltr'><strong><em>bonorem</em></strong></span> <span class='ocrx_word' id='word_1_402' title='bbox 1677 2775 1828 2839; x_wconf 67' lang='lat' dir='ltr'><strong><em>monaste·</em></strong></span> 
     </span>
     <span class='ocr_line' id='line_1_31' title="bbox 52 2856 1830 2941; baseline 0 -21"><span class='ocrx_word' id='word_1_403' title='bbox 52 2858 373 2935; x_wconf 85' lang='lat' dir='ltr'><strong><em>dis,siambitionis‚</em></strong></span> <span class='ocrx_word' id='word_1_404' title='bbox 387 2859 652 2930; x_wconf 83' lang='lat' dir='ltr'><strong><em>sidetraotionis,</em></strong></span> <span class='ocrx_word' id='word_1_405' title='bbox 669 2858 925 2930; x_wconf 87' lang='lat' dir='ltr'><strong><em>aemulationis;</em></strong></span> <span class='ocrx_word' id='word_1_406' title='bbox 971 2856 1049 2916; x_wconf 88' lang='lat' dir='ltr'><strong><em>rium</em></strong></span> <span class='ocrx_word' id='word_1_407' title='bbox 1073 2859 1244 2920; x_wconf 83' lang='lat' dir='ltr'><strong><em>exstruxit:</em></strong></span> <span class='ocrx_word' id='word_1_408' title='bbox 1269 2865 1299 2920; x_wconf 91' lang='lat' dir='ltr'><strong><em>et</em></strong></span> <span class='ocrx_word' id='word_1_409' title='bbox 1321 2860 1402 2938; x_wconf 85' lang='lat' dir='ltr'><strong><em>quod</em></strong></span> <span class='ocrx_word' id='word_1_410' title='bbox 1425 2859 1524 2941; x_wconf 79' lang='lat' dir='ltr'><strong><em>magis</em></strong></span> <span class='ocrx_word' id='word_1_411' title='bbox 1546 2865 1595 2924; x_wconf 88' lang='lat' dir='ltr'><strong><em>est</em></strong></span> <span class='ocrx_word' id='word_1_412' title='bbox 1616 2859 1830 2923; x_wconf 86' lang='lat' dir='ltr'><strong><em>admirandam</em></strong></span> 
     </span>
     <span class='ocr_line' id='line_1_32' title="bbox 50 2939 1829 3024; baseline 0 -21"><span class='ocrx_word' id='word_1_413' title='bbox 50 2943 180 3024; x_wconf 86' lang='lat' dir='ltr'><strong><em>respice</em></strong></span> <span class='ocrx_word' id='word_1_414' title='bbox 194 2943 333 3018; x_wconf 90' lang='lat' dir='ltr'><strong><em>stellam,</em></strong></span> <span class='ocrx_word' id='word_1_415' title='bbox 345 2957 426 3005; x_wconf 87' lang='lat' dir='ltr'><strong><em>uoco</em></strong></span> <span class='ocrx_word' id='word_1_416' title='bbox 436 2942 586 3004; x_wconf 87' lang='lat' dir='ltr'><strong><em>Mariam.</em></strong></span> <span class='ocrx_word' id='word_1_417' title='bbox 601 2941 637 3004; x_wconf 87' lang='lat' dir='ltr'><strong><em>Si</em></strong></span> <span class='ocrx_word' id='word_1_418' title='bbox 651 2941 798 3005; x_wconf 84' lang='lat' dir='ltr'><strong><em>criminis</em></strong></span> <span class='ocrx_word' id='word_1_419' title='bbox 810 2943 926 3004; x_wconf 80' lang='lat' dir='ltr'><strong><em>intuta·</em></strong></span> <span class='ocrx_word' id='word_1_420' title='bbox 971 2939 1107 3001; x_wconf 71' lang='lat' dir='ltr'><strong><em>extritans</em></strong></span> <span class='ocrx_word' id='word_1_421' title='bbox 1123 2941 1270 3020; x_wconf 88' lang='lat' dir='ltr'><strong><em>populum</em></strong></span> <span class='ocrx_word' id='word_1_422' title='bbox 1287 2942 1324 3003; x_wconf 84' lang='lat' dir='ltr'><strong><em>ad</em></strong></span> <span class='ocrx_word' id='word_1_423' title='bbox 1341 2945 1476 3021; x_wconf 87' lang='lat' dir='ltr'><strong><em>spemin</em></strong></span> <span class='ocrx_word' id='word_1_424' title='bbox 1492 2941 1829 3022; x_wconf 83' lang='lat' dir='ltr'><strong><em>Sanctissimslieipnra</em></strong></span> 
     </span>
     <span class='ocr_line' id='line_1_33' title="bbox 53 3023 1828 3105; baseline 0 -18"><span class='ocrx_word' id='word_1_425' title='bbox 53 3027 165 3090; x_wconf 79' lang='lat' dir='ltr'><strong><em>nitate</em></strong></span> <span class='ocrx_word' id='word_1_426' title='bbox 181 3025 339 3100; x_wconf 90' lang='lat' dir='ltr'><strong><em>turbatus,</em></strong></span> <span class='ocrx_word' id='word_1_427' title='bbox 358 3027 576 3088; x_wconf 87' lang='lat' dir='ltr'><strong><em>conscientiae</em></strong></span> <span class='ocrx_word' id='word_1_428' title='bbox 590 3025 744 3103; x_wconf 75' lang='lat' dir='ltr'><strong><em>foeditate</em></strong></span> <span class='ocrx_word' id='word_1_429' title='bbox 759 3024 923 3102; x_wconf 72' lang='lat' dir='ltr'><strong><em>contusus,</em></strong></span> <span class='ocrx_word' id='word_1_430' title='bbox 970 3023 1219 3086; x_wconf 85' lang='lat' dir='ltr'><strong><em>constituendam</em></strong></span> <span class='ocrx_word' id='word_1_431' title='bbox 1242 3025 1331 3102; x_wconf 81' lang='lat' dir='ltr'><strong><em>quasi</em></strong></span> <span class='ocrx_word' id='word_1_432' title='bbox 1353 3025 1515 3105; x_wconf 88' lang='lat' dir='ltr'><strong><em>praescius</em></strong></span> <span class='ocrx_word' id='word_1_433' title='bbox 1531 3027 1715 3097; x_wconf 86' lang='lat' dir='ltr'><strong><em>tatarorum,</em></strong></span> <span class='ocrx_word' id='word_1_434' title='bbox 1733 3041 1767 3090; x_wconf 85' lang='lat' dir='ltr'><strong><em>sn</em></strong></span> <span class='ocrx_word' id='word_1_435' title='bbox 1783 3023 1828 3088; x_wconf 88' lang='lat' dir='ltr'><strong><em>di·</em></strong></span> 
     </span>
     <span class='ocr_line' id='line_1_34' title="bbox 51 3105 1827 3190; baseline 0.001 -22"><span class='ocrx_word' id='word_1_436' title='bbox 51 3107 702 3188; x_wconf 77' lang='lat' dir='ltr'><strong><em>Judicisborroraperlcrritus,barathro</em></strong></span> <span class='ocrx_word' id='word_1_437' title='bbox 715 3107 858 3186; x_wconf 88' lang='lat' dir='ltr'><strong><em>incipias</em></strong></span> <span class='ocrx_word' id='word_1_438' title='bbox 871 3108 925 3170; x_wconf 95' lang='lat' dir='ltr'><strong><em>ab·</em></strong></span> <span class='ocrx_word' id='word_1_439' title='bbox 969 3105 1023 3181; x_wconf 82' lang='lat' dir='ltr'><strong><em>xit,</em></strong></span> <span class='ocrx_word' id='word_1_440' title='bbox 1047 3123 1125 3182; x_wconf 83' lang='lat' dir='ltr'><strong><em>qnae</em></strong></span> <span class='ocrx_word' id='word_1_441' title='bbox 1147 3107 1229 3169; x_wconf 87' lang='lat' dir='ltr'><strong><em>inlici</em></strong></span> <span class='ocrx_word' id='word_1_442' title='bbox 1251 3110 1462 3186; x_wconf 80' lang='lat' dir='ltr'><strong><em>experimento</em></strong></span> <span class='ocrx_word' id='word_1_443' title='bbox 1484 3116 1591 3190; x_wconf 88' lang='lat' dir='ltr'><strong><em>postea</em></strong></span> <span class='ocrx_word' id='word_1_444' title='bbox 1607 3108 1827 3190; x_wconf 83' lang='lat' dir='ltr'><strong><em>comprobarit.</em></strong></span> 
     </span>
     <span class='ocr_line' id='line_1_35' title="bbox 52 3190 1827 3274; baseline 0 -20"><span class='ocrx_word' id='word_1_445' title='bbox 52 3192 184 3257; x_wconf 88' lang='lat' dir='ltr'><strong><em>sorberi</em></strong></span> <span class='ocrx_word' id='word_1_446' title='bbox 205 3193 372 3264; x_wconf 85' lang='lat' dir='ltr'><strong><em>tristitiae,</em></strong></span> <span class='ocrx_word' id='word_1_447' title='bbox 397 3195 632 3273; x_wconf 86' lang='lat' dir='ltr'><strong><em>desperationis</em></strong></span> <span class='ocrx_word' id='word_1_448' title='bbox 655 3193 789 3274; x_wconf 82' lang='lat' dir='ltr'><strong><em>abpss03</em></strong></span> <span class='ocrx_word' id='word_1_449' title='bbox 820 3196 926 3272; x_wconf 84' lang='lat' dir='ltr'><strong><em>capita</em></strong></span> <span class='ocrx_word' id='word_1_450' title='bbox 970 3190 1020 3252; x_wconf 87' lang='lat' dir='ltr'><strong><em>Sic</em></strong></span> <span class='ocrx_word' id='word_1_451' title='bbox 1036 3193 1116 3252; x_wconf 86' lang='lat' dir='ltr'><strong><em>enim</em></strong></span> <span class='ocrx_word' id='word_1_452' title='bbox 1133 3191 1174 3252; x_wconf 88' lang='lat' dir='ltr'><strong><em>ait</em></strong></span> <span class='ocrx_word' id='word_1_453' title='bbox 1191 3191 1220 3252; x_wconf 93' lang='lat' dir='ltr'><strong><em>in</em></strong></span> <span class='ocrx_word' id='word_1_454' title='bbox 1233 3191 1381 3256; x_wconf 86' lang='lat' dir='ltr'><strong><em>Sermone</em></strong></span> <span class='ocrx_word' id='word_1_455' title='bbox 1396 3191 1827 3272; x_wconf 81' lang='lat' dir='ltr'><strong><em>secuntodeassnmmione:</em></strong></span> 
     </span>
     <span class='ocr_line' id='line_1_36' title="bbox 52 3269 1828 3358; baseline 0.001 -21"><span class='ocrx_word' id='word_1_456' title='bbox 52 3275 217 3340; x_wconf 79' lang='lat' dir='ltr'><strong><em>Mariam:</em></strong></span> <span class='ocrx_word' id='word_1_457' title='bbox 232 3277 270 3339; x_wconf 86' lang='lat' dir='ltr'><strong><em>in</em></strong></span> <span class='ocrx_word' id='word_1_458' title='bbox 284 3277 451 3354; x_wconf 88' lang='lat' dir='ltr'><strong><em>periculis,</em></strong></span> <span class='ocrx_word' id='word_1_459' title='bbox 468 3279 506 3340; x_wconf 87' lang='lat' dir='ltr'><strong><em>ia</em></strong></span> <span class='ocrx_word' id='word_1_460' title='bbox 520 3277 692 3354; x_wconf 85' lang='lat' dir='ltr'><strong><em>enpustiis,</em></strong></span> <span class='ocrx_word' id='word_1_461' title='bbox 706 3276 744 3338; x_wconf 88' lang='lat' dir='ltr'><strong><em>in</em></strong></span> <span class='ocrx_word' id='word_1_462' title='bbox 757 3275 852 3338; x_wconf 88' lang='lat' dir='ltr'><strong><em>rebus</em></strong></span> <span class='ocrx_word' id='word_1_463' title='bbox 866 3279 925 3339; x_wconf 90' lang='lat' dir='ltr'><strong><em>du·</em></strong></span> <span class='ocrx_word' id='word_1_464' title='bbox 972 3269 1032 3348; x_wconf 86' lang='lat' dir='ltr'><strong><em>Qui</em></strong></span> <span class='ocrx_word' id='word_1_465' title='bbox 1047 3272 1134 3352; x_wconf 77' lang='lat' dir='ltr'><strong><em>jacet</em></strong></span> <span class='ocrx_word' id='word_1_466' title='bbox 1157 3276 1192 3337; x_wconf 88' lang='lat' dir='ltr'><strong><em>iu</em></strong></span> <span class='ocrx_word' id='word_1_467' title='bbox 1213 3283 1305 3338; x_wconf 88' lang='lat' dir='ltr'><strong><em>nocte</em></strong></span> <span class='ocrx_word' id='word_1_468' title='bbox 1319 3278 1447 3356; x_wconf 85' lang='lat' dir='ltr'><strong><em>culpae,</em></strong></span> <span class='ocrx_word' id='word_1_469' title='bbox 1462 3279 1616 3358; x_wconf 88' lang='lat' dir='ltr'><strong><em>respiciat</em></strong></span> <span class='ocrx_word' id='word_1_470' title='bbox 1631 3278 1757 3354; x_wconf 86' lang='lat' dir='ltr'><strong><em>lunam,</em></strong></span> <span class='ocrx_word' id='word_1_471' title='bbox 1774 3277 1828 3340; x_wconf 88' lang='lat' dir='ltr'><strong><em>do·</em></strong></span> 
     </span>
     <span class='ocr_line' id='line_1_37' title="bbox 53 3357 1830 3442; baseline 0.002 -20"><span class='ocrx_word' id='word_1_472' title='bbox 53 3357 132 3433; x_wconf 87' lang='lat' dir='ltr'><strong><em>biis,</em></strong></span> <span class='ocrx_word' id='word_1_473' title='bbox 156 3361 297 3425; x_wconf 77' lang='lat' dir='ltr'><strong><em>{damam</em></strong></span> <span class='ocrx_word' id='word_1_474' title='bbox 319 3360 436 3440; x_wconf 85' lang='lat' dir='ltr'><strong><em>capito,</em></strong></span> <span class='ocrx_word' id='word_1_475' title='bbox 453 3361 594 3422; x_wconf 87' lang='lat' dir='ltr'><strong><em>Mariam</em></strong></span> <span class='ocrx_word' id='word_1_476' title='bbox 609 3363 737 3422; x_wconf 83' lang='lat' dir='ltr'><strong><em>invoco.</em></strong></span> <span class='ocrx_word' id='word_1_477' title='bbox 754 3359 864 3436; x_wconf 82' lang='lat' dir='ltr'><strong><em>ipsam</em></strong></span> <span class='ocrx_word' id='word_1_478' title='bbox 877 3375 924 3422; x_wconf 88' lang='lat' dir='ltr'><strong><em>se·</em></strong></span> <span class='ocrx_word' id='word_1_479' title='bbox 968 3361 1116 3433; x_wconf 89' lang='lat' dir='ltr'><strong><em>precetur</em></strong></span> <span class='ocrx_word' id='word_1_480' title='bbox 1132 3357 1284 3433; x_wconf 78' lang='lat' dir='ltr'><strong><em>Mariam,</em></strong></span> <span class='ocrx_word' id='word_1_481' title='bbox 1296 3365 1333 3422; x_wconf 89' lang='lat' dir='ltr'><strong><em>ut</em></strong></span> <span class='ocrx_word' id='word_1_482' title='bbox 1345 3361 1421 3440; x_wconf 91' lang='lat' dir='ltr'><strong><em>ipsa</em></strong></span> <span class='ocrx_word' id='word_1_483' title='bbox 1433 3377 1493 3441; x_wconf 91' lang='lat' dir='ltr'><strong><em>per</em></strong></span> <span class='ocrx_word' id='word_1_484' title='bbox 1507 3361 1616 3438; x_wconf 73' lang='lat' dir='ltr'><strong><em>lilium</em></strong></span> <span class='ocrx_word' id='word_1_485' title='bbox 1631 3377 1685 3426; x_wconf 89' lang='lat' dir='ltr'><strong><em>cor</em></strong></span> <span class='ocrx_word' id='word_1_486' title='bbox 1699 3361 1769 3442; x_wconf 71' lang='lat' dir='ltr'><strong><em>eius</em></strong></span> <span class='ocrx_word' id='word_1_487' title='bbox 1783 3360 1830 3428; x_wconf 81' lang='lat' dir='ltr'><strong><em>ati</em></strong></span> 
     </span>
     <span class='ocr_line' id='line_1_38' title="bbox 53 3443 1827 3523; baseline 0.001 -17"><span class='ocrx_word' id='word_1_488' title='bbox 53 3459 162 3520; x_wconf 84' lang='lat' dir='ltr'><strong><em>quens</em></strong></span> <span class='ocrx_word' id='word_1_489' title='bbox 177 3459 246 3508; x_wconf 87' lang='lat' dir='ltr'><strong><em>nou</em></strong></span> <span class='ocrx_word' id='word_1_490' title='bbox 257 3445 379 3516; x_wconf 88' lang='lat' dir='ltr'><strong><em>deuios,</em></strong></span> <span class='ocrx_word' id='word_1_491' title='bbox 393 3445 499 3523; x_wconf 89' lang='lat' dir='ltr'><strong><em>ipsam</em></strong></span> <span class='ocrx_word' id='word_1_492' title='bbox 513 3456 714 3522; x_wconf 82' lang='lat' dir='ltr'><strong><em>ropansnon</em></strong></span> <span class='ocrx_word' id='word_1_493' title='bbox 726 3443 885 3520; x_wconf 83' lang='lat' dir='ltr'><strong><em>dispares,</em></strong></span> <span class='ocrx_word' id='word_1_494' title='bbox 899 3444 924 3505; x_wconf 93' lang='lat' dir='ltr'><strong><em>i·</em></strong></span> <span class='ocrx_word' id='word_1_495' title='bbox 968 3443 1247 3518; x_wconf 89' lang='lat' dir='ltr'><strong><em>compunctionem</em></strong></span> <span class='ocrx_word' id='word_1_496' title='bbox 1268 3443 1442 3510; x_wconf 87' lang='lat' dir='ltr'><strong><em>illuminet.</em></strong></span> <span class='ocrx_word' id='word_1_497' title='bbox 1471 3444 1548 3521; x_wconf 87' lang='lat' dir='ltr'><strong><em>Quis</em></strong></span> <span class='ocrx_word' id='word_1_498' title='bbox 1570 3447 1657 3510; x_wconf 90' lang='lat' dir='ltr'><strong><em>anim</em></strong></span> <span class='ocrx_word' id='word_1_499' title='bbox 1678 3445 1718 3508; x_wconf 89' lang='lat' dir='ltr'><strong><em>dc</em></strong></span> <span class='ocrx_word' id='word_1_500' title='bbox 1735 3449 1827 3508; x_wconf 89' lang='lat' dir='ltr'><strong><em>nocte</em></strong></span> 
     </span>
     <span class='ocr_line' id='line_1_39' title="bbox 51 3520 1828 3608; baseline 0.001 -18"><span class='ocrx_word' id='word_1_501' title='bbox 51 3543 154 3605; x_wconf 84' lang='lat' dir='ltr'><strong><em>psam</em></strong></span> <span class='ocrx_word' id='word_1_502' title='bbox 174 3529 322 3608; x_wconf 83' lang='lat' dir='ltr'><strong><em>capitana</em></strong></span> <span class='ocrx_word' id='word_1_503' title='bbox 343 3542 412 3588; x_wconf 90' lang='lat' dir='ltr'><strong><em>non</em></strong></span> <span class='ocrx_word' id='word_1_504' title='bbox 434 3544 536 3590; x_wconf 90' lang='lat' dir='ltr'><strong><em>erras.</em></strong></span> <span class='ocrx_word' id='word_1_505' title='bbox 562 3526 650 3588; x_wconf 86' lang='lat' dir='ltr'><strong><em>Idem</em></strong></span> <span class='ocrx_word' id='word_1_506' title='bbox 670 3525 701 3589; x_wconf 91' lang='lat' dir='ltr'><strong><em>in</em></strong></span> <span class='ocrx_word' id='word_1_507' title='bbox 719 3526 869 3589; x_wconf 84' lang='lat' dir='ltr'><strong><em>Sermone</em></strong></span> <span class='ocrx_word' id='word_1_508' title='bbox 886 3529 923 3590; x_wconf 90' lang='lat' dir='ltr'><strong><em>de</em></strong></span> <span class='ocrx_word' id='word_1_509' title='bbox 968 3525 1133 3588; x_wconf 89' lang='lat' dir='ltr'><strong><em>inuocauit</em></strong></span> <span class='ocrx_word' id='word_1_510' title='bbox 1146 3530 1270 3602; x_wconf 73' lang='lat' dir='ltr'><strong><em>enimet</em></strong></span> <span class='ocrx_word' id='word_1_511' title='bbox 1284 3543 1354 3590; x_wconf 87' lang='lat' dir='ltr'><strong><em>nou</em></strong></span> <span class='ocrx_word' id='word_1_512' title='bbox 1368 3535 1413 3591; x_wconf 88' lang='lat' dir='ltr'><strong><em>est</em></strong></span> <span class='ocrx_word' id='word_1_513' title='bbox 1428 3520 1609 3593; x_wconf 70' lang='lat' dir='ltr'><strong><em>mancum</em></strong></span> <span class='ocrx_word' id='word_1_514' title='bbox 1624 3529 1666 3594; x_wconf 90' lang='lat' dir='ltr'><strong><em>ab</em></strong></span> <span class='ocrx_word' id='word_1_515' title='bbox 1678 3529 1739 3592; x_wconf 78' lang='lat' dir='ltr'><strong><em>eat</em></strong></span> <span class='ocrx_word' id='word_1_516' title='bbox 1750 3526 1828 3592; x_wconf 86' lang='lat' dir='ltr'><strong><em>Con·</em></strong></span> 
     </span>
     <span class='ocr_line' id='line_1_40' title="bbox 53 3608 1826 3692; baseline 0.002 -20"><span class='ocrx_word' id='word_1_517' title='bbox 53 3609 229 3674; x_wconf 86' lang='lat' dir='ltr'><strong><em>Nativitate.</em></strong></span> <span class='ocrx_word' id='word_1_518' title='bbox 242 3613 275 3672; x_wconf 86' lang='lat' dir='ltr'><strong><em>B.</em></strong></span> <span class='ocrx_word' id='word_1_519' title='bbox 289 3611 414 3684; x_wconf 85' lang='lat' dir='ltr'><strong><em>llariae,</em></strong></span> <span class='ocrx_word' id='word_1_520' title='bbox 429 3610 493 3673; x_wconf 84' lang='lat' dir='ltr'><strong><em>sire</em></strong></span> <span class='ocrx_word' id='word_1_521' title='bbox 506 3613 544 3672; x_wconf 91' lang='lat' dir='ltr'><strong><em>de</em></strong></span> <span class='ocrx_word' id='word_1_522' title='bbox 557 3609 661 3692; x_wconf 80' lang='lat' dir='ltr'><strong><em>lqnae</em></strong></span> <span class='ocrx_word' id='word_1_523' title='bbox 677 3611 768 3672; x_wconf 86' lang='lat' dir='ltr'><strong><em>ductu</em></strong></span> <span class='ocrx_word' id='word_1_524' title='bbox 785 3608 922 3680; x_wconf 72' lang='lat' dir='ltr'><strong><em>3Altius.</em></strong></span> <span class='ocrx_word' id='word_1_525' title='bbox 969 3609 1050 3670; x_wconf 85' lang='lat' dir='ltr'><strong><em>salal</em></strong></span> <span class='ocrx_word' id='word_1_526' title='bbox 1070 3608 1191 3687; x_wconf 86' lang='lat' dir='ltr'><strong><em>Lector,</em></strong></span> <span class='ocrx_word' id='word_1_527' title='bbox 1216 3626 1294 3689; x_wconf 84' lang='lat' dir='ltr'><strong><em>qnae</em></strong></span> <span class='ocrx_word' id='word_1_528' title='bbox 1315 3613 1499 3691; x_wconf 87' lang='lat' dir='ltr'><strong><em>scripsimus</em></strong></span> <span class='ocrx_word' id='word_1_529' title='bbox 1521 3613 1561 3675; x_wconf 87' lang='lat' dir='ltr'><strong><em>dc</em></strong></span> <span class='ocrx_word' id='word_1_530' title='bbox 1577 3612 1759 3677; x_wconf 86' lang='lat' dir='ltr'><strong><em>Innocentio</em></strong></span> <span class='ocrx_word' id='word_1_531' title='bbox 1774 3611 1826 3675; x_wconf 85' lang='lat' dir='ltr'><strong><em>Pa·</em></strong></span> 
     </span>
     <span class='ocr_line' id='line_1_41' title="bbox 56 3689 1921 3775; baseline 0.003 -20"><span class='ocrx_word' id='word_1_532' title='bbox 56 3697 177 3772; x_wconf 83' lang='lat' dir='ltr'><strong><em>inquil,</em></strong></span> <span class='ocrx_word' id='word_1_533' title='bbox 202 3694 393 3770; x_wconf 86' lang='lat' dir='ltr'><strong><em>intuemini,</em></strong></span> <span class='ocrx_word' id='word_1_534' title='bbox 418 3700 542 3775; x_wconf 85' lang='lat' dir='ltr'><strong><em>quanto</em></strong></span> <span class='ocrx_word' id='word_1_535' title='bbox 564 3693 728 3756; x_wconf 87' lang='lat' dir='ltr'><strong><em>deuotioni</em></strong></span> <span class='ocrx_word' id='word_1_536' title='bbox 750 3690 924 3773; x_wconf 75' lang='lat' dir='ltr'><strong><em>affectusa</em></strong></span> <span class='ocrx_word' id='word_1_537' title='bbox 969 3709 1005 3767; x_wconf 88' lang='lat' dir='ltr'><strong><em>pa</em></strong></span> <span class='ocrx_word' id='word_1_538' title='bbox 1028 3689 1083 3754; x_wconf 91' lang='lat' dir='ltr'><strong><em>Ill.</em></strong></span> <span class='ocrx_word' id='word_1_539' title='bbox 1108 3692 1138 3754; x_wconf 93' lang='lat' dir='ltr'><strong><em>in</em></strong></span> <span class='ocrx_word' id='word_1_540' title='bbox 1161 3693 1216 3756; x_wconf 87' lang='lat' dir='ltr'><strong><em>lib.</em></strong></span> <span class='ocrx_word' id='word_1_541' title='bbox 1233 3694 1272 3757; x_wconf 91' lang='lat' dir='ltr'><strong><em>ll.</em></strong></span> <span class='ocrx_word' id='word_1_542' title='bbox 1296 3712 1365 3772; x_wconf 89' lang='lat' dir='ltr'><strong><em>cop.</em></strong></span> <span class='ocrx_word' id='word_1_543' title='bbox 1388 3695 1442 3758; x_wconf 77' lang='lat' dir='ltr'><strong><em>IX.</em></strong></span> <span class='ocrx_word' id='word_1_544' title='bbox 1459 3698 1498 3760; x_wconf 89' lang='lat' dir='ltr'><strong><em>dn</em></strong></span> <span class='ocrx_word' id='word_1_545' title='bbox 1514 3695 1634 3760; x_wconf 85' lang='lat' dir='ltr'><strong><em>Gemitu</em></strong></span> <span class='ocrx_word' id='word_1_546' title='bbox 1651 3695 1824 3760; x_wconf 83' lang='lat' dir='ltr'><strong><em>columbae.</em></strong></span> <span class='ocrx_word' id='word_1_547' title='bbox 1918 3694 1921 3700; x_wconf 77' lang='grc'>’</span> 
     </span>
     <span class='ocr_line' id='line_1_42' title="bbox 54 3774 1821 3860; baseline 0.001 -18"><span class='ocrx_word' id='word_1_548' title='bbox 54 3777 152 3843; x_wconf 90' lang='lat' dir='ltr'><strong><em>nobis</em></strong></span> <span class='ocrx_word' id='word_1_549' title='bbox 172 3779 314 3842; x_wconf 81' lang='lat' dir='ltr'><strong><em>Mariam</em></strong></span> <span class='ocrx_word' id='word_1_550' title='bbox 327 3777 465 3841; x_wconf 88' lang='lat' dir='ltr'><strong><em>noluerit</em></strong></span> <span class='ocrx_word' id='word_1_551' title='bbox 481 3777 650 3854; x_wconf 85' lang='lat' dir='ltr'><strong><em>honorari,</em></strong></span> <span class='ocrx_word' id='word_1_552' title='bbox 667 3778 726 3856; x_wconf 86' lang='lat' dir='ltr'><strong><em>qui</em></strong></span> <span class='ocrx_word' id='word_1_553' title='bbox 740 3778 836 3840; x_wconf 86' lang='lat' dir='ltr'><strong><em>totius</em></strong></span> <span class='ocrx_word' id='word_1_554' title='bbox 848 3775 925 3841; x_wconf 89' lang='lat' dir='ltr'><strong><em>bani</em></strong></span> <span class='ocrx_word' id='word_1_555' title='bbox 943 3823 947 3830; x_wconf 92' lang='lat'>.</span> <span class='ocrx_word' id='word_1_556' title='bbox 967 3774 1010 3837; x_wconf 84' lang='lat' dir='ltr'><strong><em>Ex</em></strong></span> <span class='ocrx_word' id='word_1_557' title='bbox 1027 3775 1076 3836; x_wconf 82' lang='lat' dir='ltr'><strong><em>tris</em></strong></span> <span class='ocrx_word' id='word_1_558' title='bbox 1094 3779 1184 3855; x_wconf 78' lang='lat' dir='ltr'><strong><em>igitur</em></strong></span> <span class='ocrx_word' id='word_1_559' title='bbox 1200 3779 1273 3839; x_wconf 88' lang='lat' dir='ltr'><strong><em>satis</em></strong></span> <span class='ocrx_word' id='word_1_560' title='bbox 1290 3785 1393 3857; x_wconf 88' lang='lat' dir='ltr'><strong><em>aperte</em></strong></span> <span class='ocrx_word' id='word_1_561' title='bbox 1411 3779 1576 3860; x_wconf 78' lang='lat' dir='ltr'><strong><em>colligitur,</em></strong></span> <span class='ocrx_word' id='word_1_562' title='bbox 1593 3795 1631 3842; x_wconf 79' lang='lat' dir='ltr'><strong><em>es</em></strong></span> <span class='ocrx_word' id='word_1_563' title='bbox 1645 3779 1744 3860; x_wconf 74' lang='lat' dir='ltr'><strong><em>signis</em></strong></span> <span class='ocrx_word' id='word_1_564' title='bbox 1759 3780 1821 3844; x_wconf 87' lang='lat' dir='ltr'><strong><em>elc-</em></strong></span> 
     </span>
     <span class='ocr_line' id='line_1_43' title="bbox 52 3857 1824 3942; baseline 0 -16"><span class='ocrx_word' id='word_1_565' title='bbox 52 3865 297 3942; x_wconf 87' lang='lat' dir='ltr'><strong><em>plenitudinem</em></strong></span> <span class='ocrx_word' id='word_1_566' title='bbox 309 3863 417 3940; x_wconf 89' lang='lat' dir='ltr'><strong><em>posuit</em></strong></span> <span class='ocrx_word' id='word_1_567' title='bbox 430 3861 643 3925; x_wconf 79' lang='lat' dir='ltr'><strong><em>inMnrinzut</em></strong></span> <span class='ocrx_word' id='word_1_568' title='bbox 656 3862 832 3940; x_wconf 83' lang='lat' dir='ltr'><strong><em>proindesi</em></strong></span> <span class='ocrx_word' id='word_1_569' title='bbox 843 3861 924 3941; x_wconf 82' lang='lat' dir='ltr'><strong><em>quid</em></strong></span> <span class='ocrx_word' id='word_1_570' title='bbox 969 3857 1079 3921; x_wconf 80' lang='lat' dir='ltr'><strong><em>cilonis</em></strong></span> <span class='ocrx_word' id='word_1_571' title='bbox 1092 3861 1128 3922; x_wconf 89' lang='lat' dir='ltr'><strong><em>ad</em></strong></span> <span class='ocrx_word' id='word_1_572' title='bbox 1143 3860 1281 3936; x_wconf 73' lang='lat' dir='ltr'><strong><em>gloriam,</em></strong></span> <span class='ocrx_word' id='word_1_573' title='bbox 1297 3877 1356 3924; x_wconf 89' lang='lat' dir='ltr'><strong><em>nnn</em></strong></span> <span class='ocrx_word' id='word_1_574' title='bbox 1373 3879 1444 3926; x_wconf 88' lang='lat' dir='ltr'><strong><em>osse</em></strong></span> <span class='ocrx_word' id='word_1_575' title='bbox 1460 3881 1498 3927; x_wconf 84' lang='lat' dir='ltr'><strong><em>cx</em></strong></span> <span class='ocrx_word' id='word_1_576' title='bbox 1512 3864 1676 3942; x_wconf 90' lang='lat' dir='ltr'><strong><em>postremis</em></strong></span> <span class='ocrx_word' id='word_1_577' title='bbox 1692 3863 1824 3928; x_wconf 85' lang='lat' dir='ltr'><strong><em>deratio-</em></strong></span> 
     </span>
     <span class='ocr_line' id='line_1_44' title="bbox 53 3943 1823 4030; baseline 0 -20"><span class='ocrx_word' id='word_1_578' title='bbox 53 3947 130 4030; x_wconf 88' lang='lat' dir='ltr'><strong><em>spei</em></strong></span> <span class='ocrx_word' id='word_1_579' title='bbox 142 3949 234 4011; x_wconf 89' lang='lat' dir='ltr'><strong><em>nobis</em></strong></span> <span class='ocrx_word' id='word_1_580' title='bbox 251 3945 344 4017; x_wconf 77' lang='lat' dir='ltr'><strong><em>estet</em></strong></span> <span class='ocrx_word' id='word_1_581' title='bbox 356 3947 436 4023; x_wconf 84' lang='lat' dir='ltr'><strong><em>quid</em></strong></span> <span class='ocrx_word' id='word_1_582' title='bbox 446 3947 586 4024; x_wconf 74' lang='lat' dir='ltr'><strong><em>cratiae,</em></strong></span> <span class='ocrx_word' id='word_1_583' title='bbox 600 3946 629 4007; x_wconf 87' lang='lat' dir='ltr'><strong><em>si</em></strong></span> <span class='ocrx_word' id='word_1_584' title='bbox 644 3945 725 4025; x_wconf 86' lang='lat' dir='ltr'><strong><em>quid</em></strong></span> <span class='ocrx_word' id='word_1_585' title='bbox 738 3945 866 4021; x_wconf 90' lang='lat' dir='ltr'><strong><em>salutis,</em></strong></span> <span class='ocrx_word' id='word_1_586' title='bbox 882 3943 922 4007; x_wconf 91' lang='lat' dir='ltr'><strong><em>ab</em></strong></span> <span class='ocrx_word' id='word_1_587' title='bbox 968 3958 1037 4005; x_wconf 91' lang='lat' dir='ltr'><strong><em>nem</em></strong></span> <span class='ocrx_word' id='word_1_588' title='bbox 1054 3943 1236 4023; x_wconf 80' lang='lat' dir='ltr'><strong><em>singularem</em></strong></span> <span class='ocrx_word' id='word_1_589' title='bbox 1253 3945 1289 4008; x_wconf 85' lang='lat' dir='ltr'><strong><em>ad</em></strong></span> <span class='ocrx_word' id='word_1_590' title='bbox 1308 3947 1462 4025; x_wconf 82' lang='lat' dir='ltr'><strong><em>virginem</em></strong></span> <span class='ocrx_word' id='word_1_591' title='bbox 1483 3946 1540 4010; x_wconf 86' lang='lat' dir='ltr'><strong><em>Dei</em></strong></span> <span class='ocrx_word' id='word_1_592' title='bbox 1563 3954 1702 4010; x_wconf 88' lang='lat' dir='ltr'><strong><em>matrem.</em></strong></span> <span class='ocrx_word' id='word_1_593' title='bbox 1717 3947 1823 4026; x_wconf 87' lang='lat' dir='ltr'><strong><em>Neque</em></strong></span> 
     </span>
     <span class='ocr_line' id='line_1_45' title="bbox 55 4027 1825 4109; baseline -0.002 -13"><span class='ocrx_word' id='word_1_594' title='bbox 55 4049 100 4096; x_wconf 92' lang='lat' dir='ltr'><strong><em>ea</em></strong></span> <span class='ocrx_word' id='word_1_595' title='bbox 123 4032 310 4096; x_wconf 81' lang='lat' dir='ltr'><strong><em>renuerimus</em></strong></span> <span class='ocrx_word' id='word_1_596' title='bbox 335 4029 543 4094; x_wconf 85' lang='lat' dir='ltr'><strong><em>redundare:</em></strong></span> <span class='ocrx_word' id='word_1_597' title='bbox 570 4035 600 4092; x_wconf 92' lang='lat' dir='ltr'><strong><em>et</em></strong></span> <span class='ocrx_word' id='word_1_598' title='bbox 622 4029 719 4091; x_wconf 88' lang='lat' dir='ltr'><strong><em>intra:</em></strong></span> <span class='ocrx_word' id='word_1_599' title='bbox 746 4027 826 4090; x_wconf 74' lang='lat' dir='ltr'><strong><em>lotis</em></strong></span> <span class='ocrx_word' id='word_1_600' title='bbox 848 4044 922 4108; x_wconf 84' lang='lat' dir='ltr'><strong><em>erpo</em></strong></span> <span class='ocrx_word' id='word_1_601' title='bbox 968 4028 1050 4088; x_wconf 88' lang='lat' dir='ltr'><strong><em>enim</em></strong></span> <span class='ocrx_word' id='word_1_602' title='bbox 1072 4027 1192 4088; x_wconf 86' lang='lat' dir='ltr'><strong><em>vidntur</em></strong></span> <span class='ocrx_word' id='word_1_603' title='bbox 1214 4045 1306 4105; x_wconf 89' lang='lat' dir='ltr'><strong><em>posse</em></strong></span> <span class='ocrx_word' id='word_1_604' title='bbox 1321 4030 1424 4107; x_wconf 87' lang='lat' dir='ltr'><strong><em>perire</em></strong></span> <span class='ocrx_word' id='word_1_605' title='bbox 1446 4033 1485 4106; x_wconf 90' lang='lat' dir='ltr'><strong><em>is,</em></strong></span> <span class='ocrx_word' id='word_1_606' title='bbox 1510 4031 1549 4094; x_wconf 90' lang='lat' dir='ltr'><strong><em>de</em></strong></span> <span class='ocrx_word' id='word_1_607' title='bbox 1572 4047 1632 4109; x_wconf 84' lang='lat' dir='ltr'><strong><em>quo</em></strong></span> <span class='ocrx_word' id='word_1_608' title='bbox 1654 4032 1768 4094; x_wconf 87' lang='lat' dir='ltr'><strong><em>dictum</em></strong></span> <span class='ocrx_word' id='word_1_609' title='bbox 1785 4030 1825 4094; x_wconf 88' lang='lat' dir='ltr'><strong><em>stt</em></strong></span> 
     </span>
     <span class='ocr_line' id='line_1_46' title="bbox 53 4109 1822 4194; baseline -0.002 -14"><span class='ocrx_word' id='word_1_610' title='bbox 53 4116 212 4180; x_wconf 88' lang='lat' dir='ltr'><strong><em>medullis</em></strong></span> <span class='ocrx_word' id='word_1_611' title='bbox 224 4111 374 4178; x_wconf 85' lang='lat' dir='ltr'><strong><em>cordium</em></strong></span> <span class='ocrx_word' id='word_1_612' title='bbox 388 4119 418 4175; x_wconf 88' lang='lat' dir='ltr'><strong><em>el</em></strong></span> <span class='ocrx_word' id='word_1_613' title='bbox 427 4115 508 4177; x_wconf 90' lang='lat' dir='ltr'><strong><em>uotis</em></strong></span> <span class='ocrx_word' id='word_1_614' title='bbox 521 4112 670 4178; x_wconf 90' lang='lat' dir='ltr'><strong><em>omnibus</em></strong></span> <span class='ocrx_word' id='word_1_615' title='bbox 682 4112 820 4176; x_wconf 84' lang='lat' dir='ltr'><strong><em>Mariam</em></strong></span> <span class='ocrx_word' id='word_1_616' title='bbox 829 4128 922 4176; x_wconf 89' lang='lat' dir='ltr'><strong><em>uene·</em></strong></span> <span class='ocrx_word' id='word_1_617' title='bbox 966 4109 1081 4190; x_wconf 79' lang='lat' dir='ltr'><strong><em>virgini</em></strong></span> <span class='ocrx_word' id='word_1_618' title='bbox 1099 4128 1114 4172; x_wconf 91' lang='lat' dir='ltr'><strong><em>a</em></strong></span> <span class='ocrx_word' id='word_1_619' title='bbox 1131 4110 1264 4189; x_wconf 85' lang='lat' dir='ltr'><strong><em>Christo,</em></strong></span> <span class='ocrx_word' id='word_1_620' title='bbox 1278 4112 1358 4176; x_wconf 83' lang='lat' dir='ltr'><strong><em>llcce</em></strong></span> <span class='ocrx_word' id='word_1_621' title='bbox 1371 4111 1458 4194; x_wconf 69' lang='lat' dir='ltr'><strong><em>iilum</em></strong></span> <span class='ocrx_word' id='word_1_622' title='bbox 1471 4119 1559 4188; x_wconf 89' lang='lat' dir='ltr'><strong><em>tuus,</em></strong></span> <span class='ocrx_word' id='word_1_623' title='bbox 1573 4114 1739 4177; x_wconf 88' lang='lat' dir='ltr'><strong><em>dnmmodo</em></strong></span> <span class='ocrx_word' id='word_1_624' title='bbox 1755 4119 1785 4176; x_wconf 89' lang='lat' dir='ltr'><strong><em>et</em></strong></span> <span class='ocrx_word' id='word_1_625' title='bbox 1799 4112 1822 4175; x_wconf 92' lang='lat' dir='ltr'><strong><em>i·</em></strong></span> 
     </span>
     <span class='ocr_line' id='line_1_47' title="bbox 53 4196 1823 4281; baseline -0.001 -19"><span class='ocrx_word' id='word_1_626' title='bbox 53 4215 170 4264; x_wconf 85' lang='lat' dir='ltr'><strong><em>remur</em></strong></span> <span class='ocrx_word' id='word_1_627' title='bbox 185 4201 267 4281; x_wconf 82' lang='lat' dir='ltr'><strong><em>quia</em></strong></span> <span class='ocrx_word' id='word_1_628' title='bbox 280 4197 327 4260; x_wconf 88' lang='lat' dir='ltr'><strong><em>sic</em></strong></span> <span class='ocrx_word' id='word_1_629' title='bbox 339 4200 385 4258; x_wconf 88' lang='lat' dir='ltr'><strong><em>est</em></strong></span> <span class='ocrx_word' id='word_1_630' title='bbox 398 4199 548 4262; x_wconf 86' lang='lat' dir='ltr'><strong><em>uoluntas</em></strong></span> <span class='ocrx_word' id='word_1_631' title='bbox 563 4213 644 4275; x_wconf 69' lang='lat' dir='ltr'><strong><em>epus,</em></strong></span> <span class='ocrx_word' id='word_1_632' title='bbox 668 4196 844 4278; x_wconf 80' lang='lat' dir='ltr'><strong><em>quitatum</em></strong></span> <span class='ocrx_word' id='word_1_633' title='bbox 864 4211 923 4259; x_wconf 87' lang='lat' dir='ltr'><strong><em>nos</em></strong></span> <span class='ocrx_word' id='word_1_634' title='bbox 967 4210 1023 4273; x_wconf 89' lang='lat' dir='ltr'><strong><em>pse</em></strong></span> <span class='ocrx_word' id='word_1_635' title='bbox 1041 4210 1101 4257; x_wconf 92' lang='lat' dir='ltr'><strong><em>non</em></strong></span> <span class='ocrx_word' id='word_1_636' title='bbox 1117 4196 1208 4258; x_wconf 85' lang='lat' dir='ltr'><strong><em>surda</em></strong></span> <span class='ocrx_word' id='word_1_637' title='bbox 1225 4212 1299 4260; x_wconf 88' lang='lat' dir='ltr'><strong><em>anre</em></strong></span> <span class='ocrx_word' id='word_1_638' title='bbox 1314 4199 1427 4275; x_wconf 83' lang='lat' dir='ltr'><strong><em>audiat,</em></strong></span> <span class='ocrx_word' id='word_1_639' title='bbox 1441 4197 1524 4277; x_wconf 85' lang='lat' dir='ltr'><strong><em>quod</em></strong></span> <span class='ocrx_word' id='word_1_640' title='bbox 1537 4197 1565 4261; x_wconf 88' lang='lat' dir='ltr'><strong><em>ei</em></strong></span> <span class='ocrx_word' id='word_1_641' title='bbox 1578 4196 1717 4262; x_wconf 85' lang='lat' dir='ltr'><strong><em>Christus</em></strong></span> <span class='ocrx_word' id='word_1_642' title='bbox 1739 4197 1823 4261; x_wconf 81' lang='lat' dir='ltr'><strong><em>dixe·</em></strong></span> 
     </span>
     <span class='ocr_line' id='line_1_48' title="bbox 54 4278 1317 4358; baseline -0.005 -11"><span class='ocrx_word' id='word_1_643' title='bbox 54 4283 178 4348; x_wconf 85' lang='lat' dir='ltr'><strong><em>babere</em></strong></span> <span class='ocrx_word' id='word_1_644' title='bbox 204 4282 306 4347; x_wconf 88' lang='lat' dir='ltr'><strong><em>noluit</em></strong></span> <span class='ocrx_word' id='word_1_645' title='bbox 325 4295 388 4358; x_wconf 89' lang='lat' dir='ltr'><strong><em>per</em></strong></span> <span class='ocrx_word' id='word_1_646' title='bbox 406 4282 565 4347; x_wconf 82' lang='lat' dir='ltr'><strong><em>Mariam:</em></strong></span> <span class='ocrx_word' id='word_1_647' title='bbox 589 4286 621 4346; x_wconf 89' lang='lat' dir='ltr'><strong><em>el</em></strong></span> <span class='ocrx_word' id='word_1_648' title='bbox 640 4297 780 4344; x_wconf 89' lang='lat' dir='ltr'><strong><em>rursum:</em></strong></span> <span class='ocrx_word' id='word_1_649' title='bbox 798 4279 921 4356; x_wconf 80' lang='lat' dir='ltr'><strong><em>Filioli,</em></strong></span> <span class='ocrx_word' id='word_1_650' title='bbox 968 4279 1017 4354; x_wconf 90' lang='lat' dir='ltr'><strong><em>rit,</em></strong></span> <span class='ocrx_word' id='word_1_651' title='bbox 1034 4278 1116 4343; x_wconf 76' lang='lat' dir='ltr'><strong><em>Ecce</em></strong></span> <span class='ocrx_word' id='word_1_652' title='bbox 1129 4284 1234 4343; x_wconf 88' lang='lat' dir='ltr'><strong><em>mater</em></strong></span> <span class='ocrx_word' id='word_1_653' title='bbox 1249 4285 1317 4344; x_wconf 88' lang='lat' dir='ltr'><strong><em>tua.</em></strong></span> 
     </span>
    </p>
   </div>
   <div class='ocr_carea' id='block_1_3' title="bbox 0 0 2051 6258">
    <p class='ocr_par' dir='ltr' id='par_1_3' title="bbox 0 0 2051 6258">
     <span class='ocr_line' id='line_1_49' title="bbox 0 0 2051 6258; baseline 0 0"><span class='ocrx_word' id='word_1_654' title='bbox 0 0 2051 6258; x_wconf 95' lang='lat' dir='ltr'><strong><em> </em></strong></span> 
     </span>
    </p>
   </div>
  </div>
 </body>
</html>
