<?xml version="1.0" encoding="UTF-8"?>
<!DOCTYPE html PUBLIC "-//W3C//DTD XHTML 1.0 Transitional//EN"
    "http://www.w3.org/TR/xhtml1/DTD/xhtml1-transitional.dtd">
<html xmlns="http://www.w3.org/1999/xhtml" xml:lang="en" lang="en">
 <head>
  <title>
</title>
<meta http-equiv="Content-Type" content="text/html;charset=utf-8" />
  <meta name='ocr-system' content='tesseract 3.04.00' />
  <meta name='ocr-capabilities' content='ocr_page ocr_carea ocr_par ocr_line ocrx_word'/>
</head>
<body>
  <div class='ocr_page' id='page_1' title='image "./operaomnia00sforgoog_0224.png"; bbox 0 0 4048 6242; ppageno 0'>
   <div class='ocr_carea' id='block_1_1' title="bbox 739 315 1713 380">
    <p class='ocr_par' dir='ltr' id='par_1_1' title="bbox 739 315 1713 380">
     <span class='ocr_line' id='line_1_1' title="bbox 739 315 1713 380; baseline 0.001 -2"><span class='ocrx_word' id='word_1_1' title='bbox 739 315 877 378; x_wconf 74' lang='lat' dir='ltr'><strong>desnos</strong></span> <span class='ocrx_word' id='word_1_2' title='bbox 899 315 1051 376; x_wconf 76' lang='lat' dir='ltr'><strong>esuritis</strong></span> <span class='ocrx_word' id='word_1_3' title='bbox 1662 320 1713 380; x_wconf 76' lang='lat' dir='ltr'><strong>ets</strong></span> 
     </span>
    </p>
   </div>
   <div class='ocr_carea' id='block_1_2' title="bbox 20 443 1866 2848">
    <p class='ocr_par' dir='ltr' id='par_1_2' title="bbox 22 443 1866 1190">
     <span class='ocr_line' id='line_1_2' title="bbox 28 443 1785 529; baseline 0.005 -25"><span class='ocrx_word' id='word_1_4' title='bbox 28 460 163 510; x_wconf 89' lang='lat' dir='ltr'><strong>omnem</strong></span> <span class='ocrx_word' id='word_1_5' title='bbox 178 445 309 512; x_wconf 79' lang='lat' dir='ltr'><strong>herbam</strong></span> <span class='ocrx_word' id='word_1_6' title='bbox 325 443 511 528; x_wconf 65' lang='lat' dir='ltr'><strong>altmontem</strong></span> <span class='ocrx_word' id='word_1_7' title='bbox 523 461 633 512; x_wconf 87' lang='lat' dir='ltr'><strong>semen</strong></span> <span class='ocrx_word' id='word_1_8' title='bbox 643 461 743 525; x_wconf 86' lang='lat' dir='ltr'><strong>super</strong></span> <span class='ocrx_word' id='word_1_9' title='bbox 757 453 886 522; x_wconf 77' lang='lat' dir='ltr'><strong>turam,</strong></span> <span class='ocrx_word' id='word_1_10' title='bbox 935 451 1072 527; x_wconf 82' lang='lat' dir='ltr'><strong>tonores,</strong></span> <span class='ocrx_word' id='word_1_11' title='bbox 1093 447 1211 529; x_wconf 80' lang='lat' dir='ltr'><strong>quiores</strong></span> <span class='ocrx_word' id='word_1_12' title='bbox 1231 447 1354 526; x_wconf 79' lang='lat' dir='ltr'><strong>trusum</strong></span> <span class='ocrx_word' id='word_1_13' title='bbox 1366 449 1573 526; x_wconf 82' lang='lat' dir='ltr'><strong>audouerom,</strong></span> <span class='ocrx_word' id='word_1_14' title='bbox 1585 451 1655 514; x_wconf 88' lang='lat' dir='ltr'><strong>uidi</strong></span> <span class='ocrx_word' id='word_1_15' title='bbox 1667 451 1704 514; x_wconf 87' lang='lat' dir='ltr'><strong>in</strong></span> <span class='ocrx_word' id='word_1_16' title='bbox 1719 467 1785 514; x_wconf 83' lang='lat' dir='ltr'><strong>uns·</strong></span> 
     </span>
     <span class='ocr_line' id='line_1_3' title="bbox 25 529 1785 624; baseline 0.005 -36"><span class='ocrx_word' id='word_1_17' title='bbox 25 536 59 590; x_wconf 86' lang='lat' dir='ltr'><strong>et</strong></span> <span class='ocrx_word' id='word_1_18' title='bbox 74 531 231 594; x_wconf 84' lang='lat' dir='ltr'><strong>uniuerso</strong></span> <span class='ocrx_word' id='word_1_19' title='bbox 246 531 347 608; x_wconf 85' lang='lat' dir='ltr'><strong>tipno.</strong></span> <span class='ocrx_word' id='word_1_20' title='bbox 364 545 448 610; x_wconf 87' lang='lat' dir='ltr'><strong>quoe</strong></span> <span class='ocrx_word' id='word_1_21' title='bbox 462 529 581 592; x_wconf 82' lang='lat' dir='ltr'><strong>habent</strong></span> <span class='ocrx_word' id='word_1_22' title='bbox 594 531 631 594; x_wconf 89' lang='lat' dir='ltr'><strong>in</strong></span> <span class='ocrx_word' id='word_1_23' title='bbox 650 532 828 608; x_wconf 72' lang='lat' dir='ltr'><strong><em>semetipsis</em></strong></span> <span class='ocrx_word' id='word_1_24' title='bbox 841 548 888 596; x_wconf 88' lang='lat' dir='ltr'><strong>se·</strong></span> <span class='ocrx_word' id='word_1_25' title='bbox 933 533 1029 596; x_wconf 79' lang='lat' dir='ltr'><strong>nimos</strong></span> <span class='ocrx_word' id='word_1_26' title='bbox 1042 535 1230 605; x_wconf 88' lang='lat' dir='ltr'><strong>uanitatem,</strong></span> <span class='ocrx_word' id='word_1_27' title='bbox 1247 539 1276 594; x_wconf 89' lang='lat' dir='ltr'><strong>et</strong></span> <span class='ocrx_word' id='word_1_28' title='bbox 1290 529 1496 624; x_wconf 73' lang='lat' dir='ltr'><strong>afflictionem</strong></span> <span class='ocrx_word' id='word_1_29' title='bbox 1517 532 1633 608; x_wconf 88' lang='lat' dir='ltr'><strong>animi,</strong></span> <span class='ocrx_word' id='word_1_30' title='bbox 1658 540 1687 593; x_wconf 92' lang='lat' dir='ltr'><strong>et</strong></span> <span class='ocrx_word' id='word_1_31' title='bbox 1700 535 1785 597; x_wconf 82' lang='lat' dir='ltr'><strong>uiuit</strong></span> 
     </span>
     <span class='ocr_line' id='line_1_4' title="bbox 24 612 1786 694; baseline 0.004 -22"><span class='ocrx_word' id='word_1_32' title='bbox 24 621 172 676; x_wconf 84' lang='lat' dir='ltr'><strong>mentem</strong></span> <span class='ocrx_word' id='word_1_33' title='bbox 186 613 312 694; x_wconf 82' lang='lat' dir='ltr'><strong>poneris</strong></span> <span class='ocrx_word' id='word_1_34' title='bbox 325 613 400 683; x_wconf 84' lang='lat' dir='ltr'><strong>arti,</strong></span> <span class='ocrx_word' id='word_1_35' title='bbox 426 618 463 677; x_wconf 89' lang='lat' dir='ltr'><strong>ul</strong></span> <span class='ocrx_word' id='word_1_36' title='bbox 475 613 541 676; x_wconf 87' lang='lat' dir='ltr'><strong>sint</strong></span> <span class='ocrx_word' id='word_1_37' title='bbox 555 612 644 678; x_wconf 83' lang='lat' dir='ltr'><strong>uobis</strong></span> <span class='ocrx_word' id='word_1_38' title='bbox 658 617 696 676; x_wconf 88' lang='lat' dir='ltr'><strong>in</strong></span> <span class='ocrx_word' id='word_1_39' title='bbox 710 628 835 692; x_wconf 89' lang='lat' dir='ltr'><strong>eseam,</strong></span> <span class='ocrx_word' id='word_1_40' title='bbox 859 623 889 681; x_wconf 87' lang='grc' dir='ltr'><strong>ει</strong></span> <span class='ocrx_word' id='word_1_41' title='bbox 932 631 1127 692; x_wconf 79' lang='lat' dir='ltr'><strong>ammonere</strong></span> <span class='ocrx_word' id='word_1_42' title='bbox 1146 615 1206 679; x_wconf 85' lang='lat' dir='ltr'><strong>sub</strong></span> <span class='ocrx_word' id='word_1_43' title='bbox 1225 615 1311 680; x_wconf 85' lang='lat' dir='ltr'><strong>Sole.</strong></span> <span class='ocrx_word' id='word_1_44' title='bbox 1326 615 1390 677; x_wconf 87' lang='lat' dir='ltr'><strong>lton</strong></span> <span class='ocrx_word' id='word_1_45' title='bbox 1418 631 1491 692; x_wconf 80' lang='lat' dir='ltr'><strong>erqo</strong></span> <span class='ocrx_word' id='word_1_46' title='bbox 1512 613 1647 688; x_wconf 88' lang='lat' dir='ltr'><strong>quietem</strong></span> <span class='ocrx_word' id='word_1_47' title='bbox 1670 615 1786 679; x_wconf 83' lang='lat' dir='ltr'><strong>inuenit</strong></span> 
     </span>
     <span class='ocr_line' id='line_1_5' title="bbox 24 695 1783 775; baseline 0.003 -20"><span class='ocrx_word' id='word_1_48' title='bbox 24 697 156 759; x_wconf 78' lang='lat' dir='ltr'><strong>eunetis</strong></span> <span class='ocrx_word' id='word_1_49' title='bbox 172 695 395 760; x_wconf 79' lang='lat' dir='ltr'><strong>animantibus</strong></span> <span class='ocrx_word' id='word_1_50' title='bbox 407 700 523 760; x_wconf 84' lang='lat' dir='ltr'><strong>terroe.</strong></span> <span class='ocrx_word' id='word_1_51' title='bbox 537 697 639 760; x_wconf 78' lang='lat' dir='ltr'><strong>Tertio</strong></span> <span class='ocrx_word' id='word_1_52' title='bbox 651 696 794 772; x_wconf 89' lang='lat' dir='ltr'><strong>prodooit</strong></span> <span class='ocrx_word' id='word_1_53' title='bbox 807 704 886 762; x_wconf 86' lang='lat' dir='ltr'><strong>term</strong></span> <span class='ocrx_word' id='word_1_54' title='bbox 934 697 1077 762; x_wconf 80' lang='lat' dir='ltr'><strong>Salomon</strong></span> <span class='ocrx_word' id='word_1_55' title='bbox 1095 700 1124 760; x_wconf 88' lang='lat' dir='ltr'><strong>in</strong></span> <span class='ocrx_word' id='word_1_56' title='bbox 1142 698 1370 770; x_wconf 84' lang='lat' dir='ltr'><strong>teolisdiritiis,</strong></span> <span class='ocrx_word' id='word_1_57' title='bbox 1387 707 1419 760; x_wconf 90' lang='lat' dir='ltr'><strong>et</strong></span> <span class='ocrx_word' id='word_1_58' title='bbox 1432 696 1564 769; x_wconf 82' lang='lat' dir='ltr'><strong>doliolis,</strong></span> <span class='ocrx_word' id='word_1_59' title='bbox 1578 702 1609 762; x_wconf 91' lang='lat' dir='ltr'><strong>et</strong></span> <span class='ocrx_word' id='word_1_60' title='bbox 1621 698 1783 775; x_wconf 87' lang='lat' dir='ltr'><strong>sapientis,</strong></span> 
     </span>
     <span class='ocr_line' id='line_1_6' title="bbox 24 777 1783 857; baseline 0.003 -21"><span class='ocrx_word' id='word_1_61' title='bbox 24 778 154 856; x_wconf 85' lang='lat' dir='ltr'><strong>lapides</strong></span> <span class='ocrx_word' id='word_1_62' title='bbox 168 789 199 842; x_wconf 89' lang='lat' dir='ltr'><strong>et</strong></span> <span class='ocrx_word' id='word_1_63' title='bbox 215 779 295 856; x_wconf 79' lang='lat' dir='ltr'><strong>liqna</strong></span> <span class='ocrx_word' id='word_1_64' title='bbox 310 781 348 839; x_wconf 90' lang='lat' dir='ltr'><strong>sd</strong></span> <span class='ocrx_word' id='word_1_65' title='bbox 364 777 570 841; x_wconf 85' lang='lat' dir='ltr'><strong>eediiinendes</strong></span> <span class='ocrx_word' id='word_1_66' title='bbox 585 780 705 853; x_wconf 85' lang='lat' dir='ltr'><strong>domos,</strong></span> <span class='ocrx_word' id='word_1_67' title='bbox 722 785 753 841; x_wconf 92' lang='lat' dir='ltr'><strong>et</strong></span> <span class='ocrx_word' id='word_1_68' title='bbox 767 782 887 845; x_wconf 85' lang='lat' dir='ltr'><strong>metella</strong></span> <span class='ocrx_word' id='word_1_69' title='bbox 933 788 963 842; x_wconf 91' lang='grc' dir='ltr'><strong>ει</strong></span> <span class='ocrx_word' id='word_1_70' title='bbox 990 781 1183 844; x_wconf 75' lang='lat' dir='ltr'><strong>honoribuss</strong></span> <span class='ocrx_word' id='word_1_71' title='bbox 1213 797 1270 844; x_wconf 89' lang='lat' dir='ltr'><strong>neo</strong></span> <span class='ocrx_word' id='word_1_72' title='bbox 1295 780 1433 844; x_wconf 80' lang='lat' dir='ltr'><strong>iuvenire</strong></span> <span class='ocrx_word' id='word_1_73' title='bbox 1463 778 1634 857; x_wconf 86' lang='lat' dir='ltr'><strong>patuisset,</strong></span> <span class='ocrx_word' id='word_1_74' title='bbox 1664 779 1783 844; x_wconf 89' lang='lat' dir='ltr'><strong>etismsi</strong></span> 
     </span>
     <span class='ocr_line' id='line_1_7' title="bbox 22 860 1866 942; baseline 0.003 -24"><span class='ocrx_word' id='word_1_75' title='bbox 22 861 110 923; x_wconf 87' lang='lat' dir='ltr'><strong>neris</strong></span> <span class='ocrx_word' id='word_1_76' title='bbox 127 867 158 924; x_wconf 89' lang='grc' dir='ltr'><strong>ει</strong></span> <span class='ocrx_word' id='word_1_77' title='bbox 171 860 243 924; x_wconf 87' lang='lat' dir='ltr'><strong>terri</strong></span> <span class='ocrx_word' id='word_1_78' title='bbox 259 861 289 924; x_wconf 92' lang='lat' dir='ltr'><strong>in</strong></span> <span class='ocrx_word' id='word_1_79' title='bbox 304 861 405 924; x_wconf 85' lang='lat' dir='ltr'><strong>rarius</strong></span> <span class='ocrx_word' id='word_1_80' title='bbox 421 867 660 928; x_wconf 79' lang='lat' dir='ltr'><strong>usosetsurum</strong></span> <span class='ocrx_word' id='word_1_81' title='bbox 672 870 764 940; x_wconf 87' lang='lat' dir='ltr'><strong>atque</strong></span> <span class='ocrx_word' id='word_1_82' title='bbox 778 879 887 940; x_wconf 79' lang='lat' dir='ltr'><strong>arpen·</strong></span> <span class='ocrx_word' id='word_1_83' title='bbox 935 864 1029 926; x_wconf 87' lang='lat' dir='ltr'><strong>mutto</strong></span> <span class='ocrx_word' id='word_1_84' title='bbox 1044 866 1130 942; x_wconf 90' lang='lat' dir='ltr'><strong>ptum</strong></span> <span class='ocrx_word' id='word_1_85' title='bbox 1146 869 1178 928; x_wconf 90' lang='lat' dir='ltr'><strong>et</strong></span> <span class='ocrx_word' id='word_1_86' title='bbox 1203 864 1315 926; x_wconf 84' lang='lat' dir='ltr'><strong>maiora</strong></span> <span class='ocrx_word' id='word_1_87' title='bbox 1330 864 1479 940; x_wconf 85' lang='lat' dir='ltr'><strong>tuissent;</strong></span> <span class='ocrx_word' id='word_1_88' title='bbox 1502 864 1646 941; x_wconf 87' lang='lat' dir='ltr'><strong>quoniam</strong></span> <span class='ocrx_word' id='word_1_89' title='bbox 1662 866 1783 926; x_wconf 88' lang='lat' dir='ltr'><strong>enimus</strong></span> <span class='ocrx_word' id='word_1_90' title='bbox 1859 865 1866 926; x_wconf 82' lang='grc'><strong>,’</strong></span> 
     </span>
     <span class='ocr_line' id='line_1_8' title="bbox 24 944 1781 1028; baseline 0.003 -27"><span class='ocrx_word' id='word_1_91' title='bbox 24 944 226 1023; x_wconf 86' lang='lat' dir='ltr'><strong>tum,quibus</strong></span> <span class='ocrx_word' id='word_1_92' title='bbox 238 944 771 1022; x_wconf 78' lang='lat' dir='ltr'><strong>cudunturpeountoeinstrumenta</strong></span> <span class='ocrx_word' id='word_1_93' title='bbox 782 944 886 1010; x_wconf 85' lang='lat' dir='ltr'><strong>odett·</strong></span> <span class='ocrx_word' id='word_1_94' title='bbox 935 947 1087 1028; x_wconf 82' lang='lat' dir='ltr'><strong>lrumqous</strong></span> <span class='ocrx_word' id='word_1_95' title='bbox 1102 947 1280 1020; x_wconf 87' lang='lat' dir='ltr'><strong>immortalis</strong></span> <span class='ocrx_word' id='word_1_96' title='bbox 1295 952 1352 1016; x_wconf 88' lang='lat' dir='ltr'><strong>est,</strong></span> <span class='ocrx_word' id='word_1_97' title='bbox 1374 947 1431 1010; x_wconf 90' lang='lat' dir='ltr'><strong>iste</strong></span> <span class='ocrx_word' id='word_1_98' title='bbox 1447 953 1519 1007; x_wconf 86' lang='lat' dir='ltr'><strong>reio</strong></span> <span class='ocrx_word' id='word_1_99' title='bbox 1535 944 1671 1010; x_wconf 82' lang='lat' dir='ltr'><strong>mortalis</strong></span> <span class='ocrx_word' id='word_1_100' title='bbox 1686 953 1757 1007; x_wconf 90' lang='lat' dir='ltr'><strong>sunt</strong></span> <span class='ocrx_word' id='word_1_101' title='bbox 1773 991 1781 1018; x_wconf 92' lang='lat'><strong>,</strong></span> 
     </span>
     <span class='ocr_line' id='line_1_9' title="bbox 23 1026 1783 1110; baseline 0.002 -24"><span class='ocrx_word' id='word_1_102' title='bbox 23 1033 78 1087; x_wconf 89' lang='lat' dir='ltr'><strong>net</strong></span> <span class='ocrx_word' id='word_1_103' title='bbox 98 1027 139 1090; x_wconf 88' lang='lat' dir='ltr'><strong>sd</strong></span> <span class='ocrx_word' id='word_1_104' title='bbox 155 1028 234 1090; x_wconf 82' lang='lat' dir='ltr'><strong>silea</strong></span> <span class='ocrx_word' id='word_1_105' title='bbox 250 1027 402 1090; x_wconf 79' lang='lat' dir='ltr'><strong>numanae</strong></span> <span class='ocrx_word' id='word_1_106' title='bbox 423 1027 524 1090; x_wconf 89' lang='lat' dir='ltr'><strong>omnir</strong></span> <span class='ocrx_word' id='word_1_107' title='bbox 546 1028 719 1092; x_wconf 79' lang='lat' dir='ltr'><strong>necessaria</strong></span> <span class='ocrx_word' id='word_1_108' title='bbox 743 1026 887 1097; x_wconf 87' lang='lat' dir='ltr'><strong>luoillime</strong></span> <span class='ocrx_word' id='word_1_109' title='bbox 933 1043 992 1090; x_wconf 88' lang='lat' dir='ltr'><strong>neo</strong></span> <span class='ocrx_word' id='word_1_110' title='bbox 1007 1036 1137 1106; x_wconf 89' lang='lat' dir='ltr'><strong>possunt</strong></span> <span class='ocrx_word' id='word_1_111' title='bbox 1152 1030 1203 1092; x_wconf 94' lang='lat' dir='ltr'><strong>diu</strong></span> <span class='ocrx_word' id='word_1_112' title='bbox 1231 1044 1412 1110; x_wconf 85' lang='lat' dir='ltr'><strong>permanere</strong></span> <span class='ocrx_word' id='word_1_113' title='bbox 1436 1028 1495 1090; x_wconf 89' lang='lat' dir='ltr'><strong>sub</strong></span> <span class='ocrx_word' id='word_1_114' title='bbox 1517 1026 1613 1104; x_wconf 86' lang='lat' dir='ltr'><strong>Sole;</strong></span> <span class='ocrx_word' id='word_1_115' title='bbox 1638 1042 1694 1090; x_wconf 89' lang='lat' dir='ltr'><strong>oen</strong></span> <span class='ocrx_word' id='word_1_116' title='bbox 1716 1028 1783 1091; x_wconf 89' lang='lat' dir='ltr'><strong>lieri</strong></span> 
     </span>
     <span class='ocr_line' id='line_1_10' title="bbox 23 1110 1783 1190; baseline 0.002 -21"><span class='ocrx_word' id='word_1_117' title='bbox 23 1110 249 1190; x_wconf 82' lang='lat' dir='ltr'><strong>comparando.</strong></span> <span class='ocrx_word' id='word_1_118' title='bbox 630 1127 635 1150; x_wconf 60' lang='grc' dir='ltr'>ι</span> <span class='ocrx_word' id='word_1_119' title='bbox 670 1137 673 1142; x_wconf 91' lang='grc'><strong><em>·</em></strong></span> <span class='ocrx_word' id='word_1_120' title='bbox 933 1115 1044 1188; x_wconf 88' lang='lat' dir='ltr'><strong>potest,</strong></span> <span class='ocrx_word' id='word_1_121' title='bbox 1062 1121 1094 1174; x_wconf 94' lang='lat' dir='ltr'><strong>ut</strong></span> <span class='ocrx_word' id='word_1_122' title='bbox 1109 1114 1231 1178; x_wconf 86' lang='lat' dir='ltr'><strong>animus</strong></span> <span class='ocrx_word' id='word_1_123' title='bbox 1246 1127 1341 1188; x_wconf 80' lang='lat' dir='ltr'><strong>sapas</strong></span> <span class='ocrx_word' id='word_1_124' title='bbox 1355 1111 1463 1174; x_wconf 90' lang='lat' dir='ltr'><strong>inilnili</strong></span> <span class='ocrx_word' id='word_1_125' title='bbox 1487 1111 1571 1183; x_wconf 86' lang='lat' dir='ltr'><strong>boni,</strong></span> <span class='ocrx_word' id='word_1_126' title='bbox 1588 1113 1715 1174; x_wconf 82' lang='lat' dir='ltr'><strong>estiatur</strong></span> <span class='ocrx_word' id='word_1_127' title='bbox 1730 1111 1783 1173; x_wconf 89' lang='lat' dir='ltr'><strong>bo·</strong></span> 
     </span>
    </p>

    <p class='ocr_par' dir='ltr' id='par_1_3' title="bbox 20 1189 1788 2848">
     <span class='ocr_line' id='line_1_11' title="bbox 69 1189 1782 1274; baseline 0.001 -20"><span class='ocrx_word' id='word_1_128' title='bbox 69 1191 115 1254; x_wconf 81' lang='lat' dir='ltr'><strong>Aa</strong></span> <span class='ocrx_word' id='word_1_129' title='bbox 142 1195 240 1270; x_wconf 87' lang='lat' dir='ltr'><strong>prims</strong></span> <span class='ocrx_word' id='word_1_130' title='bbox 257 1191 384 1269; x_wconf 83' lang='lat' dir='ltr'><strong>quidem</strong></span> <span class='ocrx_word' id='word_1_131' title='bbox 399 1190 452 1255; x_wconf 86' lang='lat' dir='ltr'><strong>ille</strong></span> <span class='ocrx_word' id='word_1_132' title='bbox 468 1197 566 1254; x_wconf 87' lang='lat' dir='ltr'><strong>terrae</strong></span> <span class='ocrx_word' id='word_1_133' title='bbox 582 1189 776 1272; x_wconf 74' lang='lat' dir='ltr'>proprietas,</span> <span class='ocrx_word' id='word_1_134' title='bbox 804 1196 886 1272; x_wconf 91' lang='lat' dir='ltr'><strong>quod</strong></span> <span class='ocrx_word' id='word_1_135' title='bbox 933 1198 980 1255; x_wconf 83' lang='lat' dir='ltr'><strong>tris</strong></span> <span class='ocrx_word' id='word_1_136' title='bbox 993 1193 1369 1268; x_wconf 68' lang='lat' dir='ltr'><strong>linitistiue&#39;madmudum</strong></span> <span class='ocrx_word' id='word_1_137' title='bbox 1382 1194 1473 1274; x_wconf 76' lang='lat' dir='ltr'><strong>igitur</strong></span> <span class='ocrx_word' id='word_1_138' title='bbox 1484 1209 1545 1257; x_wconf 92' lang='lat' dir='ltr'><strong>nou</strong></span> <span class='ocrx_word' id='word_1_139' title='bbox 1558 1198 1658 1272; x_wconf 79' lang='lat' dir='ltr'><strong>polest</strong></span> <span class='ocrx_word' id='word_1_140' title='bbox 1670 1191 1782 1273; x_wconf 84' lang='lat' dir='ltr'><strong>eorpus</strong></span> 
     </span>
     <span class='ocr_line' id='line_1_12' title="bbox 23 1273 1782 1356; baseline 0.002 -21"><span class='ocrx_word' id='word_1_141' title='bbox 23 1273 175 1338; x_wconf 83' lang='lat' dir='ltr'><strong>uidelicet</strong></span> <span class='ocrx_word' id='word_1_142' title='bbox 187 1277 228 1338; x_wconf 91' lang='grc' dir='ltr'><strong>ειι</strong></span> <span class='ocrx_word' id='word_1_143' title='bbox 240 1275 376 1344; x_wconf 74' lang='lat' dir='ltr'><strong>toeneio</strong></span> <span class='ocrx_word' id='word_1_144' title='bbox 389 1289 451 1354; x_wconf 92' lang='lat' dir='ltr'><strong>quo</strong></span> <span class='ocrx_word' id='word_1_145' title='bbox 463 1289 590 1350; x_wconf 78' lang='lat' dir='ltr'><strong>corporo</strong></span> <span class='ocrx_word' id='word_1_146' title='bbox 604 1276 884 1354; x_wconf 86' lang='lat' dir='ltr'><strong>nostroquieseent,</strong></span> <span class='ocrx_word' id='word_1_147' title='bbox 933 1276 1099 1338; x_wconf 88' lang='lat' dir='ltr'><strong>irumeoum</strong></span> <span class='ocrx_word' id='word_1_148' title='bbox 1115 1276 1146 1340; x_wconf 90' lang='lat' dir='ltr'><strong>in</strong></span> <span class='ocrx_word' id='word_1_149' title='bbox 1163 1291 1244 1350; x_wconf 86' lang='lat' dir='ltr'><strong>aare,</strong></span> <span class='ocrx_word' id='word_1_150' title='bbox 1261 1279 1457 1356; x_wconf 82' lang='lat' dir='ltr'><strong>quantumuis</strong></span> <span class='ocrx_word' id='word_1_151' title='bbox 1479 1276 1626 1340; x_wconf 84' lang='lat' dir='ltr'><strong>letissimo</strong></span> <span class='ocrx_word' id='word_1_152' title='bbox 1641 1311 1655 1348; x_wconf 24' lang='grc' dir='ltr'><strong>,κ</strong></span> <span class='ocrx_word' id='word_1_153' title='bbox 1670 1291 1737 1342; x_wconf 70' lang='lat' dir='ltr'><strong>nea,</strong></span> <span class='ocrx_word' id='word_1_154' title='bbox 1750 1276 1782 1339; x_wconf 90' lang='lat' dir='ltr'><strong>iu</strong></span> 
     </span>
     <span class='ocr_line' id='line_1_13' title="bbox 22 1358 1781 1439; baseline 0.002 -22"><span class='ocrx_word' id='word_1_155' title='bbox 22 1374 99 1418; x_wconf 88' lang='lat' dir='ltr'><strong>eum</strong></span> <span class='ocrx_word' id='word_1_156' title='bbox 120 1359 150 1420; x_wconf 94' lang='lat' dir='ltr'><strong>in</strong></span> <span class='ocrx_word' id='word_1_157' title='bbox 168 1375 259 1435; x_wconf 87' lang='lat' dir='ltr'><strong>aqua,</strong></span> <span class='ocrx_word' id='word_1_158' title='bbox 274 1358 321 1421; x_wconf 87' lang='lat' dir='ltr'><strong>rel</strong></span> <span class='ocrx_word' id='word_1_159' title='bbox 336 1372 420 1430; x_wconf 82' lang='lat' dir='ltr'><strong>sere,</strong></span> <span class='ocrx_word' id='word_1_160' title='bbox 437 1361 482 1420; x_wconf 86' lang='lat' dir='ltr'><strong>set</strong></span> <span class='ocrx_word' id='word_1_161' title='bbox 500 1361 572 1436; x_wconf 81' lang='lat' dir='ltr'><strong>iqne</strong></span> <span class='ocrx_word' id='word_1_162' title='bbox 586 1358 749 1432; x_wconf 82' lang='lat' dir='ltr'><strong>quiessem</strong></span> <span class='ocrx_word' id='word_1_163' title='bbox 770 1374 887 1439; x_wconf 89' lang='lat' dir='ltr'><strong>neque·</strong></span> <span class='ocrx_word' id='word_1_164' title='bbox 931 1358 1033 1439; x_wconf 87' lang='lat' dir='ltr'><strong>aquis,</strong></span> <span class='ocrx_word' id='word_1_165' title='bbox 1050 1362 1189 1438; x_wconf 82' lang='lat' dir='ltr'><strong>quemuis</strong></span> <span class='ocrx_word' id='word_1_166' title='bbox 1204 1359 1453 1438; x_wconf 75' lang='lat' dir='ltr'><strong>profundissimis</strong></span> <span class='ocrx_word' id='word_1_167' title='bbox 1468 1359 1688 1438; x_wconf 78' lang='lat' dir='ltr'><strong>requiescere,</strong></span> <span class='ocrx_word' id='word_1_168' title='bbox 1711 1358 1781 1439; x_wconf 88' lang='lat' dir='ltr'><strong>quin</strong></span> 
     </span>
     <span class='ocr_line' id='line_1_14' title="bbox 23 1439 1782 1520; baseline 0.003 -20"><span class='ocrx_word' id='word_1_169' title='bbox 23 1447 105 1518; x_wconf 81' lang='lat' dir='ltr'><strong>nnt3</strong></span> <span class='ocrx_word' id='word_1_170' title='bbox 129 1443 303 1520; x_wconf 72' lang='lat' dir='ltr'><strong>symbolum</strong></span> <span class='ocrx_word' id='word_1_171' title='bbox 320 1440 489 1503; x_wconf 82' lang='lat' dir='ltr'><strong>conditoris</strong></span> <span class='ocrx_word' id='word_1_172' title='bbox 504 1445 562 1506; x_wconf 85' lang='grc' dir='ltr'>εει.</span> <span class='ocrx_word' id='word_1_173' title='bbox 580 1439 611 1504; x_wconf 91' lang='lat' dir='ltr'><strong>in</strong></span> <span class='ocrx_word' id='word_1_174' title='bbox 627 1456 689 1518; x_wconf 91' lang='lat' dir='ltr'><strong>qun</strong></span> <span class='ocrx_word' id='word_1_175' title='bbox 703 1440 771 1502; x_wconf 91' lang='lat' dir='ltr'><strong>solo</strong></span> <span class='ocrx_word' id='word_1_176' title='bbox 785 1445 886 1507; x_wconf 86' lang='lat' dir='ltr'><strong>enimn</strong></span> <span class='ocrx_word' id='word_1_177' title='bbox 932 1450 1072 1504; x_wconf 87' lang='lat' dir='ltr'><strong>nentrum</strong></span> <span class='ocrx_word' id='word_1_178' title='bbox 1089 1443 1158 1505; x_wconf 88' lang='lat' dir='ltr'><strong>eius</strong></span> <span class='ocrx_word' id='word_1_179' title='bbox 1173 1449 1250 1505; x_wconf 89' lang='lat' dir='ltr'><strong>terra</strong></span> <span class='ocrx_word' id='word_1_180' title='bbox 1266 1449 1334 1515; x_wconf 89' lang='lat' dir='ltr'><strong>est,</strong></span> <span class='ocrx_word' id='word_1_181' title='bbox 1362 1454 1424 1504; x_wconf 88' lang='lat' dir='ltr'><strong>uon</strong></span> <span class='ocrx_word' id='word_1_182' title='bbox 1450 1457 1523 1518; x_wconf 82' lang='lat' dir='ltr'><strong>aar,</strong></span> <span class='ocrx_word' id='word_1_183' title='bbox 1551 1442 1599 1504; x_wconf 87' lang='lat' dir='ltr'><strong>rel</strong></span> <span class='ocrx_word' id='word_1_184' title='bbox 1614 1457 1713 1520; x_wconf 87' lang='lat' dir='ltr'><strong>equs:</strong></span> <span class='ocrx_word' id='word_1_185' title='bbox 1735 1441 1782 1506; x_wconf 88' lang='lat' dir='ltr'><strong>sio</strong></span> 
     </span>
     <span class='ocr_line' id='line_1_15' title="bbox 25 1522 1781 1603; baseline 0.001 -20"><span class='ocrx_word' id='word_1_186' title='bbox 25 1524 167 1586; x_wconf 82' lang='lat' dir='ltr'><strong>humana</strong></span> <span class='ocrx_word' id='word_1_187' title='bbox 189 1525 292 1586; x_wconf 81' lang='lat' dir='ltr'><strong>losum</strong></span> <span class='ocrx_word' id='word_1_188' title='bbox 318 1522 432 1602; x_wconf 91' lang='lat' dir='ltr'><strong>quletis</strong></span> <span class='ocrx_word' id='word_1_189' title='bbox 454 1522 590 1586; x_wconf 80' lang='lat' dir='ltr'><strong>inuenire</strong></span> <span class='ocrx_word' id='word_1_190' title='bbox 612 1531 725 1600; x_wconf 90' lang='lat' dir='ltr'><strong>potest.</strong></span> <span class='ocrx_word' id='word_1_191' title='bbox 747 1523 886 1603; x_wconf 74' lang='lat' dir='ltr'><strong>semet,</strong></span> <span class='ocrx_word' id='word_1_192' title='bbox 931 1525 1052 1588; x_wconf 87' lang='lat' dir='ltr'><strong>animus</strong></span> <span class='ocrx_word' id='word_1_193' title='bbox 1067 1526 1217 1588; x_wconf 86' lang='lat' dir='ltr'><strong>humanus</strong></span> <span class='ocrx_word' id='word_1_194' title='bbox 1234 1539 1398 1603; x_wconf 77' lang='lat' dir='ltr'><strong>numquam</strong></span> <span class='ocrx_word' id='word_1_195' title='bbox 1427 1523 1601 1599; x_wconf 82' lang='lat' dir='ltr'><strong>requiesset</strong></span> <span class='ocrx_word' id='word_1_196' title='bbox 1627 1527 1656 1586; x_wconf 90' lang='lat' dir='ltr'><strong>in</strong></span> <span class='ocrx_word' id='word_1_197' title='bbox 1682 1527 1781 1588; x_wconf 88' lang='lat' dir='ltr'><strong>nereis</strong></span> 
     </span>
     <span class='ocr_line' id='line_1_16' title="bbox 26 1605 1781 1686; baseline 0.002 -21"><span class='ocrx_word' id='word_1_198' title='bbox 26 1605 132 1681; x_wconf 91' lang='lat' dir='ltr'><strong>inquit</strong></span> <span class='ocrx_word' id='word_1_199' title='bbox 155 1606 188 1670; x_wconf 91' lang='lat' dir='ltr'><strong>S.</strong></span> <span class='ocrx_word' id='word_1_200' title='bbox 211 1606 413 1684; x_wconf 68' lang='lat' dir='ltr'><strong>Augustinus.</strong></span> <span class='ocrx_word' id='word_1_201' title='bbox 428 1621 488 1670; x_wconf 81' lang='lat' dir='ltr'><strong>nris</strong></span> <span class='ocrx_word' id='word_1_202' title='bbox 510 1605 643 1669; x_wconf 81' lang='lat' dir='ltr'><strong>Domine</strong></span> <span class='ocrx_word' id='word_1_203' title='bbox 665 1607 710 1670; x_wconf 87' lang='lat' dir='ltr'><strong>od</strong></span> <span class='ocrx_word' id='word_1_204' title='bbox 732 1613 772 1680; x_wconf 90' lang='lat' dir='ltr'><strong>te,</strong></span> <span class='ocrx_word' id='word_1_205' title='bbox 795 1611 888 1673; x_wconf 88' lang='lat' dir='ltr'><strong>etin·</strong></span> <span class='ocrx_word' id='word_1_206' title='bbox 933 1607 1147 1686; x_wconf 70' lang='lat' dir='ltr'><strong>dignitatibus.</strong></span> <span class='ocrx_word' id='word_1_207' title='bbox 1164 1605 1658 1686; x_wconf 89' lang='lat' dir='ltr'><strong>relluteisdiritiis,relnquels,</strong></span> <span class='ocrx_word' id='word_1_208' title='bbox 1676 1608 1781 1682; x_wconf 88' lang='lat' dir='ltr'><strong>idest,</strong></span> 
     </span>
     <span class='ocr_line' id='line_1_17' title="bbox 24 1688 1781 1768; baseline 0.001 -18"><span class='ocrx_word' id='word_1_209' title='bbox 24 1689 179 1762; x_wconf 81' lang='lat' dir='ltr'><strong>quietum</strong></span> <span class='ocrx_word' id='word_1_210' title='bbox 195 1694 240 1752; x_wconf 87' lang='lat' dir='ltr'><strong>est</strong></span> <span class='ocrx_word' id='word_1_211' title='bbox 254 1705 309 1752; x_wconf 86' lang='lat' dir='ltr'><strong>eor</strong></span> <span class='ocrx_word' id='word_1_212' title='bbox 324 1695 470 1752; x_wconf 86' lang='lat' dir='ltr'><strong>nastrum</strong></span> <span class='ocrx_word' id='word_1_213' title='bbox 481 1689 583 1752; x_wconf 89' lang='lat' dir='ltr'><strong>donee</strong></span> <span class='ocrx_word' id='word_1_214' title='bbox 593 1691 775 1768; x_wconf 86' lang='lat' dir='ltr'><strong>requieseat</strong></span> <span class='ocrx_word' id='word_1_215' title='bbox 788 1693 825 1754; x_wconf 87' lang='lat' dir='ltr'><strong>iu</strong></span> <span class='ocrx_word' id='word_1_216' title='bbox 845 1699 887 1756; x_wconf 91' lang='lat' dir='ltr'><strong>te.</strong></span> <span class='ocrx_word' id='word_1_217' title='bbox 933 1691 1079 1754; x_wconf 86' lang='lat' dir='ltr'><strong>mollibus</strong></span> <span class='ocrx_word' id='word_1_218' title='bbox 1094 1697 1126 1755; x_wconf 90' lang='lat' dir='ltr'><strong>et</strong></span> <span class='ocrx_word' id='word_1_219' title='bbox 1136 1690 1270 1754; x_wconf 81' lang='lat' dir='ltr'><strong>sordidis</strong></span> <span class='ocrx_word' id='word_1_220' title='bbox 1282 1688 1499 1768; x_wconf 85' lang='lat' dir='ltr'><strong>rotuptnious,</strong></span> <span class='ocrx_word' id='word_1_221' title='bbox 1513 1705 1572 1752; x_wconf 90' lang='lat' dir='ltr'><strong>neo</strong></span> <span class='ocrx_word' id='word_1_222' title='bbox 1583 1691 1613 1751; x_wconf 91' lang='lat' dir='ltr'><strong>in</strong></span> <span class='ocrx_word' id='word_1_223' title='bbox 1629 1688 1781 1754; x_wconf 84' lang='lat' dir='ltr'><strong>humente</strong></span> 
     </span>
     <span class='ocr_line' id='line_1_18' title="bbox 26 1770 1781 1852; baseline 0.001 -20"><span class='ocrx_word' id='word_1_224' title='bbox 26 1773 181 1836; x_wconf 85' lang='lat' dir='ltr'><strong>Salomon</strong></span> <span class='ocrx_word' id='word_1_225' title='bbox 202 1770 277 1848; x_wconf 82' lang='lat' dir='ltr'><strong>Rex,</strong></span> <span class='ocrx_word' id='word_1_226' title='bbox 294 1771 321 1832; x_wconf 90' lang='grc' dir='ltr'><strong>ει</strong></span> <span class='ocrx_word' id='word_1_227' title='bbox 343 1771 513 1852; x_wconf 86' lang='lat' dir='ltr'><strong>quisalius</strong></span> <span class='ocrx_word' id='word_1_228' title='bbox 536 1774 683 1848; x_wconf 83' lang='lat' dir='ltr'><strong>quaesiui</strong></span> <span class='ocrx_word' id='word_1_229' title='bbox 703 1776 840 1848; x_wconf 79' lang='lat' dir='ltr'><strong>requiem</strong></span> <span class='ocrx_word' id='word_1_230' title='bbox 857 1777 888 1837; x_wconf 92' lang='lat' dir='ltr'><strong>ln</strong></span> <span class='ocrx_word' id='word_1_231' title='bbox 932 1773 1082 1836; x_wconf 85' lang='lat' dir='ltr'><strong>solentius</strong></span> <span class='ocrx_word' id='word_1_232' title='bbox 1096 1773 1173 1836; x_wconf 84' lang='lat' dir='ltr'><strong>laiso</strong></span> <span class='ocrx_word' id='word_1_233' title='bbox 1187 1771 1375 1852; x_wconf 79' lang='lat' dir='ltr'><strong>splendore,</strong></span> <span class='ocrx_word' id='word_1_234' title='bbox 1400 1775 1454 1834; x_wconf 87' lang='lat' dir='ltr'><strong>sed</strong></span> <span class='ocrx_word' id='word_1_235' title='bbox 1478 1774 1507 1834; x_wconf 93' lang='lat' dir='ltr'><strong>in</strong></span> <span class='ocrx_word' id='word_1_236' title='bbox 1522 1772 1592 1835; x_wconf 87' lang='lat' dir='ltr'><strong>solo</strong></span> <span class='ocrx_word' id='word_1_237' title='bbox 1618 1773 1701 1843; x_wconf 79' lang='lat' dir='ltr'><strong>den,</strong></span> <span class='ocrx_word' id='word_1_238' title='bbox 1729 1771 1781 1850; x_wconf 89' lang='lat' dir='ltr'><strong>qui</strong></span> 
     </span>
     <span class='ocr_line' id='line_1_19' title="bbox 28 1853 1787 1931; baseline 0.002 -19"><span class='ocrx_word' id='word_1_239' title='bbox 28 1855 178 1930; x_wconf 83' lang='lat' dir='ltr'><strong>imperio,</strong></span> <span class='ocrx_word' id='word_1_240' title='bbox 194 1854 226 1918; x_wconf 87' lang='lat' dir='ltr'><strong>in</strong></span> <span class='ocrx_word' id='word_1_241' title='bbox 241 1853 377 1930; x_wconf 72' lang='lat' dir='ltr'><strong>divitiis,</strong></span> <span class='ocrx_word' id='word_1_242' title='bbox 399 1853 673 1931; x_wconf 61' lang='lat' dir='ltr'><strong>inrumpentium</strong></span> <span class='ocrx_word' id='word_1_243' title='bbox 695 1855 828 1919; x_wconf 80' lang='lat' dir='ltr'><strong>obtinuit</strong></span> <span class='ocrx_word' id='word_1_244' title='bbox 841 1873 888 1920; x_wconf 89' lang='lat' dir='ltr'><strong>re·</strong></span> <span class='ocrx_word' id='word_1_245' title='bbox 932 1860 1073 1919; x_wconf 84' lang='lat' dir='ltr'><strong>nentrum</strong></span> <span class='ocrx_word' id='word_1_246' title='bbox 1087 1859 1280 1926; x_wconf 82' lang='lat' dir='ltr'><strong>animorum.</strong></span> <span class='ocrx_word' id='word_1_247' title='bbox 1306 1859 1338 1920; x_wconf 91' lang='lat' dir='ltr'><strong>et</strong></span> <span class='ocrx_word' id='word_1_248' title='bbox 1350 1870 1443 1920; x_wconf 82' lang='lat' dir='ltr'><strong>verus</strong></span> <span class='ocrx_word' id='word_1_249' title='bbox 1457 1871 1492 1916; x_wconf 85' lang='lat' dir='ltr'><strong>oo</strong></span> <span class='ocrx_word' id='word_1_250' title='bbox 1506 1855 1593 1918; x_wconf 88' lang='lat' dir='ltr'><strong>solus</strong></span> <span class='ocrx_word' id='word_1_251' title='bbox 1610 1855 1717 1929; x_wconf 84' lang='lat' dir='ltr'><strong>locus,</strong></span> <span class='ocrx_word' id='word_1_252' title='bbox 1738 1870 1787 1918; x_wconf 86' lang='lat' dir='ltr'><strong>re·</strong></span> 
     </span>
     <span class='ocr_line' id='line_1_20' title="bbox 24 1935 1787 2016; baseline 0.002 -19"><span class='ocrx_word' id='word_1_253' title='bbox 24 1951 126 2012; x_wconf 76' lang='lat' dir='ltr'><strong>quum</strong></span> <span class='ocrx_word' id='word_1_254' title='bbox 141 1935 380 2012; x_wconf 85' lang='lat' dir='ltr'><strong>amplissimum.</strong></span> <span class='ocrx_word' id='word_1_255' title='bbox 405 1944 436 1999; x_wconf 89' lang='lat' dir='ltr'><strong>sl</strong></span> <span class='ocrx_word' id='word_1_256' title='bbox 451 1938 696 2015; x_wconf 66' lang='lat' dir='ltr'><strong>pacatissimum</strong></span> <span class='ocrx_word' id='word_1_257' title='bbox 708 1937 748 2000; x_wconf 86' lang='lat' dir='ltr'><strong>ite</strong></span> <span class='ocrx_word' id='word_1_258' title='bbox 765 1944 797 2001; x_wconf 91' lang='lat' dir='ltr'><strong>ul</strong></span> <span class='ocrx_word' id='word_1_259' title='bbox 808 1938 887 2008; x_wconf 85' lang='lat' dir='ltr'><strong>Seri·</strong></span> <span class='ocrx_word' id='word_1_260' title='bbox 932 1939 1047 2016; x_wconf 87' lang='lat' dir='ltr'><strong>quletis</strong></span> <span class='ocrx_word' id='word_1_261' title='bbox 1063 1955 1168 2002; x_wconf 90' lang='lat' dir='ltr'><strong>eorum</strong></span> <span class='ocrx_word' id='word_1_262' title='bbox 1185 1945 1244 2003; x_wconf 89' lang='lat' dir='ltr'><strong>est.</strong></span> <span class='ocrx_word' id='word_1_263' title='bbox 1260 1937 1286 2003; x_wconf 90' lang='lat'>0</span> <span class='ocrx_word' id='word_1_264' title='bbox 1308 1954 1398 2014; x_wconf 87' lang='lat' dir='ltr'><strong>quum</strong></span> <span class='ocrx_word' id='word_1_265' title='bbox 1415 1952 1497 2011; x_wconf 86' lang='lat' dir='ltr'><strong>rere,</strong></span> <span class='ocrx_word' id='word_1_266' title='bbox 1513 1943 1544 2000; x_wconf 90' lang='grc' dir='ltr'><strong>ει</strong></span> <span class='ocrx_word' id='word_1_267' title='bbox 1558 1954 1647 2016; x_wconf 84' lang='lat' dir='ltr'><strong>quaro</strong></span> <span class='ocrx_word' id='word_1_268' title='bbox 1663 1937 1787 2014; x_wconf 88' lang='lat' dir='ltr'><strong>sepien-</strong></span> 
     </span>
     <span class='ocr_line' id='line_1_21' title="bbox 26 2018 1787 2102; baseline 0.002 -26"><span class='ocrx_word' id='word_1_269' title='bbox 26 2027 121 2095; x_wconf 86' lang='lat' dir='ltr'><strong>ptura</strong></span> <span class='ocrx_word' id='word_1_270' title='bbox 139 2018 425 2094; x_wconf 69' lang='lat' dir='ltr'><strong>testemonium</strong></span> <span class='ocrx_word' id='word_1_271' title='bbox 440 2020 562 2084; x_wconf 87' lang='lat' dir='ltr'><strong>ditione</strong></span> <span class='ocrx_word' id='word_1_272' title='bbox 576 2029 643 2082; x_wconf 85' lang='lat' dir='ltr'><strong>suo</strong></span> <span class='ocrx_word' id='word_1_273' title='bbox 654 2023 767 2084; x_wconf 85' lang='lat' dir='ltr'><strong>omnin</strong></span> <span class='ocrx_word' id='word_1_274' title='bbox 786 2037 890 2101; x_wconf 84' lang='lat' dir='ltr'><strong>repno</strong></span> <span class='ocrx_word' id='word_1_275' title='bbox 933 2025 979 2083; x_wconf 90' lang='lat' dir='ltr'><strong>ter</strong></span> <span class='ocrx_word' id='word_1_276' title='bbox 994 2020 1170 2084; x_wconf 82' lang='lat' dir='ltr'><strong>exelsmerit</strong></span> <span class='ocrx_word' id='word_1_277' title='bbox 1184 2030 1270 2099; x_wconf 86' lang='lat' dir='ltr'><strong>peter</strong></span> <span class='ocrx_word' id='word_1_278' title='bbox 1285 2021 1468 2102; x_wconf 80' lang='lat' dir='ltr'><strong>Salomonis,</strong></span> <span class='ocrx_word' id='word_1_279' title='bbox 1486 2036 1555 2082; x_wconf 89' lang='lat' dir='ltr'><strong>eum</strong></span> <span class='ocrx_word' id='word_1_280' title='bbox 1570 2022 1623 2092; x_wconf 84' lang='lat' dir='ltr'><strong>sit:</strong></span> <span class='ocrx_word' id='word_1_281' title='bbox 1643 2020 1727 2098; x_wconf 83' lang='lat' dir='ltr'><strong>Quid</strong></span> <span class='ocrx_word' id='word_1_282' title='bbox 1741 2027 1787 2082; x_wconf 90' lang='lat' dir='ltr'><strong>est</strong></span> 
     </span>
     <span class='ocr_line' id='line_1_22' title="bbox 22 2101 1787 2184; baseline 0.002 -24"><span class='ocrx_word' id='word_1_283' title='bbox 22 2117 44 2160; x_wconf 89' lang='lat' dir='ltr'><strong>o</strong></span> <span class='ocrx_word' id='word_1_284' title='bbox 59 2101 205 2178; x_wconf 78' lang='lat' dir='ltr'><strong>{iumine</strong></span> <span class='ocrx_word' id='word_1_285' title='bbox 220 2102 534 2166; x_wconf 65' lang='lat' dir='ltr'><strong>terrnedlrilistlriim</strong></span> <span class='ocrx_word' id='word_1_286' title='bbox 548 2119 652 2182; x_wconf 86' lang='lat' dir='ltr'><strong>osque</strong></span> <span class='ocrx_word' id='word_1_287' title='bbox 667 2103 712 2166; x_wconf 87' lang='lat' dir='ltr'><strong>od</strong></span> <span class='ocrx_word' id='word_1_288' title='bbox 732 2107 886 2170; x_wconf 85' lang='lat' dir='ltr'><strong>termium</strong></span> <span class='ocrx_word' id='word_1_289' title='bbox 932 2103 1014 2166; x_wconf 82' lang='lat' dir='ltr'><strong>milri</strong></span> <span class='ocrx_word' id='word_1_290' title='bbox 1033 2108 1071 2167; x_wconf 86' lang='lat' dir='ltr'><strong>in</strong></span> <span class='ocrx_word' id='word_1_291' title='bbox 1091 2105 1189 2177; x_wconf 73' lang='lat' dir='ltr'><strong>coelo</strong></span> <span class='ocrx_word' id='word_1_292' title='bbox 1203 2111 1232 2168; x_wconf 91' lang='lat' dir='ltr'><strong>et</strong></span> <span class='ocrx_word' id='word_1_293' title='bbox 1246 2121 1269 2166; x_wconf 93' lang='lat' dir='ltr'><strong>o</strong></span> <span class='ocrx_word' id='word_1_294' title='bbox 1284 2111 1318 2166; x_wconf 91' lang='grc' dir='ltr'><strong>ιε</strong></span> <span class='ocrx_word' id='word_1_295' title='bbox 1333 2105 1416 2184; x_wconf 87' lang='lat' dir='ltr'><strong>quid</strong></span> <span class='ocrx_word' id='word_1_296' title='bbox 1434 2103 1525 2166; x_wconf 89' lang='lat' dir='ltr'><strong>uolui</strong></span> <span class='ocrx_word' id='word_1_297' title='bbox 1538 2118 1636 2182; x_wconf 84' lang='lat' dir='ltr'><strong>srrper</strong></span> <span class='ocrx_word' id='word_1_298' title='bbox 1650 2103 1787 2164; x_wconf 81' lang='lat' dir='ltr'><strong>terrosa?</strong></span> 
     </span>
     <span class='ocr_line' id='line_1_23' title="bbox 22 2183 1787 2266; baseline 0.002 -21"><span class='ocrx_word' id='word_1_299' title='bbox 22 2183 178 2264; x_wconf 72' lang='lat' dir='ltr'><strong>Aeprppti.</strong></span> <span class='ocrx_word' id='word_1_300' title='bbox 192 2183 392 2264; x_wconf 74' lang='lat' dir='ltr'><strong>offerentium</strong></span> <span class='ocrx_word' id='word_1_301' title='bbox 403 2185 466 2248; x_wconf 88' lang='lat' dir='ltr'><strong>sibi</strong></span> <span class='ocrx_word' id='word_1_302' title='bbox 476 2201 627 2258; x_wconf 90' lang='lat' dir='ltr'><strong>nrunero,</strong></span> <span class='ocrx_word' id='word_1_303' title='bbox 641 2191 670 2250; x_wconf 91' lang='lat' dir='ltr'><strong>et</strong></span> <span class='ocrx_word' id='word_1_304' title='bbox 679 2187 888 2251; x_wconf 84' lang='lat' dir='ltr'><strong>seruientium</strong></span> <span class='ocrx_word' id='word_1_305' title='bbox 931 2187 1015 2250; x_wconf 78' lang='lat' dir='ltr'><strong>uleus</strong></span> <span class='ocrx_word' id='word_1_306' title='bbox 1037 2187 1144 2250; x_wconf 81' lang='lat' dir='ltr'><strong>cordis</strong></span> <span class='ocrx_word' id='word_1_307' title='bbox 1165 2191 1251 2258; x_wconf 88' lang='lat' dir='ltr'><strong>met,</strong></span> <span class='ocrx_word' id='word_1_308' title='bbox 1275 2193 1305 2251; x_wconf 89' lang='lat' dir='ltr'><strong>et</strong></span> <span class='ocrx_word' id='word_1_309' title='bbox 1324 2201 1402 2266; x_wconf 86' lang='lat' dir='ltr'><strong>pore</strong></span> <span class='ocrx_word' id='word_1_310' title='bbox 1423 2191 1498 2247; x_wconf 89' lang='lat' dir='ltr'><strong>meo</strong></span> <span class='ocrx_word' id='word_1_311' title='bbox 1522 2184 1606 2248; x_wconf 83' lang='lat' dir='ltr'><strong>Deus</strong></span> <span class='ocrx_word' id='word_1_312' title='bbox 1626 2187 1665 2248; x_wconf 86' lang='lat' dir='ltr'><strong>in</strong></span> <span class='ocrx_word' id='word_1_313' title='bbox 1686 2192 1787 2249; x_wconf 86' lang='lat' dir='ltr'><strong>aeter·</strong></span> 
     </span>
     <span class='ocr_line' id='line_1_24' title="bbox 25 2267 1785 2347; baseline 0.001 -19"><span class='ocrx_word' id='word_1_314' title='bbox 25 2268 56 2328; x_wconf 89' lang='lat' dir='ltr'><strong>ei</strong></span> <span class='ocrx_word' id='word_1_315' title='bbox 73 2267 229 2332; x_wconf 84' lang='lat' dir='ltr'><strong>omnibus</strong></span> <span class='ocrx_word' id='word_1_316' title='bbox 251 2267 367 2334; x_wconf 35' lang='lat' dir='ltr'><strong>,diebus</strong></span> <span class='ocrx_word' id='word_1_317' title='bbox 387 2271 473 2330; x_wconf 85' lang='lat' dir='ltr'><strong>ottoe</strong></span> <span class='ocrx_word' id='word_1_318' title='bbox 498 2269 579 2332; x_wconf 76' lang='lat' dir='ltr'><strong>eius</strong></span> <span class='ocrx_word' id='word_1_319' title='bbox 596 2267 707 2331; x_wconf 84' lang='lat' dir='ltr'><strong>llsbuit</strong></span> <span class='ocrx_word' id='word_1_320' title='bbox 729 2276 885 2347; x_wconf 82' lang='lat' dir='ltr'><strong>praeterea</strong></span> <span class='ocrx_word' id='word_1_321' title='bbox 931 2285 1024 2342; x_wconf 83' lang='lat' dir='ltr'><strong>num,</strong></span> <span class='ocrx_word' id='word_1_322' title='bbox 1040 2285 1076 2332; x_wconf 89' lang='lat' dir='ltr'><strong>ao</strong></span> <span class='ocrx_word' id='word_1_323' title='bbox 1090 2268 1118 2332; x_wconf 86' lang='lat' dir='ltr'><strong>si</strong></span> <span class='ocrx_word' id='word_1_324' title='bbox 1134 2271 1239 2335; x_wconf 83' lang='lat' dir='ltr'><strong>dicere·</strong></span> <span class='ocrx_word' id='word_1_325' title='bbox 1251 2271 1421 2336; x_wconf 84' lang='lat' dir='ltr'><strong>uoluisset:</strong></span> <span class='ocrx_word' id='word_1_326' title='bbox 1444 2267 1524 2330; x_wconf 83' lang='lat' dir='ltr'><strong>llriiil</strong></span> <span class='ocrx_word' id='word_1_327' title='bbox 1541 2270 1662 2330; x_wconf 79' lang='lat' dir='ltr'><strong>inuenio</strong></span> <span class='ocrx_word' id='word_1_328' title='bbox 1679 2285 1736 2328; x_wconf 88' lang='grc' dir='ltr'>ιιεε</span> <span class='ocrx_word' id='word_1_329' title='bbox 1753 2269 1785 2330; x_wconf 90' lang='lat' dir='ltr'><strong>in</strong></span> 
     </span>
     <span class='ocr_line' id='line_1_25' title="bbox 23 2350 1783 2432; baseline 0.001 -21"><span class='ocrx_word' id='word_1_330' title='bbox 23 2351 153 2412; x_wconf 84' lang='lat' dir='ltr'><strong>divitias</strong></span> <span class='ocrx_word' id='word_1_331' title='bbox 176 2350 444 2428; x_wconf 79' lang='lat' dir='ltr'><strong>incomparabiles,</strong></span> <span class='ocrx_word' id='word_1_332' title='bbox 469 2350 510 2413; x_wconf 87' lang='lat' dir='ltr'><strong>itu</strong></span> <span class='ocrx_word' id='word_1_333' title='bbox 526 2358 557 2412; x_wconf 95' lang='lat' dir='ltr'><strong>ut</strong></span> <span class='ocrx_word' id='word_1_334' title='bbox 573 2352 667 2416; x_wconf 86' lang='lat' dir='ltr'><strong>aleret</strong></span> <span class='ocrx_word' id='word_1_335' title='bbox 689 2353 886 2432; x_wconf 75' lang='lat' dir='ltr'><strong>quodraginta</strong></span> <span class='ocrx_word' id='word_1_336' title='bbox 931 2351 1040 2430; x_wconf 86' lang='lat' dir='ltr'><strong>anolo,</strong></span> <span class='ocrx_word' id='word_1_337' title='bbox 1068 2367 1126 2415; x_wconf 90' lang='lat' dir='ltr'><strong>neo</strong></span> <span class='ocrx_word' id='word_1_338' title='bbox 1141 2353 1171 2414; x_wconf 91' lang='lat' dir='ltr'><strong>in</strong></span> <span class='ocrx_word' id='word_1_339' title='bbox 1189 2360 1291 2418; x_wconf 79' lang='lat' dir='ltr'><strong>terroe</strong></span> <span class='ocrx_word' id='word_1_340' title='bbox 1316 2369 1374 2415; x_wconf 89' lang='lat' dir='ltr'><strong>neo</strong></span> <span class='ocrx_word' id='word_1_341' title='bbox 1389 2352 1419 2414; x_wconf 91' lang='lat' dir='ltr'><strong>in</strong></span> <span class='ocrx_word' id='word_1_342' title='bbox 1441 2351 1499 2412; x_wconf 87' lang='lat' dir='ltr'><strong>otte</strong></span> <span class='ocrx_word' id='word_1_343' title='bbox 1523 2366 1556 2413; x_wconf 88' lang='lat' dir='ltr'><strong>re</strong></span> <span class='ocrx_word' id='word_1_344' title='bbox 1581 2357 1680 2414; x_wconf 86' lang='lat' dir='ltr'><strong>aresta</strong></span> <span class='ocrx_word' id='word_1_345' title='bbox 1697 2351 1783 2427; x_wconf 88' lang='lat' dir='ltr'><strong>ullu,</strong></span> 
     </span>
     <span class='ocr_line' id='line_1_26' title="bbox 20 2431 1787 2513; baseline 0 -19"><span class='ocrx_word' id='word_1_346' title='bbox 20 2433 121 2494; x_wconf 86' lang='lat' dir='ltr'><strong>miliia</strong></span> <span class='ocrx_word' id='word_1_347' title='bbox 140 2435 465 2512; x_wconf 83' lang='lat' dir='ltr'><strong>praesepinequorum</strong></span> <span class='ocrx_word' id='word_1_348' title='bbox 482 2431 651 2507; x_wconf 84' lang='lat' dir='ltr'><strong>aemilium,</strong></span> <span class='ocrx_word' id='word_1_349' title='bbox 668 2441 700 2498; x_wconf 87' lang='lat' dir='ltr'><strong>et</strong></span> <span class='ocrx_word' id='word_1_350' title='bbox 721 2435 885 2500; x_wconf 85' lang='lat' dir='ltr'><strong>duudsoim</strong></span> <span class='ocrx_word' id='word_1_351' title='bbox 931 2450 1010 2512; x_wconf 89' lang='lat' dir='ltr'><strong>quse</strong></span> <span class='ocrx_word' id='word_1_352' title='bbox 1026 2434 1084 2498; x_wconf 84' lang='lat' dir='ltr'><strong>suo</strong></span> <span class='ocrx_word' id='word_1_353' title='bbox 1100 2437 1198 2508; x_wconf 85' lang='lat' dir='ltr'><strong>eaelo,</strong></span> <span class='ocrx_word' id='word_1_354' title='bbox 1223 2442 1274 2501; x_wconf 88' lang='lat' dir='ltr'><strong>out</strong></span> <span class='ocrx_word' id='word_1_355' title='bbox 1288 2451 1382 2513; x_wconf 89' lang='lat' dir='ltr'><strong>super</strong></span> <span class='ocrx_word' id='word_1_356' title='bbox 1397 2441 1505 2497; x_wconf 82' lang='lat' dir='ltr'><strong>terram</strong></span> <span class='ocrx_word' id='word_1_357' title='bbox 1522 2433 1581 2506; x_wconf 90' lang='lat' dir='ltr'><strong>sli,</strong></span> <span class='ocrx_word' id='word_1_358' title='bbox 1608 2432 1690 2510; x_wconf 90' lang='lat' dir='ltr'><strong>quod</strong></span> <span class='ocrx_word' id='word_1_359' title='bbox 1703 2435 1787 2496; x_wconf 55' lang='lat' dir='ltr'><strong>nmini</strong></span> 
     </span>
     <span class='ocr_line' id='line_1_27' title="bbox 21 2513 1788 2598; baseline 0.001 -22"><span class='ocrx_word' id='word_1_360' title='bbox 21 2515 121 2577; x_wconf 86' lang='lat' dir='ltr'><strong>millis</strong></span> <span class='ocrx_word' id='word_1_361' title='bbox 139 2517 326 2595; x_wconf 85' lang='lat' dir='ltr'><strong>equestrium</strong></span> <span class='ocrx_word' id='word_1_362' title='bbox 341 2563 349 2587; x_wconf 86' lang='lat'><strong>,</strong></span> <span class='ocrx_word' id='word_1_363' title='bbox 373 2521 419 2584; x_wconf 88' lang='lat' dir='ltr'><strong>et.</strong></span> <span class='ocrx_word' id='word_1_364' title='bbox 447 2523 479 2578; x_wconf 95' lang='lat' dir='ltr'><strong>ut</strong></span> <span class='ocrx_word' id='word_1_365' title='bbox 494 2516 627 2597; x_wconf 72' lang='lat' dir='ltr'><strong>legimus</strong></span> <span class='ocrx_word' id='word_1_366' title='bbox 648 2518 756 2581; x_wconf 88' lang='lat' dir='ltr'><strong>endem</strong></span> <span class='ocrx_word' id='word_1_367' title='bbox 780 2518 882 2592; x_wconf 84' lang='lat' dir='ltr'><strong>libro,</strong></span> <span class='ocrx_word' id='word_1_368' title='bbox 930 2533 1031 2580; x_wconf 87' lang='lat' dir='ltr'><strong>rerem</strong></span> <span class='ocrx_word' id='word_1_369' title='bbox 1047 2519 1181 2598; x_wconf 88' lang='lat' dir='ltr'><strong>quietern</strong></span> <span class='ocrx_word' id='word_1_370' title='bbox 1197 2522 1295 2598; x_wconf 84' lang='lat' dir='ltr'><strong>possit</strong></span> <span class='ocrx_word' id='word_1_371' title='bbox 1309 2518 1440 2582; x_wconf 85' lang='lat' dir='ltr'><strong>edterre.</strong></span> <span class='ocrx_word' id='word_1_372' title='bbox 1457 2513 1500 2578; x_wconf 82' lang='lat' dir='ltr'><strong>Tu</strong></span> <span class='ocrx_word' id='word_1_373' title='bbox 1523 2516 1611 2580; x_wconf 87' lang='lat' dir='ltr'><strong>solus</strong></span> <span class='ocrx_word' id='word_1_374' title='bbox 1625 2515 1708 2577; x_wconf 84' lang='grc' dir='ltr'>ιιειιε</span> <span class='ocrx_word' id='word_1_375' title='bbox 1722 2531 1788 2579; x_wconf 83' lang='grc' dir='ltr'>εει·</span> 
     </span>
     <span class='ocr_line' id='line_1_28' title="bbox 24 2597 1785 2678; baseline -0.001 -18"><span class='ocrx_word' id='word_1_376' title='bbox 24 2597 143 2662; x_wconf 84' lang='grc' dir='ltr'>ειεεειε</span> <span class='ocrx_word' id='word_1_377' title='bbox 159 2598 335 2662; x_wconf 85' lang='lat' dir='ltr'><strong>Solomonis</strong></span> <span class='ocrx_word' id='word_1_378' title='bbox 355 2614 391 2662; x_wconf 85' lang='lat' dir='ltr'><strong>ex</strong></span> <span class='ocrx_word' id='word_1_379' title='bbox 418 2598 514 2675; x_wconf 84' lang='lat' dir='ltr'><strong>Ophir</strong></span> <span class='ocrx_word' id='word_1_380' title='bbox 541 2599 699 2663; x_wconf 78' lang='lat' dir='ltr'><strong>adferebat</strong></span> <span class='ocrx_word' id='word_1_381' title='bbox 726 2607 834 2664; x_wconf 86' lang='lat' dir='ltr'><strong>surum</strong></span> <span class='ocrx_word' id='word_1_382' title='bbox 852 2608 887 2667; x_wconf 86' lang='lat' dir='ltr'><strong>et</strong></span> <span class='ocrx_word' id='word_1_383' title='bbox 930 2600 978 2662; x_wconf 91' lang='lat' dir='ltr'><strong>dis</strong></span> <span class='ocrx_word' id='word_1_384' title='bbox 991 2602 1064 2678; x_wconf 88' lang='lat' dir='ltr'><strong>mel,</strong></span> <span class='ocrx_word' id='word_1_385' title='bbox 1078 2600 1108 2663; x_wconf 93' lang='lat' dir='ltr'><strong>id</strong></span> <span class='ocrx_word' id='word_1_386' title='bbox 1124 2606 1182 2672; x_wconf 84' lang='lat' dir='ltr'><strong>est.</strong></span> <span class='ocrx_word' id='word_1_387' title='bbox 1197 2610 1227 2665; x_wconf 94' lang='lat' dir='ltr'><strong>tu</strong></span> <span class='ocrx_word' id='word_1_388' title='bbox 1243 2603 1329 2666; x_wconf 88' lang='lat' dir='ltr'><strong>solus</strong></span> <span class='ocrx_word' id='word_1_389' title='bbox 1346 2604 1429 2676; x_wconf 89' lang='lat' dir='ltr'><strong>petro</strong></span> <span class='ocrx_word' id='word_1_390' title='bbox 1444 2597 1541 2661; x_wconf 87' lang='lat' dir='ltr'><strong>solide</strong></span> <span class='ocrx_word' id='word_1_391' title='bbox 1558 2599 1686 2661; x_wconf 87' lang='lat' dir='ltr'><strong>esnnrdi</strong></span> <span class='ocrx_word' id='word_1_392' title='bbox 1704 2615 1785 2671; x_wconf 89' lang='lat' dir='ltr'><strong>meo,</strong></span> 
     </span>
     <span class='ocr_line' id='line_1_29' title="bbox 22 2681 1788 2762; baseline -0.001 -20"><span class='ocrx_word' id='word_1_393' title='bbox 22 2696 171 2754; x_wconf 68' lang='lat' dir='ltr'><strong>gemmas</strong></span> <span class='ocrx_word' id='word_1_394' title='bbox 183 2685 334 2757; x_wconf 74' lang='lat' dir='ltr'><strong>protiosus</strong></span> <span class='ocrx_word' id='word_1_395' title='bbox 347 2682 377 2744; x_wconf 90' lang='lat' dir='ltr'><strong>in</strong></span> <span class='ocrx_word' id='word_1_396' title='bbox 393 2681 784 2760; x_wconf 7' lang='lat' dir='ltr'><strong>tantewoopiemtorqentum</strong></span> <span class='ocrx_word' id='word_1_397' title='bbox 799 2683 885 2748; x_wconf 80' lang='lat' dir='ltr'><strong>nihili</strong></span> <span class='ocrx_word' id='word_1_398' title='bbox 929 2698 984 2745; x_wconf 85' lang='lat' dir='ltr'><strong>ros</strong></span> <span class='ocrx_word' id='word_1_399' title='bbox 1001 2684 1095 2758; x_wconf 89' lang='lat' dir='ltr'><strong>enim,</strong></span> <span class='ocrx_word' id='word_1_400' title='bbox 1113 2682 1204 2757; x_wconf 81' lang='lat' dir='ltr'><strong>Deus,</strong></span> <span class='ocrx_word' id='word_1_401' title='bbox 1222 2685 1253 2749; x_wconf 90' lang='lat' dir='ltr'><strong>in</strong></span> <span class='ocrx_word' id='word_1_402' title='bbox 1268 2684 1438 2748; x_wconf 83' lang='lat' dir='ltr'><strong>Hoebrsioo</strong></span> <span class='ocrx_word' id='word_1_403' title='bbox 1463 2685 1544 2744; x_wconf 83' lang='lat' dir='ltr'><strong>textu</strong></span> <span class='ocrx_word' id='word_1_404' title='bbox 1561 2689 1677 2758; x_wconf 87' lang='lat' dir='ltr'><strong>petram</strong></span> <span class='ocrx_word' id='word_1_405' title='bbox 1693 2681 1788 2762; x_wconf 80' lang='lat' dir='ltr'><strong>siqni-</strong></span> 
     </span>
     <span class='ocr_line' id='line_1_30' title="bbox 22 2761 1787 2848; baseline -0.001 -24"><span class='ocrx_word' id='word_1_406' title='bbox 22 2761 139 2843; x_wconf 83' lang='lat' dir='ltr'><strong>lreret3</strong></span> <span class='ocrx_word' id='word_1_407' title='bbox 156 2773 186 2825; x_wconf 94' lang='lat' dir='ltr'><strong>et</strong></span> <span class='ocrx_word' id='word_1_408' title='bbox 202 2769 283 2828; x_wconf 86' lang='lat' dir='ltr'><strong>tonte</strong></span> <span class='ocrx_word' id='word_1_409' title='bbox 299 2772 381 2829; x_wconf 86' lang='lat' dir='ltr'><strong>esset</strong></span> <span class='ocrx_word' id='word_1_410' title='bbox 397 2767 514 2845; x_wconf 76' lang='lat' dir='ltr'><strong>arpenti</strong></span> <span class='ocrx_word' id='word_1_411' title='bbox 530 2766 619 2842; x_wconf 87' lang='lat' dir='ltr'><strong>eopia</strong></span> <span class='ocrx_word' id='word_1_412' title='bbox 634 2765 665 2828; x_wconf 90' lang='lat' dir='ltr'><strong>in</strong></span> <span class='ocrx_word' id='word_1_413' title='bbox 679 2765 884 2844; x_wconf 75' lang='lat' dir='ltr'><strong>Hierusalem,</strong></span> <span class='ocrx_word' id='word_1_414' title='bbox 930 2763 1000 2830; x_wconf 82' lang='lat' dir='ltr'><strong>flent</strong></span> <span class='ocrx_word' id='word_1_415' title='bbox 1015 2767 1073 2830; x_wconf 85' lang='lat' dir='ltr'><strong>ooo</strong></span> <span class='ocrx_word' id='word_1_416' title='bbox 1086 2768 1176 2831; x_wconf 85' lang='lat' dir='ltr'><strong>ineo:</strong></span> <span class='ocrx_word' id='word_1_417' title='bbox 1201 2775 1231 2830; x_wconf 92' lang='lat' dir='ltr'><strong>tu</strong></span> <span class='ocrx_word' id='word_1_418' title='bbox 1248 2783 1321 2848; x_wconf 79' lang='lat' dir='ltr'><strong>erqo</strong></span> <span class='ocrx_word' id='word_1_419' title='bbox 1346 2767 1431 2828; x_wconf 90' lang='lat' dir='ltr'><strong>solus</strong></span> <span class='ocrx_word' id='word_1_420' title='bbox 1447 2771 1530 2844; x_wconf 84' lang='lat' dir='ltr'><strong>petra</strong></span> <span class='ocrx_word' id='word_1_421' title='bbox 1554 2765 1728 2843; x_wconf 82' lang='lat' dir='ltr'><strong>ltrmissime</strong></span> <span class='ocrx_word' id='word_1_422' title='bbox 1739 2781 1787 2826; x_wconf 61' lang='lat' dir='ltr'><strong>«es</strong></span> 
     </span>
    </p>
   </div>
   <div class='ocr_carea' id='block_1_3' title="bbox 20 2845 1894 2930">
    <p class='ocr_par' dir='ltr' id='par_1_4' title="bbox 20 2845 1894 2930">
     <span class='ocr_line' id='line_1_31' title="bbox 20 2845 1894 2930; baseline -0.001 -22"><span class='ocrx_word' id='word_1_423' title='bbox 20 2851 142 2923; x_wconf 86' lang='lat' dir='ltr'><strong>quanto</strong></span> <span class='ocrx_word' id='word_1_424' title='bbox 161 2846 296 2926; x_wconf 83' lang='lat' dir='ltr'><strong>lapidum</strong></span> <span class='ocrx_word' id='word_1_425' title='bbox 313 2847 494 2926; x_wconf 82' lang='lat' dir='ltr'><strong>pluteorum.</strong></span> <span class='ocrx_word' id='word_1_426' title='bbox 508 2845 687 2923; x_wconf 78' lang='lat' dir='ltr'><strong>Voluptates</strong></span> <span class='ocrx_word' id='word_1_427' title='bbox 702 2856 802 2912; x_wconf 87' lang='lat' dir='ltr'><strong>nutem</strong></span> <span class='ocrx_word' id='word_1_428' title='bbox 821 2855 885 2912; x_wconf 91' lang='lat' dir='ltr'><strong>len·</strong></span> <span class='ocrx_word' id='word_1_429' title='bbox 929 2850 1014 2910; x_wconf 88' lang='lat' dir='ltr'><strong>eordl</strong></span> <span class='ocrx_word' id='word_1_430' title='bbox 1031 2865 1111 2922; x_wconf 86' lang='lat' dir='ltr'><strong>meo,</strong></span> <span class='ocrx_word' id='word_1_431' title='bbox 1126 2849 1156 2910; x_wconf 90' lang='lat' dir='ltr'><strong>io</strong></span> <span class='ocrx_word' id='word_1_432' title='bbox 1172 2860 1202 2913; x_wconf 95' lang='lat' dir='ltr'><strong>te</strong></span> <span class='ocrx_word' id='word_1_433' title='bbox 1217 2867 1279 2914; x_wconf 90' lang='lat' dir='ltr'><strong>nnn</strong></span> <span class='ocrx_word' id='word_1_434' title='bbox 1294 2851 1464 2930; x_wconf 84' lang='lat' dir='ltr'><strong>quiessem,</strong></span> <span class='ocrx_word' id='word_1_435' title='bbox 1483 2853 1513 2909; x_wconf 92' lang='lat' dir='ltr'><strong>tu</strong></span> <span class='ocrx_word' id='word_1_436' title='bbox 1527 2847 1611 2909; x_wconf 84' lang='lat' dir='ltr'><strong>solus</strong></span> <span class='ocrx_word' id='word_1_437' title='bbox 1626 2864 1695 2926; x_wconf 86' lang='lat' dir='ltr'><strong>pers</strong></span> <span class='ocrx_word' id='word_1_438' title='bbox 1708 2863 1787 2917; x_wconf 86' lang='lat' dir='ltr'><strong>mee,</strong></span> <span class='ocrx_word' id='word_1_439' title='bbox 1892 2865 1894 2870; x_wconf 65' lang='grc'>’</span> 
     </span>
    </p>
   </div>
   <div class='ocr_carea' id='block_1_4' title="bbox 20 2929 1863 5747">
    <p class='ocr_par' dir='ltr' id='par_1_5' title="bbox 20 2929 1863 5747">
     <span class='ocr_line' id='line_1_32' title="bbox 21 2929 1786 3010; baseline 0.001 -22"><span class='ocrx_word' id='word_1_440' title='bbox 21 2935 69 2990; x_wconf 82' lang='lat' dir='ltr'><strong>tas</strong></span> <span class='ocrx_word' id='word_1_441' title='bbox 86 2929 152 2991; x_wconf 88' lang='lat' dir='ltr'><strong>sibi</strong></span> <span class='ocrx_word' id='word_1_442' title='bbox 169 2933 236 3008; x_wconf 90' lang='lat' dir='ltr'><strong>ipse</strong></span> <span class='ocrx_word' id='word_1_443' title='bbox 253 2931 381 3008; x_wconf 83' lang='lat' dir='ltr'><strong>pararit,</strong></span> <span class='ocrx_word' id='word_1_444' title='bbox 396 2936 429 2992; x_wconf 95' lang='lat' dir='ltr'><strong>ut</strong></span> <span class='ocrx_word' id='word_1_445' title='bbox 451 2929 634 2994; x_wconf 79' lang='lat' dir='ltr'><strong>incredibile</strong></span> <span class='ocrx_word' id='word_1_446' title='bbox 650 2930 799 3006; x_wconf 83' lang='lat' dir='ltr'><strong>rideatur,</strong></span> <span class='ocrx_word' id='word_1_447' title='bbox 815 2948 884 2996; x_wconf 86' lang='lat' dir='ltr'><strong>nem</strong></span> <span class='ocrx_word' id='word_1_448' title='bbox 930 2932 1104 2995; x_wconf 84' lang='lat' dir='ltr'><strong>haereditas</strong></span> <span class='ocrx_word' id='word_1_449' title='bbox 1116 2948 1194 3010; x_wconf 87' lang='lat' dir='ltr'><strong>mee,</strong></span> <span class='ocrx_word' id='word_1_450' title='bbox 1208 2949 1299 2996; x_wconf 90' lang='lat' dir='ltr'><strong>omne</strong></span> <span class='ocrx_word' id='word_1_451' title='bbox 1312 2936 1556 3000; x_wconf 82' lang='lat' dir='ltr'><strong>nonummeum.</strong></span> <span class='ocrx_word' id='word_1_452' title='bbox 1574 2940 1692 2992; x_wconf 83' lang='lat' dir='ltr'><strong>anetem</strong></span> <span class='ocrx_word' id='word_1_453' title='bbox 1710 2929 1786 2992; x_wconf 78' lang='lat' dir='ltr'><strong>nituit</strong></span> 
     </span>
     <span class='ocr_line' id='line_1_33' title="bbox 21 3013 1787 3094; baseline 0.001 -22"><span class='ocrx_word' id='word_1_454' title='bbox 21 3027 98 3074; x_wconf 88' lang='lat' dir='ltr'><strong>eum</strong></span> <span class='ocrx_word' id='word_1_455' title='bbox 115 3014 266 3076; x_wconf 89' lang='lat' dir='ltr'><strong>mulieres</strong></span> <span class='ocrx_word' id='word_1_456' title='bbox 280 3013 449 3090; x_wconf 84' lang='lat' dir='ltr'><strong>deperiret,</strong></span> <span class='ocrx_word' id='word_1_457' title='bbox 462 3013 582 3090; x_wconf 87' lang='lat' dir='ltr'><strong>ennepit</strong></span> <span class='ocrx_word' id='word_1_458' title='bbox 595 3013 654 3077; x_wconf 86' lang='lat' dir='ltr'><strong>sibi</strong></span> <span class='ocrx_word' id='word_1_459' title='bbox 671 3016 885 3093; x_wconf 84' lang='lat' dir='ltr'><strong>uxores,quasi</strong></span> <span class='ocrx_word' id='word_1_460' title='bbox 928 3021 1012 3089; x_wconf 88' lang='lat' dir='ltr'><strong>sont,</strong></span> <span class='ocrx_word' id='word_1_461' title='bbox 1028 3021 1061 3076; x_wconf 89' lang='lat' dir='ltr'><strong>et</strong></span> <span class='ocrx_word' id='word_1_462' title='bbox 1084 3013 1159 3076; x_wconf 86' lang='lat' dir='ltr'><strong>uihll</strong></span> <span class='ocrx_word' id='word_1_463' title='bbox 1175 3017 1212 3079; x_wconf 91' lang='lat' dir='ltr'><strong>ed</strong></span> <span class='ocrx_word' id='word_1_464' title='bbox 1229 3033 1278 3080; x_wconf 91' lang='lat' dir='ltr'><strong>me</strong></span> <span class='ocrx_word' id='word_1_465' title='bbox 1293 3014 1475 3094; x_wconf 90' lang='lat' dir='ltr'><strong>replendum</strong></span> <span class='ocrx_word' id='word_1_466' title='bbox 1497 3018 1528 3074; x_wconf 90' lang='lat' dir='ltr'><strong>et</strong></span> <span class='ocrx_word' id='word_1_467' title='bbox 1542 3014 1714 3075; x_wconf 82' lang='lat' dir='ltr'><strong>sitiendum</strong></span> <span class='ocrx_word' id='word_1_468' title='bbox 1737 3027 1787 3074; x_wconf 87' lang='lat' dir='ltr'><strong>ru·</strong></span> 
     </span>
     <span class='ocr_line' id='line_1_34' title="bbox 20 3093 1787 3177; baseline 0.001 -21"><span class='ocrx_word' id='word_1_469' title='bbox 20 3094 165 3174; x_wconf 78' lang='lat' dir='ltr'><strong>Reginos</strong></span> <span class='ocrx_word' id='word_1_470' title='bbox 179 3095 402 3176; x_wconf 73' lang='lat' dir='ltr'><strong>septingentas,</strong></span> <span class='ocrx_word' id='word_1_471' title='bbox 418 3100 450 3158; x_wconf 91' lang='lat' dir='ltr'><strong>el</strong></span> <span class='ocrx_word' id='word_1_472' title='bbox 463 3095 654 3158; x_wconf 88' lang='lat' dir='ltr'><strong>nonoubinss</strong></span> <span class='ocrx_word' id='word_1_473' title='bbox 671 3103 836 3160; x_wconf 85' lang='lat' dir='ltr'><strong>tresantas:</strong></span> <span class='ocrx_word' id='word_1_474' title='bbox 854 3105 886 3161; x_wconf 93' lang='lat' dir='ltr'><strong>ut</strong></span> <span class='ocrx_word' id='word_1_475' title='bbox 928 3095 1003 3174; x_wconf 89' lang='lat' dir='ltr'><strong>lent,</strong></span> <span class='ocrx_word' id='word_1_476' title='bbox 1022 3103 1114 3174; x_wconf 85' lang='lat' dir='ltr'><strong>alque</strong></span> <span class='ocrx_word' id='word_1_477' title='bbox 1128 3097 1199 3174; x_wconf 86' lang='lat' dir='ltr'><strong>troo,</strong></span> <span class='ocrx_word' id='word_1_478' title='bbox 1217 3115 1278 3163; x_wconf 91' lang='lat' dir='ltr'><strong>non</strong></span> <span class='ocrx_word' id='word_1_479' title='bbox 1295 3112 1350 3177; x_wconf 88' lang='lat' dir='ltr'><strong>per</strong></span> <span class='ocrx_word' id='word_1_480' title='bbox 1364 3113 1471 3172; x_wconf 88' lang='lat' dir='ltr'><strong>uuum,</strong></span> <span class='ocrx_word' id='word_1_481' title='bbox 1485 3093 1532 3156; x_wconf 86' lang='lat' dir='ltr'><strong>rel</strong></span> <span class='ocrx_word' id='word_1_482' title='bbox 1544 3096 1676 3168; x_wconf 45' lang='lat' dir='ltr'><strong>‚alterum</strong></span> <span class='ocrx_word' id='word_1_483' title='bbox 1693 3095 1787 3168; x_wconf 88' lang='lat' dir='ltr'><strong>diem,</strong></span> 
     </span>
     <span class='ocr_line' id='line_1_35' title="bbox 20 3177 1789 3259; baseline 0 -21"><span class='ocrx_word' id='word_1_484' title='bbox 20 3177 164 3256; x_wconf 82' lang='lat' dir='ltr'><strong>legimns</strong></span> <span class='ocrx_word' id='word_1_485' title='bbox 180 3179 212 3242; x_wconf 92' lang='lat' dir='ltr'><strong>in</strong></span> <span class='ocrx_word' id='word_1_486' title='bbox 224 3179 336 3240; x_wconf 51' lang='lat' dir='ltr'><strong>¹eodem</strong></span> <span class='ocrx_word' id='word_1_487' title='bbox 351 3178 444 3242; x_wconf 87' lang='lat' dir='ltr'><strong>libro.</strong></span> <span class='ocrx_word' id='word_1_488' title='bbox 460 3177 519 3241; x_wconf 85' lang='lat' dir='ltr'><strong>sed</strong></span> <span class='ocrx_word' id='word_1_489' title='bbox 536 3177 637 3254; x_wconf 88' lang='lat' dir='ltr'><strong>ipsum</strong></span> <span class='ocrx_word' id='word_1_490' title='bbox 653 3179 693 3243; x_wconf 88' lang='lat' dir='ltr'><strong>tle</strong></span> <span class='ocrx_word' id='word_1_491' title='bbox 708 3196 742 3242; x_wconf 87' lang='lat' dir='ltr'><strong>se</strong></span> <span class='ocrx_word' id='word_1_492' title='bbox 756 3182 884 3259; x_wconf 88' lang='lat' dir='ltr'><strong>loquen·</strong></span> <span class='ocrx_word' id='word_1_493' title='bbox 931 3179 978 3242; x_wconf 85' lang='lat' dir='ltr'><strong>rel</strong></span> <span class='ocrx_word' id='word_1_494' title='bbox 994 3195 1121 3251; x_wconf 87' lang='lat' dir='ltr'><strong>annum,</strong></span> <span class='ocrx_word' id='word_1_495' title='bbox 1136 3182 1192 3244; x_wconf 87' lang='lat' dir='ltr'><strong>sed</strong></span> <span class='ocrx_word' id='word_1_496' title='bbox 1210 3181 1240 3243; x_wconf 92' lang='lat' dir='ltr'><strong>in</strong></span> <span class='ocrx_word' id='word_1_497' title='bbox 1255 3190 1426 3248; x_wconf 81' lang='lat' dir='ltr'><strong>aeternum,</strong></span> <span class='ocrx_word' id='word_1_498' title='bbox 1440 3185 1471 3242; x_wconf 92' lang='lat' dir='ltr'><strong>tu</strong></span> <span class='ocrx_word' id='word_1_499' title='bbox 1487 3192 1567 3238; x_wconf 90' lang='lat' dir='ltr'><strong>unus</strong></span> <span class='ocrx_word' id='word_1_500' title='bbox 1583 3179 1655 3239; x_wconf 85' lang='lat' dir='ltr'><strong>mitri</strong></span> <span class='ocrx_word' id='word_1_501' title='bbox 1672 3177 1789 3240; x_wconf 86' lang='lat' dir='ltr'><strong>suilleis</strong></span> 
     </span>
     <span class='ocr_line' id='line_1_36' title="bbox 22 3259 1787 3346; baseline 0.001 -25"><span class='ocrx_word' id='word_1_502' title='bbox 22 3265 88 3321; x_wconf 87' lang='lat' dir='ltr'><strong>tem</strong></span> <span class='ocrx_word' id='word_1_503' title='bbox 107 3261 284 3324; x_wconf 84' lang='lat' dir='ltr'><strong>audiemus.</strong></span> <span class='ocrx_word' id='word_1_504' title='bbox 307 3259 522 3340; x_wconf 76' lang='lat' dir='ltr'><strong>ttopnitiaooi,</strong></span> <span class='ocrx_word' id='word_1_505' title='bbox 545 3261 655 3332; x_wconf 85' lang='lat' dir='ltr'><strong>innuit,</strong></span> <span class='ocrx_word' id='word_1_506' title='bbox 678 3278 779 3341; x_wconf 81' lang='lat' dir='ltr'><strong>opero</strong></span> <span class='ocrx_word' id='word_1_507' title='bbox 798 3280 883 3339; x_wconf 90' lang='lat' dir='ltr'><strong>meo,</strong></span> <span class='ocrx_word' id='word_1_508' title='bbox 930 3263 1269 3334; x_wconf 86' lang='lat' dir='ltr'><strong>iuaeternum,oeetern</strong></span> <span class='ocrx_word' id='word_1_509' title='bbox 1282 3263 1495 3346; x_wconf 31' lang='lat' dir='ltr'><strong>ueondlouum</strong></span> <span class='ocrx_word' id='word_1_510' title='bbox 1511 3259 1787 3324; x_wconf 55' lang='lat' dir='ltr'><strong>diem‘sullloerent</strong></span> 
     </span>
     <span class='ocr_line' id='line_1_37' title="bbox 22 3341 1688 3424; baseline 0.001 -21"><span class='ocrx_word' id='word_1_511' title='bbox 22 3341 208 3418; x_wconf 74' lang='lat' dir='ltr'><strong>aedificant</strong></span> <span class='ocrx_word' id='word_1_512' title='bbox 220 3343 303 3408; x_wconf 85' lang='lat' dir='ltr'><strong>milti</strong></span> <span class='ocrx_word' id='word_1_513' title='bbox 317 3345 439 3420; x_wconf 87' lang='lat' dir='ltr'><strong>domos,</strong></span> <span class='ocrx_word' id='word_1_514' title='bbox 457 3345 486 3406; x_wconf 87' lang='lat' dir='ltr'><strong>el</strong></span> <span class='ocrx_word' id='word_1_515' title='bbox 499 3345 648 3420; x_wconf 79' lang='lat' dir='ltr'><strong>plantam·</strong></span> <span class='ocrx_word' id='word_1_516' title='bbox 667 3349 780 3408; x_wconf 85' lang='lat' dir='ltr'><strong>uineas</strong></span> <span class='ocrx_word' id='word_1_517' title='bbox 795 3391 803 3409; x_wconf 63' lang='lat'><strong>‚,</strong></span> <span class='ocrx_word' id='word_1_518' title='bbox 823 3346 886 3424; x_wconf 74' lang='grc' dir='ltr'>[εει</span> <span class='ocrx_word' id='word_1_519' title='bbox 931 3347 1083 3408; x_wconf 80' lang='lat' dir='ltr'><strong>universe.</strong></span> <span class='ocrx_word' id='word_1_520' title='bbox 1685 3399 1688 3404; x_wconf 87' lang='lat'><em>.</em></span> 
     </span>
     <span class='ocr_line' id='line_1_38' title="bbox 21 3425 1787 3507; baseline 0.001 -20"><span class='ocrx_word' id='word_1_521' title='bbox 21 3425 152 3493; x_wconf 83' lang='lat' dir='ltr'><strong>iarios,</strong></span> <span class='ocrx_word' id='word_1_522' title='bbox 169 3432 200 3488; x_wconf 89' lang='lat' dir='ltr'><strong>et</strong></span> <span class='ocrx_word' id='word_1_523' title='bbox 212 3427 375 3506; x_wconf 83' lang='lat' dir='ltr'><strong>pomario.</strong></span> <span class='ocrx_word' id='word_1_524' title='bbox 393 3434 422 3491; x_wconf 91' lang='lat' dir='ltr'><strong>et</strong></span> <span class='ocrx_word' id='word_1_525' title='bbox 436 3428 564 3490; x_wconf 79' lang='lat' dir='ltr'><strong>consent</strong></span> <span class='ocrx_word' id='word_1_526' title='bbox 583 3442 623 3489; x_wconf 87' lang='lat' dir='ltr'><strong>eo</strong></span> <span class='ocrx_word' id='word_1_527' title='bbox 638 3429 748 3492; x_wconf 85' lang='lat' dir='ltr'><strong>eonati</strong></span> <span class='ocrx_word' id='word_1_528' title='bbox 760 3431 887 3506; x_wconf 84' lang='lat' dir='ltr'><strong>poneris</strong></span> <span class='ocrx_word' id='word_1_529' title='bbox 972 3427 1123 3506; x_wconf 76' lang='lat' dir='ltr'><strong>Agnoscis</strong></span> <span class='ocrx_word' id='word_1_530' title='bbox 1138 3445 1178 3492; x_wconf 94' lang='lat' dir='ltr'><strong>ne</strong></span> <span class='ocrx_word' id='word_1_531' title='bbox 1193 3430 1315 3507; x_wconf 75' lang='lat' dir='ltr'><strong>odilus,</strong></span> <span class='ocrx_word' id='word_1_532' title='bbox 1342 3429 1442 3490; x_wconf 84' lang='lat' dir='ltr'><strong>enims</strong></span> <span class='ocrx_word' id='word_1_533' title='bbox 1460 3441 1547 3496; x_wconf 80' lang='lat' dir='ltr'><strong>mea.</strong></span> <span class='ocrx_word' id='word_1_534' title='bbox 1566 3425 1674 3488; x_wconf 45' lang='lat' dir='ltr'><strong>,solum</strong></span> <span class='ocrx_word' id='word_1_535' title='bbox 1693 3427 1787 3489; x_wconf 77' lang='lat' dir='ltr'><strong>deum</strong></span> 
     </span>
     <span class='ocr_line' id='line_1_39' title="bbox 21 3508 1788 3592; baseline -0.001 -22"><span class='ocrx_word' id='word_1_536' title='bbox 21 3508 214 3585; x_wconf 81' lang='lat' dir='ltr'><strong>arboribus,</strong></span> <span class='ocrx_word' id='word_1_537' title='bbox 230 3512 261 3574; x_wconf 88' lang='lat' dir='ltr'><strong>et</strong></span> <span class='ocrx_word' id='word_1_538' title='bbox 281 3509 418 3573; x_wconf 82' lang='lat' dir='ltr'><strong>emtmtmi</strong></span> <span class='ocrx_word' id='word_1_539' title='bbox 438 3509 520 3572; x_wconf 83' lang='lat' dir='ltr'><strong>milri</strong></span> <span class='ocrx_word' id='word_1_540' title='bbox 543 3509 689 3587; x_wconf 77' lang='lat' dir='ltr'><strong>pomnen</strong></span> <span class='ocrx_word' id='word_1_541' title='bbox 710 3527 886 3592; x_wconf 84' lang='lat' dir='ltr'><strong>aquatum,</strong></span> <span class='ocrx_word' id='word_1_542' title='bbox 932 3525 1004 3575; x_wconf 90' lang='lat' dir='ltr'><strong>esse</strong></span> <span class='ocrx_word' id='word_1_543' title='bbox 1020 3520 1133 3588; x_wconf 88' lang='lat' dir='ltr'><strong>petrem</strong></span> <span class='ocrx_word' id='word_1_544' title='bbox 1153 3519 1246 3582; x_wconf 82' lang='lat' dir='ltr'><strong>tuom,</strong></span> <span class='ocrx_word' id='word_1_545' title='bbox 1260 3513 1291 3576; x_wconf 90' lang='lat' dir='ltr'><strong>in</strong></span> <span class='ocrx_word' id='word_1_546' title='bbox 1306 3529 1363 3588; x_wconf 89' lang='lat' dir='ltr'><strong>qua</strong></span> <span class='ocrx_word' id='word_1_547' title='bbox 1376 3510 1559 3590; x_wconf 82' lang='lat' dir='ltr'><strong>requieseat,</strong></span> <span class='ocrx_word' id='word_1_548' title='bbox 1573 3514 1691 3574; x_wconf 83' lang='lat' dir='ltr'><strong>seelera</strong></span> <span class='ocrx_word' id='word_1_549' title='bbox 1707 3509 1788 3570; x_wconf 53' lang='lat' dir='ltr'><strong>saniz</strong></span> 
     </span>
     <span class='ocr_line' id='line_1_40' title="bbox 22 3592 1788 3674; baseline -0.001 -21"><span class='ocrx_word' id='word_1_550' title='bbox 22 3597 52 3654; x_wconf 89' lang='grc' dir='ltr'><strong>ει</strong></span> <span class='ocrx_word' id='word_1_551' title='bbox 75 3593 260 3668; x_wconf 70' lang='lat' dir='ltr'><strong>irrisorem</strong></span> <span class='ocrx_word' id='word_1_552' title='bbox 273 3594 397 3673; x_wconf 80' lang='lat' dir='ltr'><strong>spinum</strong></span> <span class='ocrx_word' id='word_1_553' title='bbox 420 3593 585 3671; x_wconf 83' lang='lat' dir='ltr'><strong>liquorum</strong></span> <span class='ocrx_word' id='word_1_554' title='bbox 605 3594 886 3672; x_wconf 63' lang='lat' dir='ltr'><strong>(imminentium.</strong></span> <span class='ocrx_word' id='word_1_555' title='bbox 935 3601 1036 3664; x_wconf 82' lang='lat' dir='ltr'><strong>tutem.</strong></span> <span class='ocrx_word' id='word_1_556' title='bbox 1050 3601 1082 3657; x_wconf 91' lang='grc' dir='ltr'><strong>ει</strong></span> <span class='ocrx_word' id='word_1_557' title='bbox 1093 3594 1435 3674; x_wconf 87' lang='lat' dir='ltr'><strong>oliliuttonemspiritus,</strong></span> <span class='ocrx_word' id='word_1_558' title='bbox 1449 3608 1528 3670; x_wconf 87' lang='lat' dir='ltr'><strong>quae</strong></span> <span class='ocrx_word' id='word_1_559' title='bbox 1539 3607 1600 3653; x_wconf 92' lang='lat' dir='ltr'><strong>non</strong></span> <span class='ocrx_word' id='word_1_560' title='bbox 1614 3592 1788 3666; x_wconf 83' lang='lat' dir='ltr'><strong>existentis,</strong></span> 
     </span>
     <span class='ocr_line' id='line_1_41' title="bbox 22 3673 1786 3756; baseline 0 -22"><span class='ocrx_word' id='word_1_561' title='bbox 22 3675 162 3751; x_wconf 83' lang='lat' dir='ltr'><strong>possedi</strong></span> <span class='ocrx_word' id='word_1_562' title='bbox 175 3690 295 3746; x_wconf 83' lang='lat' dir='ltr'><strong>seruos,</strong></span> <span class='ocrx_word' id='word_1_563' title='bbox 308 3683 336 3738; x_wconf 92' lang='grc' dir='ltr'><strong>ει</strong></span> <span class='ocrx_word' id='word_1_564' title='bbox 348 3677 497 3745; x_wconf 79' lang='lat' dir='ltr'><strong>ancillas,</strong></span> <span class='ocrx_word' id='word_1_565' title='bbox 510 3676 713 3756; x_wconf 89' lang='lat' dir='ltr'><strong>multamque</strong></span> <span class='ocrx_word' id='word_1_566' title='bbox 726 3675 888 3753; x_wconf 71' lang='lat' dir='ltr'><strong>familiam</strong></span> <span class='ocrx_word' id='word_1_567' title='bbox 935 3677 990 3738; x_wconf 89' lang='lat' dir='ltr'><strong>sed</strong></span> <span class='ocrx_word' id='word_1_568' title='bbox 1007 3679 1183 3754; x_wconf 82' lang='lat' dir='ltr'><strong>apparentis</strong></span> <span class='ocrx_word' id='word_1_569' title='bbox 1199 3681 1272 3755; x_wconf 85' lang='lat' dir='ltr'><strong>sint,</strong></span> <span class='ocrx_word' id='word_1_570' title='bbox 1285 3685 1316 3741; x_wconf 87' lang='lat' dir='ltr'><strong>el</strong></span> <span class='ocrx_word' id='word_1_571' title='bbox 1331 3693 1391 3740; x_wconf 92' lang='lat' dir='ltr'><strong>non</strong></span> <span class='ocrx_word' id='word_1_572' title='bbox 1407 3677 1557 3747; x_wconf 89' lang='lat' dir='ltr'><strong>solentur,</strong></span> <span class='ocrx_word' id='word_1_573' title='bbox 1570 3677 1625 3736; x_wconf 89' lang='lat' dir='ltr'><strong>sed</strong></span> <span class='ocrx_word' id='word_1_574' title='bbox 1641 3673 1786 3753; x_wconf 74' lang='lat' dir='ltr'><strong>affligent,</strong></span> 
     </span>
     <span class='ocr_line' id='line_1_42' title="bbox 22 3757 1788 3842; baseline 0 -24"><span class='ocrx_word' id='word_1_575' title='bbox 22 3758 145 3833; x_wconf 83' lang='lat' dir='ltr'><strong>innui,</strong></span> <span class='ocrx_word' id='word_1_576' title='bbox 162 3765 311 3821; x_wconf 86' lang='lat' dir='ltr'><strong>armento</strong></span> <span class='ocrx_word' id='word_1_577' title='bbox 326 3766 499 3838; x_wconf 78' lang='lat' dir='ltr'><strong>quoquest</strong></span> <span class='ocrx_word' id='word_1_578' title='bbox 512 3773 646 3836; x_wconf 79' lang='lat' dir='ltr'><strong>mopsos</strong></span> <span class='ocrx_word' id='word_1_579' title='bbox 658 3759 767 3842; x_wconf 81' lang='lat' dir='ltr'><strong>quium</strong></span> <span class='ocrx_word' id='word_1_580' title='bbox 779 3776 889 3840; x_wconf 81' lang='lat' dir='ltr'><strong>propes</strong></span> <span class='ocrx_word' id='word_1_581' title='bbox 933 3759 1077 3835; x_wconf 89' lang='lat' dir='ltr'><strong>quonism</strong></span> <span class='ocrx_word' id='word_1_582' title='bbox 1093 3765 1293 3840; x_wconf 82' lang='lat' dir='ltr'><strong>requiruntur</strong></span> <span class='ocrx_word' id='word_1_583' title='bbox 1304 3777 1372 3824; x_wconf 86' lang='lat' dir='ltr'><strong>eum</strong></span> <span class='ocrx_word' id='word_1_584' title='bbox 1387 3757 1708 3835; x_wconf 76' lang='lat' dir='ltr'><strong>isioreposstdemus</strong></span> <span class='ocrx_word' id='word_1_585' title='bbox 1718 3773 1788 3820; x_wconf 89' lang='lat' dir='ltr'><strong>eum</strong></span> 
     </span>
     <span class='ocr_line' id='line_1_43' title="bbox 22 3837 1788 3921; baseline -0.001 -19"><span class='ocrx_word' id='word_1_586' title='bbox 22 3841 117 3903; x_wconf 86' lang='lat' dir='ltr'><strong>uitro</strong></span> <span class='ocrx_word' id='word_1_587' title='bbox 140 3852 263 3916; x_wconf 87' lang='lat' dir='ltr'><strong>omnes,</strong></span> <span class='ocrx_word' id='word_1_588' title='bbox 277 3845 336 3920; x_wconf 90' lang='lat' dir='ltr'><strong>qui</strong></span> <span class='ocrx_word' id='word_1_589' title='bbox 354 3841 488 3919; x_wconf 73' lang='lat' dir='ltr'><strong>romunt</strong></span> <span class='ocrx_word' id='word_1_590' title='bbox 509 3848 585 3904; x_wconf 89' lang='lat' dir='ltr'><strong>onte</strong></span> <span class='ocrx_word' id='word_1_591' title='bbox 606 3856 657 3904; x_wconf 87' lang='lat' dir='ltr'><strong>mo</strong></span> <span class='ocrx_word' id='word_1_592' title='bbox 678 3844 715 3906; x_wconf 86' lang='lat' dir='ltr'><strong>iu</strong></span> <span class='ocrx_word' id='word_1_593' title='bbox 735 3843 888 3907; x_wconf 83' lang='lat' dir='ltr'><strong>litoroso·</strong></span> <span class='ocrx_word' id='word_1_594' title='bbox 926 3841 1055 3914; x_wconf 85' lang='lat' dir='ltr'><strong>timore,</strong></span> <span class='ocrx_word' id='word_1_595' title='bbox 1074 3850 1104 3906; x_wconf 92' lang='lat' dir='ltr'><strong>et</strong></span> <span class='ocrx_word' id='word_1_596' title='bbox 1119 3843 1297 3908; x_wconf 88' lang='lat' dir='ltr'><strong>amittuntur</strong></span> <span class='ocrx_word' id='word_1_597' title='bbox 1311 3857 1379 3906; x_wconf 85' lang='lat' dir='ltr'><strong>cum</strong></span> <span class='ocrx_word' id='word_1_598' title='bbox 1395 3840 1527 3915; x_wconf 78' lang='lat' dir='ltr'><strong>doloret</strong></span> <span class='ocrx_word' id='word_1_599' title='bbox 1550 3837 1680 3918; x_wconf 84' lang='lat' dir='ltr'><strong>llespi&#39;ee</strong></span> <span class='ocrx_word' id='word_1_600' title='bbox 1702 3856 1788 3921; x_wconf 78' lang='lat' dir='ltr'><strong>ergo,</strong></span> 
     </span>
     <span class='ocr_line' id='line_1_44' title="bbox 23 3924 1789 4005; baseline -0.001 -21"><span class='ocrx_word' id='word_1_601' title='bbox 23 3924 88 3985; x_wconf 86' lang='lat' dir='ltr'><strong>lem</strong></span> <span class='ocrx_word' id='word_1_602' title='bbox 105 3970 116 4000; x_wconf 53' lang='grc'><strong>.,</strong></span> <span class='ocrx_word' id='word_1_603' title='bbox 140 3926 332 3987; x_wconf 84' lang='lat' dir='ltr'><strong>eoaeeronui</strong></span> <span class='ocrx_word' id='word_1_604' title='bbox 344 3925 427 3988; x_wconf 83' lang='lat' dir='ltr'><strong>milri</strong></span> <span class='ocrx_word' id='word_1_605' title='bbox 447 3931 640 4002; x_wconf 78' lang='lat' dir='ltr'><strong>arpentum.</strong></span> <span class='ocrx_word' id='word_1_606' title='bbox 668 3931 698 3988; x_wconf 89' lang='lat' dir='ltr'><strong>el</strong></span> <span class='ocrx_word' id='word_1_607' title='bbox 711 3939 843 4003; x_wconf 89' lang='lat' dir='ltr'><strong>nurum,</strong></span> <span class='ocrx_word' id='word_1_608' title='bbox 860 3934 889 3990; x_wconf 89' lang='grc' dir='ltr'><strong>ει</strong></span> <span class='ocrx_word' id='word_1_609' title='bbox 935 3925 961 3986; x_wconf 89' lang='grc' dir='ltr'><strong>ει</strong></span> <span class='ocrx_word' id='word_1_610' title='bbox 977 3927 1072 4003; x_wconf 84' lang='grc' dir='ltr'>εεριε,</span> <span class='ocrx_word' id='word_1_611' title='bbox 1089 3928 1191 3989; x_wconf 88' lang='lat' dir='ltr'><strong>omnia</strong></span> <span class='ocrx_word' id='word_1_612' title='bbox 1206 3943 1285 4005; x_wconf 88' lang='lat' dir='ltr'><strong>qnae</strong></span> <span class='ocrx_word' id='word_1_613' title='bbox 1300 3929 1470 3992; x_wconf 87' lang='lat' dir='ltr'><strong>transeunt.</strong></span> <span class='ocrx_word' id='word_1_614' title='bbox 1488 3938 1527 3985; x_wconf 90' lang='lat' dir='ltr'><strong>ne</strong></span> <span class='ocrx_word' id='word_1_615' title='bbox 1543 3930 1571 3986; x_wconf 91' lang='lat' dir='ltr'><strong>te</strong></span> <span class='ocrx_word' id='word_1_616' title='bbox 1586 3938 1691 3984; x_wconf 87' lang='lat' dir='ltr'><strong>seeum</strong></span> <span class='ocrx_word' id='word_1_617' title='bbox 1709 3924 1789 3984; x_wconf 86' lang='lat' dir='ltr'><strong>sbri-</strong></span> 
     </span>
     <span class='ocr_line' id='line_1_45' title="bbox 20 4005 1789 4089; baseline 0 -20"><span class='ocrx_word' id='word_1_618' title='bbox 20 4007 232 4070; x_wconf 78' lang='lat' dir='ltr'><strong>suasionum</strong></span> <span class='ocrx_word' id='word_1_619' title='bbox 246 4005 380 4088; x_wconf 76' lang='lat' dir='ltr'><strong>Rapum.</strong></span> <span class='ocrx_word' id='word_1_620' title='bbox 397 4023 436 4072; x_wconf 88' lang='lat' dir='ltr'><strong>oo</strong></span> <span class='ocrx_word' id='word_1_621' title='bbox 457 4005 795 4086; x_wconf 67' lang='lat' dir='ltr'><strong>martaronensem</strong></span> <span class='ocrx_word' id='word_1_622' title='bbox 808 4008 889 4074; x_wconf 89' lang='lat' dir='ltr'><strong>milri</strong></span> <span class='ocrx_word' id='word_1_623' title='bbox 935 4008 1031 4087; x_wconf 82' lang='lat' dir='ltr'><strong>pient,</strong></span> <span class='ocrx_word' id='word_1_624' title='bbox 1047 4013 1079 4071; x_wconf 88' lang='lat' dir='ltr'><strong>et</strong></span> <span class='ocrx_word' id='word_1_625' title='bbox 1092 4012 1122 4072; x_wconf 94' lang='lat' dir='ltr'><strong>iu</strong></span> <span class='ocrx_word' id='word_1_626' title='bbox 1140 4025 1206 4072; x_wconf 88' lang='lat' dir='ltr'><strong>uuo</strong></span> <span class='ocrx_word' id='word_1_627' title='bbox 1217 4023 1375 4089; x_wconf 86' lang='lat' dir='ltr'><strong>permane,</strong></span> <span class='ocrx_word' id='word_1_628' title='bbox 1398 4007 1505 4086; x_wconf 88' lang='lat' dir='ltr'><strong>illique</strong></span> <span class='ocrx_word' id='word_1_629' title='bbox 1519 4007 1646 4068; x_wconf 84' lang='lat' dir='ltr'><strong>inuuere</strong></span> <span class='ocrx_word' id='word_1_630' title='bbox 1669 4005 1789 4069; x_wconf 84' lang='lat' dir='ltr'><strong>tinnulo</strong></span> 
     </span>
     <span class='ocr_line' id='line_1_46' title="bbox 22 4087 1786 4170; baseline 0 -20"><span class='ocrx_word' id='word_1_631' title='bbox 22 4097 193 4166; x_wconf 78' lang='lat' dir='ltr'><strong>cantores,</strong></span> <span class='ocrx_word' id='word_1_632' title='bbox 210 4098 239 4153; x_wconf 92' lang='lat' dir='ltr'><strong>et</strong></span> <span class='ocrx_word' id='word_1_633' title='bbox 255 4091 462 4162; x_wconf 74' lang='lat' dir='ltr'><strong>cantatrices,</strong></span> <span class='ocrx_word' id='word_1_634' title='bbox 480 4093 510 4153; x_wconf 90' lang='lat' dir='ltr'><strong>el</strong></span> <span class='ocrx_word' id='word_1_635' title='bbox 524 4091 659 4154; x_wconf 79' lang='lat' dir='ltr'><strong>delirius</strong></span> <span class='ocrx_word' id='word_1_636' title='bbox 676 4087 820 4155; x_wconf 79' lang='lat' dir='ltr'><strong>tiorum</strong></span> <span class='ocrx_word' id='word_1_637' title='bbox 833 4093 889 4156; x_wconf 80' lang='lat' dir='ltr'><strong>no·</strong></span> <span class='ocrx_word' id='word_1_638' title='bbox 935 4091 1102 4165; x_wconf 85' lang='lat' dir='ltr'><strong>eharitatis,</strong></span> <span class='ocrx_word' id='word_1_639' title='bbox 1118 4093 1169 4170; x_wconf 88' lang='lat' dir='ltr'><strong>qui</strong></span> <span class='ocrx_word' id='word_1_640' title='bbox 1187 4101 1288 4157; x_wconf 87' lang='lat' dir='ltr'><strong>monet</strong></span> <span class='ocrx_word' id='word_1_641' title='bbox 1303 4095 1333 4154; x_wconf 94' lang='lat' dir='ltr'><strong>iu</strong></span> <span class='ocrx_word' id='word_1_642' title='bbox 1349 4097 1506 4154; x_wconf 87' lang='lat' dir='ltr'><strong>aeternum</strong></span> <span class='ocrx_word' id='word_1_643' title='bbox 1520 4107 1529 4150; x_wconf 95' lang='lat'><strong>:</strong></span> <span class='ocrx_word' id='word_1_644' title='bbox 1541 4088 1618 4151; x_wconf 85' lang='lat' dir='ltr'><strong>lere</strong></span> <span class='ocrx_word' id='word_1_645' title='bbox 1633 4104 1687 4151; x_wconf 90' lang='lat' dir='ltr'><strong>eor</strong></span> <span class='ocrx_word' id='word_1_646' title='bbox 1702 4087 1786 4151; x_wconf 84' lang='lat' dir='ltr'><strong>tuum</strong></span> 
     </span>
     <span class='ocr_line' id='line_1_47' title="bbox 21 4171 1789 4253; baseline 0.001 -21"><span class='ocrx_word' id='word_1_647' title='bbox 21 4173 183 4247; x_wconf 86' lang='lat' dir='ltr'><strong>minum,</strong></span> <span class='ocrx_word' id='word_1_648' title='bbox 205 4173 362 4253; x_wconf 79' lang='lat' dir='ltr'><strong>suppone,</strong></span> <span class='ocrx_word' id='word_1_649' title='bbox 386 4179 415 4236; x_wconf 92' lang='lat' dir='ltr'><strong>et</strong></span> <span class='ocrx_word' id='word_1_650' title='bbox 436 4187 550 4236; x_wconf 86' lang='lat' dir='ltr'><strong>ureeos</strong></span> <span class='ocrx_word' id='word_1_651' title='bbox 576 4173 613 4236; x_wconf 86' lang='lat' dir='ltr'><strong>tn</strong></span> <span class='ocrx_word' id='word_1_652' title='bbox 634 4174 815 4238; x_wconf 78' lang='lat' dir='ltr'><strong>ministerio</strong></span> <span class='ocrx_word' id='word_1_653' title='bbox 844 4177 890 4239; x_wconf 91' lang='lat' dir='ltr'><strong>od</strong></span> <span class='ocrx_word' id='word_1_654' title='bbox 934 4174 972 4234; x_wconf 90' lang='lat' dir='ltr'><strong>sd</strong></span> <span class='ocrx_word' id='word_1_655' title='bbox 987 4174 1085 4238; x_wconf 85' lang='lat' dir='ltr'><strong>Deum</strong></span> <span class='ocrx_word' id='word_1_656' title='bbox 1101 4175 1131 4235; x_wconf 90' lang='lat' dir='ltr'><strong>in</strong></span> <span class='ocrx_word' id='word_1_657' title='bbox 1148 4177 1280 4246; x_wconf 88' lang='lat' dir='ltr'><strong>anetum,</strong></span> <span class='ocrx_word' id='word_1_658' title='bbox 1298 4189 1338 4237; x_wconf 92' lang='lat' dir='ltr'><strong>ne</strong></span> <span class='ocrx_word' id='word_1_659' title='bbox 1354 4179 1507 4252; x_wconf 82' lang='lat' dir='ltr'><strong>putrescet</strong></span> <span class='ocrx_word' id='word_1_660' title='bbox 1522 4173 1552 4233; x_wconf 90' lang='lat' dir='ltr'><strong>in</strong></span> <span class='ocrx_word' id='word_1_661' title='bbox 1580 4179 1679 4236; x_wconf 87' lang='lat' dir='ltr'><strong>terra:</strong></span> <span class='ocrx_word' id='word_1_662' title='bbox 1702 4171 1789 4236; x_wconf 86' lang='lat' dir='ltr'><strong>disee</strong></span> 
     </span>
     <span class='ocr_line' id='line_1_48' title="bbox 22 4253 1787 4340; baseline 0 -24"><span class='ocrx_word' id='word_1_663' title='bbox 22 4259 109 4316; x_wconf 86' lang='lat' dir='ltr'><strong>uino</strong></span> <span class='ocrx_word' id='word_1_664' title='bbox 125 4255 313 4332; x_wconf 71' lang='lat' dir='ltr'><strong>fundendo,</strong></span> <span class='ocrx_word' id='word_1_665' title='bbox 333 4261 363 4319; x_wconf 90' lang='lat' dir='ltr'><strong>et</strong></span> <span class='ocrx_word' id='word_1_666' title='bbox 377 4270 603 4334; x_wconf 85' lang='lat' dir='ltr'><strong>superpressos</strong></span> <span class='ocrx_word' id='word_1_667' title='bbox 614 4267 687 4318; x_wconf 85' lang='lat' dir='ltr'><strong>sum</strong></span> <span class='ocrx_word' id='word_1_668' title='bbox 698 4257 812 4336; x_wconf 86' lang='lat' dir='ltr'><strong>opibus</strong></span> <span class='ocrx_word' id='word_1_669' title='bbox 825 4273 890 4320; x_wconf 92' lang='lat' dir='ltr'><strong>om·</strong></span> <span class='ocrx_word' id='word_1_670' title='bbox 936 4272 1036 4318; x_wconf 84' lang='lat' dir='ltr'><strong>rerem</strong></span> <span class='ocrx_word' id='word_1_671' title='bbox 1052 4259 1247 4340; x_wconf 83' lang='lat' dir='ltr'><strong>sapientiem,</strong></span> <span class='ocrx_word' id='word_1_672' title='bbox 1264 4277 1279 4318; x_wconf 87' lang='lat' dir='ltr'><strong>s</strong></span> <span class='ocrx_word' id='word_1_673' title='bbox 1295 4258 1458 4320; x_wconf 90' lang='lat' dir='ltr'><strong>multorum</strong></span> <span class='ocrx_word' id='word_1_674' title='bbox 1484 4253 1608 4318; x_wconf 88' lang='lat' dir='ltr'><strong>stultitia</strong></span> <span class='ocrx_word' id='word_1_675' title='bbox 1623 4300 1630 4330; x_wconf 81' lang='lat'><strong>,</strong></span> <span class='ocrx_word' id='word_1_676' title='bbox 1657 4268 1787 4332; x_wconf 89' lang='lat' dir='ltr'><strong>quorum</strong></span> 
     </span>
     <span class='ocr_line' id='line_1_49' title="bbox 23 4336 1789 4420; baseline 0.002 -22"><span class='ocrx_word' id='word_1_677' title='bbox 23 4354 110 4411; x_wconf 84' lang='lat' dir='ltr'><strong>nee,</strong></span> <span class='ocrx_word' id='word_1_678' title='bbox 136 4343 198 4417; x_wconf 85' lang='lat' dir='ltr'><strong>qui</strong></span> <span class='ocrx_word' id='word_1_679' title='bbox 225 4346 301 4400; x_wconf 91' lang='lat' dir='ltr'><strong>onte</strong></span> <span class='ocrx_word' id='word_1_680' title='bbox 328 4355 380 4402; x_wconf 86' lang='lat' dir='ltr'><strong>nte</strong></span> <span class='ocrx_word' id='word_1_681' title='bbox 400 4339 534 4420; x_wconf 71' lang='lat' dir='ltr'><strong>suerunt</strong></span> <span class='ocrx_word' id='word_1_682' title='bbox 558 4339 596 4400; x_wconf 88' lang='lat' dir='ltr'><strong>in</strong></span> <span class='ocrx_word' id='word_1_683' title='bbox 616 4336 830 4403; x_wconf 79' lang='lat' dir='ltr'><strong>Hierusalem.</strong></span> <span class='ocrx_word' id='word_1_684' title='bbox 853 4341 891 4404; x_wconf 83' lang='lat' dir='ltr'><strong>or</strong></span> <span class='ocrx_word' id='word_1_685' title='bbox 936 4341 1061 4403; x_wconf 89' lang='lat' dir='ltr'><strong>nomine</strong></span> <span class='ocrx_word' id='word_1_686' title='bbox 1082 4340 1216 4420; x_wconf 90' lang='lat' dir='ltr'><strong>loquitur</strong></span> <span class='ocrx_word' id='word_1_687' title='bbox 1237 4341 1389 4420; x_wconf 79' lang='lat' dir='ltr'><strong>Sapiens,</strong></span> <span class='ocrx_word' id='word_1_688' title='bbox 1407 4346 1436 4401; x_wconf 87' lang='lat' dir='ltr'><strong>et</strong></span> <span class='ocrx_word' id='word_1_689' title='bbox 1451 4338 1545 4400; x_wconf 84' lang='lat' dir='ltr'><strong>dicit:</strong></span> <span class='ocrx_word' id='word_1_690' title='bbox 1567 4337 1651 4416; x_wconf 75' lang='lat' dir='ltr'><strong>Erpa</strong></span> <span class='ocrx_word' id='word_1_691' title='bbox 1667 4339 1789 4401; x_wconf 83' lang='lat' dir='ltr'><strong>errori·</strong></span> 
     </span>
     <span class='ocr_line' id='line_1_50' title="bbox 21 4421 1789 4502; baseline 0.002 -24"><span class='ocrx_word' id='word_1_692' title='bbox 21 4422 196 4498; x_wconf 80' lang='lat' dir='ltr'><strong>snpientia</strong></span> <span class='ocrx_word' id='word_1_693' title='bbox 210 4436 339 4502; x_wconf 87' lang='lat' dir='ltr'><strong>quoque</strong></span> <span class='ocrx_word' id='word_1_694' title='bbox 352 4422 567 4500; x_wconf 84' lang='lat' dir='ltr'><strong>perseuerauit</strong></span> <span class='ocrx_word' id='word_1_695' title='bbox 579 4436 717 4491; x_wconf 87' lang='lat' dir='ltr'><strong>menum,</strong></span> <span class='ocrx_word' id='word_1_696' title='bbox 734 4429 763 4487; x_wconf 89' lang='lat' dir='ltr'><strong>et</strong></span> <span class='ocrx_word' id='word_1_697' title='bbox 777 4425 890 4487; x_wconf 91' lang='lat' dir='ltr'><strong>omnio</strong></span> <span class='ocrx_word' id='word_1_698' title='bbox 935 4424 1105 4486; x_wconf 80' lang='lat' dir='ltr'><strong>morante</strong></span> <span class='ocrx_word' id='word_1_699' title='bbox 1116 4424 1272 4500; x_wconf 73' lang='lat' dir='ltr'><strong>nodatis,</strong></span> <span class='ocrx_word' id='word_1_700' title='bbox 1290 4422 1475 4487; x_wconf 85' lang='lat' dir='ltr'><strong>etiustitioe</strong></span> <span class='ocrx_word' id='word_1_701' title='bbox 1492 4422 1602 4485; x_wconf 86' lang='lat' dir='ltr'><strong>lonren</strong></span> <span class='ocrx_word' id='word_1_702' title='bbox 1615 4435 1684 4482; x_wconf 88' lang='lat' dir='ltr'><strong>nnn</strong></span> <span class='ocrx_word' id='word_1_703' title='bbox 1699 4421 1789 4484; x_wconf 80' lang='lat' dir='ltr'><strong>romu</strong></span> 
     </span>
     <span class='ocr_line' id='line_1_51' title="bbox 25 4503 1789 4586; baseline 0 -23"><span class='ocrx_word' id='word_1_704' title='bbox 25 4517 118 4582; x_wconf 87' lang='lat' dir='ltr'><strong>qnae</strong></span> <span class='ocrx_word' id='word_1_705' title='bbox 135 4503 404 4568; x_wconf 76' lang='lat' dir='ltr'><strong>desideraverunt</strong></span> <span class='ocrx_word' id='word_1_706' title='bbox 415 4504 503 4568; x_wconf 85' lang='lat' dir='ltr'><strong>nouit</strong></span> <span class='ocrx_word' id='word_1_707' title='bbox 516 4504 592 4580; x_wconf 87' lang='lat' dir='ltr'><strong>mei,</strong></span> <span class='ocrx_word' id='word_1_708' title='bbox 603 4517 673 4566; x_wconf 91' lang='lat' dir='ltr'><strong>non</strong></span> <span class='ocrx_word' id='word_1_709' title='bbox 686 4507 806 4584; x_wconf 85' lang='lat' dir='ltr'><strong>napaei</strong></span> <span class='ocrx_word' id='word_1_710' title='bbox 820 4509 866 4570; x_wconf 84' lang='lat' dir='ltr'><strong>ets</strong></span> <span class='ocrx_word' id='word_1_711' title='bbox 879 4526 889 4586; x_wconf 82' lang='lat'>3</span> <span class='ocrx_word' id='word_1_712' title='bbox 936 4503 1039 4584; x_wconf 81' lang='lat' dir='ltr'><strong>nodis,</strong></span> <span class='ocrx_word' id='word_1_713' title='bbox 1056 4505 1294 4570; x_wconf 81' lang='lat' dir='ltr'><strong>ambulavimus</strong></span> <span class='ocrx_word' id='word_1_714' title='bbox 1308 4509 1380 4570; x_wconf 89' lang='lat' dir='ltr'><strong>olas</strong></span> <span class='ocrx_word' id='word_1_715' title='bbox 1395 4503 1539 4584; x_wconf 77' lang='lat' dir='ltr'><strong>difficiles</strong></span> <span class='ocrx_word' id='word_1_716' title='bbox 1550 4549 1561 4580; x_wconf 86' lang='lat'><strong>-,</strong></span> <span class='ocrx_word' id='word_1_717' title='bbox 1576 4505 1664 4564; x_wconf 89' lang='lat' dir='ltr'><strong>uiam</strong></span> <span class='ocrx_word' id='word_1_718' title='bbox 1680 4511 1789 4566; x_wconf 87' lang='lat' dir='ltr'><strong>nutem</strong></span> 
     </span>
     <span class='ocr_line' id='line_1_52' title="bbox 20 4585 1787 4670; baseline 0 -23"><span class='ocrx_word' id='word_1_719' title='bbox 20 4602 85 4648; x_wconf 78' lang='lat' dir='ltr'><strong>eree</strong></span> <span class='ocrx_word' id='word_1_720' title='bbox 110 4585 268 4664; x_wconf 76' lang='lat' dir='ltr'><strong>pronitus·</strong></span> <span class='ocrx_word' id='word_1_721' title='bbox 289 4603 344 4651; x_wconf 87' lang='lat' dir='ltr'><strong>eor</strong></span> <span class='ocrx_word' id='word_1_722' title='bbox 365 4603 485 4660; x_wconf 87' lang='lat' dir='ltr'><strong>meum,</strong></span> <span class='ocrx_word' id='word_1_723' title='bbox 507 4588 590 4667; x_wconf 89' lang='lat' dir='ltr'><strong>quin</strong></span> <span class='ocrx_word' id='word_1_724' title='bbox 611 4590 703 4652; x_wconf 88' lang='lat' dir='ltr'><strong>omni</strong></span> <span class='ocrx_word' id='word_1_725' title='bbox 722 4591 886 4666; x_wconf 90' lang='lat' dir='ltr'><strong>uoluptate</strong></span> <span class='ocrx_word' id='word_1_726' title='bbox 936 4585 1066 4670; x_wconf 82' lang='lat' dir='ltr'><strong>Domini</strong></span> <span class='ocrx_word' id='word_1_727' title='bbox 1079 4591 1319 4668; x_wconf 83' lang='lat' dir='ltr'><strong>ipnnronimuo.</strong></span> <span class='ocrx_word' id='word_1_728' title='bbox 1336 4591 1449 4652; x_wconf 86' lang='lat' dir='ltr'><strong>lassati</strong></span> <span class='ocrx_word' id='word_1_729' title='bbox 1463 4602 1575 4650; x_wconf 84' lang='lat' dir='ltr'><strong>sumus</strong></span> <span class='ocrx_word' id='word_1_730' title='bbox 1596 4588 1633 4648; x_wconf 87' lang='lat' dir='ltr'><strong>in</strong></span> <span class='ocrx_word' id='word_1_731' title='bbox 1655 4587 1787 4648; x_wconf 87' lang='lat' dir='ltr'><strong>oiaini·</strong></span> 
     </span>
     <span class='ocr_line' id='line_1_53' title="bbox 20 4668 1789 4752; baseline 0.001 -22"><span class='ocrx_word' id='word_1_732' title='bbox 20 4670 219 4745; x_wconf 71' lang='lat' dir='ltr'><strong>frueretur,</strong></span> <span class='ocrx_word' id='word_1_733' title='bbox 242 4673 273 4733; x_wconf 90' lang='grc' dir='ltr'><strong>ει</strong></span> <span class='ocrx_word' id='word_1_734' title='bbox 293 4670 464 4734; x_wconf 83' lang='lat' dir='ltr'><strong>oblectaret</strong></span> <span class='ocrx_word' id='word_1_735' title='bbox 485 4686 519 4733; x_wconf 87' lang='lat' dir='ltr'><strong>se</strong></span> <span class='ocrx_word' id='word_1_736' title='bbox 539 4671 577 4732; x_wconf 87' lang='lat' dir='ltr'><strong>in</strong></span> <span class='ocrx_word' id='word_1_737' title='bbox 598 4669 668 4738; x_wconf 80' lang='lat' dir='ltr'><strong>iu.</strong></span> <span class='ocrx_word' id='word_1_738' title='bbox 691 4687 776 4752; x_wconf 88' lang='lat' dir='ltr'><strong>quoe</strong></span> <span class='ocrx_word' id='word_1_739' title='bbox 795 4689 891 4752; x_wconf 83' lang='lat' dir='ltr'><strong>proe-</strong></span> <span class='ocrx_word' id='word_1_740' title='bbox 936 4671 1081 4749; x_wconf 84' lang='lat' dir='ltr'><strong>quitatis,</strong></span> <span class='ocrx_word' id='word_1_741' title='bbox 1097 4673 1426 4752; x_wconf 78' lang='lat' dir='ltr'><strong>etprrditionisqutd</strong></span> <span class='ocrx_word' id='word_1_742' title='bbox 1439 4671 1531 4733; x_wconf 82' lang='lat' dir='ltr'><strong>nonis</strong></span> <span class='ocrx_word' id='word_1_743' title='bbox 1544 4668 1667 4747; x_wconf 70' lang='lat' dir='ltr'><strong>promit</strong></span> <span class='ocrx_word' id='word_1_744' title='bbox 1679 4683 1789 4747; x_wconf 69' lang='lat' dir='ltr'><strong>super</strong></span> 
     </span>
     <span class='ocr_line' id='line_1_54' title="bbox 21 4751 1791 4832; baseline -0.002 -18"><span class='ocrx_word' id='word_1_745' title='bbox 21 4769 240 4828; x_wconf 83' lang='lat' dir='ltr'><strong>paraveram.</strong></span> <span class='ocrx_word' id='word_1_746' title='bbox 265 4758 295 4814; x_wconf 91' lang='lat' dir='ltr'><strong>et</strong></span> <span class='ocrx_word' id='word_1_747' title='bbox 315 4753 402 4818; x_wconf 78' lang='lat' dir='ltr'><strong>hano</strong></span> <span class='ocrx_word' id='word_1_748' title='bbox 420 4760 512 4818; x_wconf 84' lang='lat' dir='ltr'><strong>rotun</strong></span> <span class='ocrx_word' id='word_1_749' title='bbox 534 4767 607 4816; x_wconf 86' lang='lat' dir='ltr'><strong>rum</strong></span> <span class='ocrx_word' id='word_1_750' title='bbox 626 4762 752 4829; x_wconf 87' lang='lat' dir='ltr'><strong>portem</strong></span> <span class='ocrx_word' id='word_1_751' title='bbox 769 4770 888 4832; x_wconf 72' lang='lat' dir='ltr'><strong>merom,</strong></span> <span class='ocrx_word' id='word_1_752' title='bbox 937 4754 1018 4816; x_wconf 78' lang='lat' dir='ltr'><strong>oeae</strong></span> <span class='ocrx_word' id='word_1_753' title='bbox 1039 4761 1096 4816; x_wconf 90' lang='lat' dir='ltr'><strong>out</strong></span> <span class='ocrx_word' id='word_1_754' title='bbox 1110 4755 1301 4818; x_wconf 81' lang='lat' dir='ltr'><strong>diuitiarum</strong></span> <span class='ocrx_word' id='word_1_755' title='bbox 1316 4754 1566 4832; x_wconf 81' lang='lat' dir='ltr'><strong>instantiaquiei</strong></span> <span class='ocrx_word' id='word_1_756' title='bbox 1581 4751 1715 4814; x_wconf 84' lang='lat' dir='ltr'><strong>eontulit.</strong></span> <span class='ocrx_word' id='word_1_757' title='bbox 1734 4769 1791 4812; x_wconf 89' lang='lat' dir='ltr'><strong>no-</strong></span> 
     </span>
     <span class='ocr_line' id='line_1_55' title="bbox 23 4834 1785 4918; baseline -0.001 -22"><span class='ocrx_word' id='word_1_758' title='bbox 23 4837 53 4896; x_wconf 85' lang='lat' dir='ltr'><strong>sr&#39;</strong></span> <span class='ocrx_word' id='word_1_759' title='bbox 74 4843 192 4899; x_wconf 84' lang='lat' dir='ltr'><strong>uterer</strong></span> <span class='ocrx_word' id='word_1_760' title='bbox 214 4835 323 4900; x_wconf 82' lang='lat' dir='ltr'><strong>labore</strong></span> <span class='ocrx_word' id='word_1_761' title='bbox 343 4851 427 4906; x_wconf 83' lang='lat' dir='ltr'><strong>meo,</strong></span> <span class='ocrx_word' id='word_1_762' title='bbox 444 4836 521 4899; x_wconf 86' lang='lat' dir='ltr'><strong>hoen</strong></span> <span class='ocrx_word' id='word_1_763' title='bbox 536 4836 612 4909; x_wconf 83' lang='lat' dir='ltr'><strong>itte,</strong></span> <span class='ocrx_word' id='word_1_764' title='bbox 640 4836 692 4918; x_wconf 91' lang='lat' dir='ltr'><strong>qui</strong></span> <span class='ocrx_word' id='word_1_765' title='bbox 708 4845 790 4902; x_wconf 85' lang='lat' dir='ltr'><strong>certe</strong></span> <span class='ocrx_word' id='word_1_766' title='bbox 802 4841 877 4915; x_wconf 87' lang='lat' dir='ltr'><strong>quie</strong></span> <span class='ocrx_word' id='word_1_767' title='bbox 937 4836 1011 4900; x_wconf 80' lang='lat' dir='ltr'><strong>bist</strong></span> <span class='ocrx_word' id='word_1_768' title='bbox 1033 4841 1233 4900; x_wconf 83' lang='lat' dir='ltr'><strong>transierunt</strong></span> <span class='ocrx_word' id='word_1_769' title='bbox 1254 4839 1315 4900; x_wconf 83' lang='lat' dir='ltr'><strong>illo</strong></span> <span class='ocrx_word' id='word_1_770' title='bbox 1330 4839 1442 4902; x_wconf 83' lang='lat' dir='ltr'><strong>omnin</strong></span> <span class='ocrx_word' id='word_1_771' title='bbox 1463 4841 1632 4913; x_wconf 74' lang='lat' dir='ltr'><strong>termnum</strong></span> <span class='ocrx_word' id='word_1_772' title='bbox 1652 4834 1785 4918; x_wconf 73' lang='lat' dir='ltr'><strong>nmero,</strong></span> 
     </span>
     <span class='ocr_line' id='line_1_56' title="bbox 26 4917 1789 4999; baseline 0.001 -23"><span class='ocrx_word' id='word_1_773' title='bbox 26 4928 91 4978; x_wconf 87' lang='lat' dir='ltr'><strong>tem</strong></span> <span class='ocrx_word' id='word_1_774' title='bbox 123 4919 287 4980; x_wconf 79' lang='lat' dir='ltr'><strong>maximam</strong></span> <span class='ocrx_word' id='word_1_775' title='bbox 316 4917 446 4990; x_wconf 81' lang='lat' dir='ltr'><strong>hebuit,</strong></span> <span class='ocrx_word' id='word_1_776' title='bbox 472 4920 497 4980; x_wconf 92' lang='lat' dir='ltr'><strong>si</strong></span> <span class='ocrx_word' id='word_1_777' title='bbox 524 4919 585 4982; x_wconf 88' lang='lat' dir='ltr'><strong>utto</strong></span> <span class='ocrx_word' id='word_1_778' title='bbox 612 4919 643 4983; x_wconf 92' lang='lat' dir='ltr'><strong>in</strong></span> <span class='ocrx_word' id='word_1_779' title='bbox 664 4921 758 4983; x_wconf 89' lang='lat' dir='ltr'><strong>rebus</strong></span> <span class='ocrx_word' id='word_1_780' title='bbox 781 4923 892 4985; x_wconf 86' lang='lat' dir='ltr'><strong>orestis</strong></span> <span class='ocrx_word' id='word_1_781' title='bbox 937 4926 966 4982; x_wconf 88' lang='lat' dir='ltr'><strong>et</strong></span> <span class='ocrx_word' id='word_1_782' title='bbox 986 4921 1441 4999; x_wconf 84' lang='lat' dir='ltr'><strong>nosinmolipnitotounrtro</strong></span> <span class='ocrx_word' id='word_1_783' title='bbox 1462 4918 1646 4994; x_wconf 78' lang='lat' dir='ltr'><strong>consumpti</strong></span> <span class='ocrx_word' id='word_1_784' title='bbox 1664 4933 1789 4981; x_wconf 88' lang='lat' dir='ltr'><strong>sumus.</strong></span> 
     </span>
     <span class='ocr_line' id='line_1_57' title="bbox 23 4999 1863 5082; baseline -0.001 -22"><span class='ocrx_word' id='word_1_785' title='bbox 23 4999 137 5064; x_wconf 83' lang='lat' dir='ltr'><strong>treberi</strong></span> <span class='ocrx_word' id='word_1_786' title='bbox 157 5005 270 5078; x_wconf 89' lang='lat' dir='ltr'><strong>polest.</strong></span> <span class='ocrx_word' id='word_1_787' title='bbox 286 5003 366 5066; x_wconf 86' lang='lat' dir='ltr'><strong>tiihil</strong></span> <span class='ocrx_word' id='word_1_788' title='bbox 380 5005 461 5064; x_wconf 86' lang='lat' dir='ltr'><strong>enirn</strong></span> <span class='ocrx_word' id='word_1_789' title='bbox 477 5001 522 5064; x_wconf 92' lang='lat' dir='ltr'><strong>illi</strong></span> <span class='ocrx_word' id='word_1_790' title='bbox 539 5001 646 5075; x_wconf 85' lang='lat' dir='ltr'><strong>deluit,</strong></span> <span class='ocrx_word' id='word_1_791' title='bbox 671 5017 732 5066; x_wconf 91' lang='lat' dir='ltr'><strong>oon</strong></span> <span class='ocrx_word' id='word_1_792' title='bbox 749 5017 890 5082; x_wconf 74' lang='lat' dir='ltr'><strong>regnum,</strong></span> <span class='ocrx_word' id='word_1_793' title='bbox 979 5003 1042 5065; x_wconf 88' lang='lat' dir='ltr'><strong>Sed</strong></span> <span class='ocrx_word' id='word_1_794' title='bbox 1055 5009 1103 5064; x_wconf 89' lang='lat' dir='ltr'><strong>est</strong></span> <span class='ocrx_word' id='word_1_795' title='bbox 1118 5003 1207 5066; x_wconf 90' lang='lat' dir='ltr'><strong>etiem</strong></span> <span class='ocrx_word' id='word_1_796' title='bbox 1224 5005 1280 5066; x_wconf 87' lang='lat' dir='ltr'><strong>elin</strong></span> <span class='ocrx_word' id='word_1_797' title='bbox 1298 5007 1414 5066; x_wconf 86' lang='lat' dir='ltr'><strong>ratione</strong></span> <span class='ocrx_word' id='word_1_798' title='bbox 1428 5009 1515 5081; x_wconf 88' lang='lat' dir='ltr'><strong>petra</strong></span> <span class='ocrx_word' id='word_1_799' title='bbox 1526 4999 1698 5061; x_wconf 86' lang='lat' dir='ltr'><strong>tirmissime</strong></span> <span class='ocrx_word' id='word_1_800' title='bbox 1711 5016 1792 5078; x_wconf 71' lang='lat' dir='ltr'><strong>sym·</strong></span> <span class='ocrx_word' id='word_1_801' title='bbox 1860 5057 1863 5062; x_wconf 12' lang='grc' dir='ltr'><em>Α</em></span> 
     </span>
     <span class='ocr_line' id='line_1_58' title="bbox 25 5083 1793 5164; baseline 0.001 -22"><span class='ocrx_word' id='word_1_802' title='bbox 25 5101 90 5144; x_wconf 89' lang='lat' dir='ltr'><strong>nnn</strong></span> <span class='ocrx_word' id='word_1_803' title='bbox 112 5083 252 5161; x_wconf 81' lang='lat' dir='ltr'><strong>divitiae,</strong></span> <span class='ocrx_word' id='word_1_804' title='bbox 268 5101 330 5148; x_wconf 93' lang='lat' dir='ltr'><strong>nnn</strong></span> <span class='ocrx_word' id='word_1_805' title='bbox 346 5083 489 5156; x_wconf 82' lang='lat' dir='ltr'><strong>delicies.</strong></span> <span class='ocrx_word' id='word_1_806' title='bbox 506 5099 568 5148; x_wconf 89' lang='lat' dir='ltr'><strong>nnn</strong></span> <span class='ocrx_word' id='word_1_807' title='bbox 583 5083 746 5164; x_wconf 87' lang='lat' dir='ltr'><strong>ipsaquae</strong></span> <span class='ocrx_word' id='word_1_808' title='bbox 769 5087 891 5149; x_wconf 83' lang='lat' dir='ltr'><strong>maximi</strong></span> <span class='ocrx_word' id='word_1_809' title='bbox 938 5084 1042 5147; x_wconf 84' lang='lat' dir='ltr'><strong>linium</strong></span> <span class='ocrx_word' id='word_1_810' title='bbox 1059 5085 1178 5148; x_wconf 84' lang='lat' dir='ltr'><strong>Domini</strong></span> <span class='ocrx_word' id='word_1_811' title='bbox 1196 5085 1385 5156; x_wconf 73' lang='lat' dir='ltr'><strong>Belounoi,</strong></span> <span class='ocrx_word' id='word_1_812' title='bbox 1409 5085 1491 5160; x_wconf 88' lang='lat' dir='ltr'><strong>quod</strong></span> <span class='ocrx_word' id='word_1_813' title='bbox 1506 5083 1679 5163; x_wconf 77' lang='lat' dir='ltr'><strong>symbulum</strong></span> <span class='ocrx_word' id='word_1_814' title='bbox 1696 5083 1793 5158; x_wconf 81' lang='lat' dir='ltr'><strong>erpti-</strong></span> 
     </span>
     <span class='ocr_line' id='line_1_59' title="bbox 22 5164 1794 5249; baseline -0.001 -23"><span class='ocrx_word' id='word_1_815' title='bbox 22 5165 93 5228; x_wconf 86' lang='lat' dir='ltr'><strong>sreri</strong></span> <span class='ocrx_word' id='word_1_816' title='bbox 111 5166 235 5232; x_wconf 87' lang='lat' dir='ltr'><strong>ridetur</strong></span> <span class='ocrx_word' id='word_1_817' title='bbox 250 5167 383 5232; x_wconf 81' lang='lat' dir='ltr'><strong>numana</strong></span> <span class='ocrx_word' id='word_1_818' title='bbox 397 5166 559 5246; x_wconf 83' lang='lat' dir='ltr'><strong>sapientie.</strong></span> <span class='ocrx_word' id='word_1_819' title='bbox 578 5183 640 5232; x_wconf 90' lang='lat' dir='ltr'><strong>non</strong></span> <span class='ocrx_word' id='word_1_820' title='bbox 657 5168 791 5246; x_wconf 88' lang='lat' dir='ltr'><strong>denique</strong></span> <span class='ocrx_word' id='word_1_821' title='bbox 811 5187 893 5249; x_wconf 83' lang='lat' dir='ltr'><strong>pax,</strong></span> <span class='ocrx_word' id='word_1_822' title='bbox 938 5170 1016 5230; x_wconf 81' lang='lat' dir='ltr'><strong>enuit</strong></span> <span class='ocrx_word' id='word_1_823' title='bbox 1030 5167 1121 5232; x_wconf 84' lang='lat' dir='ltr'><strong>nobis</strong></span> <span class='ocrx_word' id='word_1_824' title='bbox 1135 5168 1287 5246; x_wconf 79' lang='lat' dir='ltr'><strong>snpientia</strong></span> <span class='ocrx_word' id='word_1_825' title='bbox 1300 5167 1355 5230; x_wconf 85' lang='lat' dir='ltr'><strong>liei</strong></span> <span class='ocrx_word' id='word_1_826' title='bbox 1369 5167 1401 5230; x_wconf 92' lang='lat' dir='ltr'><strong>in</strong></span> <span class='ocrx_word' id='word_1_827' title='bbox 1417 5165 1583 5245; x_wconf 76' lang='lat' dir='ltr'><strong>llrnogelio</strong></span> <span class='ocrx_word' id='word_1_828' title='bbox 1598 5179 1667 5237; x_wconf 91' lang='lat' dir='ltr'><strong>suo,</strong></span> <span class='ocrx_word' id='word_1_829' title='bbox 1682 5164 1733 5227; x_wconf 81' lang='lat' dir='ltr'><strong>ubl</strong></span> <span class='ocrx_word' id='word_1_830' title='bbox 1749 5165 1794 5226; x_wconf 92' lang='lat' dir='ltr'><strong>di-</strong></span> 
     </span>
     <span class='ocr_line' id='line_1_60' title="bbox 23 5249 1794 5334; baseline -0.001 -26"><span class='ocrx_word' id='word_1_831' title='bbox 23 5255 56 5308; x_wconf 84' lang='lat' dir='ltr'><strong>et</strong></span> <span class='ocrx_word' id='word_1_832' title='bbox 73 5250 287 5329; x_wconf 82' lang='lat' dir='ltr'><strong>tranquillitos</strong></span> <span class='ocrx_word' id='word_1_833' title='bbox 303 5253 333 5314; x_wconf 93' lang='lat' dir='ltr'><strong>in</strong></span> <span class='ocrx_word' id='word_1_834' title='bbox 349 5252 439 5313; x_wconf 88' lang='lat' dir='ltr'><strong>tantis</strong></span> <span class='ocrx_word' id='word_1_835' title='bbox 454 5249 546 5314; x_wconf 87' lang='lat' dir='ltr'><strong>bonis</strong></span> <span class='ocrx_word' id='word_1_836' title='bbox 560 5251 654 5334; x_wconf 82' lang='lat' dir='ltr'><strong>louqn</strong></span> <span class='ocrx_word' id='word_1_837' title='bbox 671 5257 809 5331; x_wconf 86' lang='lat' dir='ltr'><strong>tempore</strong></span> <span class='ocrx_word' id='word_1_838' title='bbox 824 5268 895 5331; x_wconf 91' lang='lat' dir='ltr'><strong>pos·</strong></span> <span class='ocrx_word' id='word_1_839' title='bbox 937 5251 991 5322; x_wconf 85' lang='lat' dir='ltr'><strong>xit.</strong></span> <span class='ocrx_word' id='word_1_840' title='bbox 1007 5253 1131 5316; x_wconf 88' lang='lat' dir='ltr'><strong>domum</strong></span> <span class='ocrx_word' id='word_1_841' title='bbox 1147 5249 1337 5314; x_wconf 87' lang='lat' dir='ltr'><strong>sedillnntnm</strong></span> <span class='ocrx_word' id='word_1_842' title='bbox 1352 5265 1447 5325; x_wconf 91' lang='lat' dir='ltr'><strong>super</strong></span> <span class='ocrx_word' id='word_1_843' title='bbox 1461 5249 1580 5323; x_wconf 79' lang='lat' dir='ltr'><strong>turmam</strong></span> <span class='ocrx_word' id='word_1_844' title='bbox 1595 5254 1712 5327; x_wconf 85' lang='lat' dir='ltr'><strong>petrum</strong></span> <span class='ocrx_word' id='word_1_845' title='bbox 1734 5249 1794 5307; x_wconf 90' lang='lat' dir='ltr'><strong>im-</strong></span> 
     </span>
     <span class='ocr_line' id='line_1_61' title="bbox 23 5329 1795 5413; baseline -0.001 -21"><span class='ocrx_word' id='word_1_846' title='bbox 23 5332 178 5401; x_wconf 82' lang='lat' dir='ltr'><strong>sinendis</strong></span> <span class='ocrx_word' id='word_1_847' title='bbox 194 5339 225 5394; x_wconf 88' lang='lat' dir='ltr'><strong>et</strong></span> <span class='ocrx_word' id='word_1_848' title='bbox 239 5333 422 5396; x_wconf 83' lang='lat' dir='ltr'><strong>retinendis.</strong></span> <span class='ocrx_word' id='word_1_849' title='bbox 940 5332 1085 5397; x_wconf 86' lang='lat' dir='ltr'><strong>mobilem</strong></span> <span class='ocrx_word' id='word_1_850' title='bbox 1102 5349 1306 5411; x_wconf 86' lang='lat' dir='ltr'><strong>permonere,</strong></span> <span class='ocrx_word' id='word_1_851' title='bbox 1330 5334 1355 5396; x_wconf 92' lang='lat' dir='ltr'><strong>si</strong></span> <span class='ocrx_word' id='word_1_852' title='bbox 1371 5334 1507 5413; x_wconf 88' lang='lat' dir='ltr'><strong>desuper</strong></span> <span class='ocrx_word' id='word_1_853' title='bbox 1522 5331 1713 5396; x_wconf 84' lang='lat' dir='ltr'><strong>descendent</strong></span> <span class='ocrx_word' id='word_1_854' title='bbox 1728 5329 1795 5406; x_wconf 88' lang='lat' dir='ltr'><strong>pin-</strong></span> 
     </span>
     <span class='ocr_line' id='line_1_62' title="bbox 71 5412 1793 5496; baseline -0.001 -22"><span class='ocrx_word' id='word_1_855' title='bbox 71 5413 313 5496; x_wconf 78' lang='lat' dir='ltr'><strong>lnterrnpemus</strong></span> <span class='ocrx_word' id='word_1_856' title='bbox 328 5432 421 5490; x_wconf 83' lang='lat' dir='ltr'><strong>nune,</strong></span> <span class='ocrx_word' id='word_1_857' title='bbox 436 5431 472 5477; x_wconf 89' lang='lat' dir='ltr'><strong>ao</strong></span> <span class='ocrx_word' id='word_1_858' title='bbox 488 5415 519 5478; x_wconf 91' lang='lat' dir='ltr'><strong>in</strong></span> <span class='ocrx_word' id='word_1_859' title='bbox 537 5416 629 5480; x_wconf 87' lang='lat' dir='ltr'><strong>tentis</strong></span> <span class='ocrx_word' id='word_1_860' title='bbox 650 5417 743 5481; x_wconf 88' lang='lat' dir='ltr'><strong>robus</strong></span> <span class='ocrx_word' id='word_1_861' title='bbox 759 5415 895 5495; x_wconf 87' lang='lat' dir='ltr'><strong>quietem</strong></span> <span class='ocrx_word' id='word_1_862' title='bbox 940 5415 1017 5492; x_wconf 86' lang='lat' dir='ltr'><strong>rire,</strong></span> <span class='ocrx_word' id='word_1_863' title='bbox 1033 5424 1064 5479; x_wconf 90' lang='lat' dir='ltr'><strong>et</strong></span> <span class='ocrx_word' id='word_1_864' title='bbox 1078 5434 1094 5478; x_wconf 85' lang='grc' dir='ltr'>ε</span> <span class='ocrx_word' id='word_1_865' title='bbox 1110 5418 1206 5480; x_wconf 83' lang='grc' dir='ltr'>ιειειε</span> <span class='ocrx_word' id='word_1_866' title='bbox 1221 5418 1337 5480; x_wconf 84' lang='lat' dir='ltr'><strong>irruant</strong></span> <span class='ocrx_word' id='word_1_867' title='bbox 1351 5416 1431 5479; x_wconf 86' lang='lat' dir='ltr'><strong>uenti</strong></span> <span class='ocrx_word' id='word_1_868' title='bbox 1447 5462 1455 5487; x_wconf 86' lang='lat'><strong>,</strong></span> <span class='ocrx_word' id='word_1_869' title='bbox 1480 5421 1510 5476; x_wconf 93' lang='grc' dir='ltr'><strong>ει</strong></span> <span class='ocrx_word' id='word_1_870' title='bbox 1525 5431 1540 5475; x_wconf 88' lang='lat' dir='ltr'><strong>s</strong></span> <span class='ocrx_word' id='word_1_871' title='bbox 1557 5421 1641 5490; x_wconf 88' lang='lat' dir='ltr'><strong>perte</strong></span> <span class='ocrx_word' id='word_1_872' title='bbox 1657 5412 1793 5473; x_wconf 82' lang='lat' dir='ltr'><strong>interiori</strong></span> 
     </span>
     <span class='ocr_line' id='line_1_63' title="bbox 25 5493 1793 5578; baseline -0.001 -22"><span class='ocrx_word' id='word_1_873' title='bbox 25 5495 212 5568; x_wconf 74' lang='lat' dir='ltr'><strong>invenerit,</strong></span> <span class='ocrx_word' id='word_1_874' title='bbox 242 5504 275 5562; x_wconf 94' lang='lat' dir='ltr'><strong>el</strong></span> <span class='ocrx_word' id='word_1_875' title='bbox 288 5515 326 5562; x_wconf 88' lang='lat' dir='ltr'><strong>nn</strong></span> <span class='ocrx_word' id='word_1_876' title='bbox 342 5497 399 5562; x_wconf 87' lang='lat' dir='ltr'><strong>iste</strong></span> <span class='ocrx_word' id='word_1_877' title='bbox 416 5499 614 5574; x_wconf 83' lang='lat' dir='ltr'><strong>capacitatem</strong></span> <span class='ocrx_word' id='word_1_878' title='bbox 631 5501 749 5564; x_wconf 87' lang='lat' dir='ltr'><strong>animae</strong></span> <span class='ocrx_word' id='word_1_879' title='bbox 764 5499 893 5576; x_wconf 90' lang='lat' dir='ltr'><strong>implere</strong></span> <span class='ocrx_word' id='word_1_880' title='bbox 940 5499 1110 5576; x_wconf 79' lang='lat' dir='ltr'><strong>percutiunt</strong></span> <span class='ocrx_word' id='word_1_881' title='bbox 1130 5498 1278 5576; x_wconf 81' lang='lat' dir='ltr'><strong>tluminn:</strong></span> <span class='ocrx_word' id='word_1_882' title='bbox 1306 5499 1428 5578; x_wconf 89' lang='lat' dir='ltr'><strong>domum</strong></span> <span class='ocrx_word' id='word_1_883' title='bbox 1445 5512 1516 5561; x_wconf 83' lang='lat' dir='ltr'><strong>reru</strong></span> <span class='ocrx_word' id='word_1_884' title='bbox 1532 5493 1719 5559; x_wconf 86' lang='lat' dir='ltr'><strong>nedillentum</strong></span> <span class='ocrx_word' id='word_1_885' title='bbox 1743 5511 1793 5556; x_wconf 90' lang='lat' dir='ltr'><strong>su-</strong></span> 
     </span>
     <span class='ocr_line' id='line_1_64' title="bbox 25 5573 1794 5660; baseline -0.001 -21"><span class='ocrx_word' id='word_1_886' title='bbox 25 5583 206 5654; x_wconf 90' lang='lat' dir='ltr'><strong>pntueriot.</strong></span> <span class='ocrx_word' id='word_1_887' title='bbox 226 5573 316 5658; x_wconf 77' lang='lat' dir='ltr'><strong>Cum,</strong></span> <span class='ocrx_word' id='word_1_888' title='bbox 330 5581 441 5660; x_wconf 89' lang='lat' dir='ltr'><strong>inquit,</strong></span> <span class='ocrx_word' id='word_1_889' title='bbox 457 5597 508 5644; x_wconf 82' lang='lat' dir='ltr'><strong>nte</strong></span> <span class='ocrx_word' id='word_1_890' title='bbox 522 5583 745 5648; x_wconf 77' lang='lat' dir='ltr'><strong>senonensem</strong></span> <span class='ocrx_word' id='word_1_891' title='bbox 761 5583 805 5646; x_wconf 87' lang='lat' dir='ltr'><strong>od</strong></span> <span class='ocrx_word' id='word_1_892' title='bbox 818 5585 893 5648; x_wconf 85' lang='lat' dir='ltr'><strong>uui·</strong></span> <span class='ocrx_word' id='word_1_893' title='bbox 940 5599 995 5659; x_wconf 86' lang='lat' dir='ltr'><strong>per</strong></span> <span class='ocrx_word' id='word_1_894' title='bbox 1010 5597 1155 5652; x_wconf 86' lang='lat' dir='ltr'><strong>arenam,</strong></span> <span class='ocrx_word' id='word_1_895' title='bbox 1183 5583 1258 5644; x_wconf 88' lang='lat' dir='ltr'><strong>nihil</strong></span> <span class='ocrx_word' id='word_1_896' title='bbox 1281 5579 1389 5646; x_wconf 85' lang='lat' dir='ltr'><strong>horum</strong></span> <span class='ocrx_word' id='word_1_897' title='bbox 1416 5583 1571 5644; x_wconf 90' lang='lat' dir='ltr'><strong>sustinere</strong></span> <span class='ocrx_word' id='word_1_898' title='bbox 1597 5593 1711 5656; x_wconf 83' lang='lat' dir='ltr'><strong>possa,</strong></span> <span class='ocrx_word' id='word_1_899' title='bbox 1739 5579 1794 5639; x_wconf 88' lang='lat' dir='ltr'><strong>sed</strong></span> 
     </span>
     <span class='ocr_line' id='line_1_65' title="bbox 24 5659 1796 5747; baseline 0 -25"><span class='ocrx_word' id='word_1_900' title='bbox 24 5678 124 5726; x_wconf 81' lang='lat' dir='ltr'><strong>uerso</strong></span> <span class='ocrx_word' id='word_1_901' title='bbox 149 5681 251 5745; x_wconf 72' lang='lat' dir='ltr'><strong>opero</strong></span> <span class='ocrx_word' id='word_1_902' title='bbox 274 5679 358 5746; x_wconf 87' lang='lat' dir='ltr'><strong>quae</strong></span> <span class='ocrx_word' id='word_1_903' title='bbox 378 5665 522 5744; x_wconf 74' lang='lat' dir='ltr'><strong>fererant</strong></span> <span class='ocrx_word' id='word_1_904' title='bbox 538 5679 656 5732; x_wconf 89' lang='lat' dir='ltr'><strong>manue</strong></span> <span class='ocrx_word' id='word_1_905' title='bbox 678 5681 781 5743; x_wconf 80' lang='lat' dir='ltr'><strong>meos,</strong></span> <span class='ocrx_word' id='word_1_906' title='bbox 799 5675 826 5728; x_wconf 86' lang='lat' dir='ltr'><strong>et</strong></span> <span class='ocrx_word' id='word_1_907' title='bbox 850 5667 894 5730; x_wconf 89' lang='lat' dir='ltr'><strong>od</strong></span> <span class='ocrx_word' id='word_1_908' title='bbox 939 5665 976 5726; x_wconf 89' lang='lat' dir='ltr'><strong>erl</strong></span> <span class='ocrx_word' id='word_1_909' title='bbox 1001 5666 1130 5746; x_wconf 90' lang='lat' dir='ltr'><strong>primum</strong></span> <span class='ocrx_word' id='word_1_910' title='bbox 1148 5666 1294 5744; x_wconf 88' lang='lat' dir='ltr'><strong>impetum</strong></span> <span class='ocrx_word' id='word_1_911' title='bbox 1312 5665 1455 5747; x_wconf 83' lang='lat' dir='ltr'><strong>plurios,</strong></span> <span class='ocrx_word' id='word_1_912' title='bbox 1479 5669 1529 5725; x_wconf 85' lang='lat' dir='ltr'><strong>sut</strong></span> <span class='ocrx_word' id='word_1_913' title='bbox 1549 5661 1652 5735; x_wconf 85' lang='lat' dir='ltr'><strong>renti,</strong></span> <span class='ocrx_word' id='word_1_914' title='bbox 1676 5667 1727 5723; x_wconf 78' lang='lat' dir='ltr'><strong>nort</strong></span> <span class='ocrx_word' id='word_1_915' title='bbox 1741 5659 1796 5722; x_wconf 92' lang='lat' dir='ltr'><strong>tiu·</strong></span> 
     </span>
    </p>
   </div>
   <div class='ocr_carea' id='block_1_5' title="bbox 0 0 2029 6242">
    <p class='ocr_par' dir='ltr' id='par_1_6' title="bbox 0 0 2029 6242">
     <span class='ocr_line' id='line_1_66' title="bbox 0 0 2029 6242; baseline 0 0"><span class='ocrx_word' id='word_1_916' title='bbox 0 0 2029 6242; x_wconf 95' lang='lat' dir='ltr'><strong> </strong></span> 
     </span>
    </p>
   </div>
  </div>
 </body>
</html>
