4048 6242
724 258 864 318 carnes
883 257 1072 324 secandus
1524 245 1530 256 ’
1666 261 1717 324 tre

281 389 432 456 anthus
447 389 640 474 sederetis
943 391 1035 471 gitos,
1049 407 1108 455 neo
1123 391 1242 472 palmos
1263 390 1387 472 proprie
1401 391 1533 456 haheat:
1557 390 1613 456 sed
1635 394 1791 473 Scriptura
1864 406 1871 415 ·

1423 557 1794 634 a

69 633 383 700 Scalaeascensionis
395 636 531 700 iolieam
543 639 670 716 gradum
682 637 814 718 primum
827 655 900 703 con·
944 641 1041 718 magis
1057 656 1202 718 expresse
1217 639 1398 719 signillcmtt
1410 640 1638 713 Salomon,cum
1654 644 1706 702 ait:
1722 641 1794 704 cce·

25 721 204 782 struximus
217 735 255 782 ex
270 718 516 784 consideratione
531 721 687 797 hominis,
712 723 766 800 qui
788 722 900 786 dicitur
944 723 1013 794 lem
1027 728 1056 784 et
1069 725 1150 787 coeii
1164 723 1325 800 coetorum
1338 739 1406 786 aon
1419 728 1449 786 te
1465 725 1610 802 capiunt.
1624 723 1712 798 Quod
1725 725 1796 788 ideo

26 798 170 866 liundos
191 802 313 865 minor:
341 817 424 865 nuno
446 806 618 868 secundnm
641 803 769 883 gradum
791 821 900 884 super·
943 821 1047 867 rernm
1061 814 1129 879 est,
1147 808 1216 884 quia
1232 807 1257 867 si
1273 805 1404 869 tiendus
1419 808 1498 868 allus
1514 813 1690 879 crearetur,
1707 806 1794 868 ilium

26 888 158 951 struere
173 881 337 947 consilium
353 891 401 946 est
413 900 450 948 ex
465 888 713 950 consideratione
736 889 825 950 molis
842 889 897 950 hu·
944 903 1068 966 auoque
1083 891 1216 964 repleret
1231 889 1327 966 Deus,
1342 897 1373 950 et
1384 890 1409 950 si
1426 890 1530 966 plores
1545 887 1671 964 ilundi,
1690 890 1736 952 rel
1752 897 1796 952 ει-

26 967 79 1028 ιιιε
96 970 243 1030 maxime.
261 981 340 1046 guae
354 969 450 1030 maior
464 969 598 1033 ilundos
612 970 672 1032 diei
683 970 773 1032 solet.
786 971 900 1033 Scribit
942 971 1002 1032 iam
1018 969 1128 1034 induiti
1144 973 1251 1035 flerent
1266 971 1456 1044 ldnndi,ilios
1468 985 1579 1034 omnes
1593 969 1675 1034 heus
1691 971 1799 1052 imple·

23 1049 157 1122 cuidem
180 1067 208 1111 ε.
226 1049 391 1128 Gregorius
403 1049 608 1116 Nazianzenus
630 1055 660 1115 in
682 1053 816 1118 secunda
832 1071 898 1117 ore·
943 1059 1001 1115 ret.
1014 1053 1120 1130 Neque
1137 1055 1305 1127 existimes,
1320 1054 1420 1116 anima
1438 1071 1524 1126 mea,
1541 1053 1637 1116 Deum
1653 1061 1736 1116 tuum
1753 1055 1799 1118 sio

26 1133 115 1194 tiorae
130 1137 170 1194 de
185 1131 414 1208 casalinorum
427 1135 629 1200 constituisse
639 1137 898 1216 hominem,qaasi
942 1133 1072 1214 impiere,
1084 1137 1250 1214 nondam
1260 1143 1292 1200 ut
1307 1153 1377 1216 pars
1394 1137 1446 1200 liei
1463 1135 1504 1198 sit
1517 1135 1547 1198 ιιι
1565 1145 1649 1214 perte
1664 1137 1769 1199 Mundi
1787 1183 1795 1211 ,

23 1213 179 1278 hundam
197 1232 339 1296 maguum
357 1218 386 1277 in
403 1232 512 1293 pareo,
530 1218 611 1298 quod
628 1225 674 1282 ast
689 1234 815 1291 rerum,
839 1221 864 1283 sl
880 1237 898 1282 a
945 1231 975 1278 ει
991 1225 1071 1281 ιοιιιε
1088 1221 1117 1280 in
1135 1219 1532 1294 tolcilando.1)easenim
1549 1225 1654 1296 partes
1667 1235 1727 1282 noo
1744 1221 1798 1282 lia·

23 1297 145 1360 liundo
161 1313 363 1378 segregemus
374 1298 521 1378 Angelos,
538 1308 585 1362 est
600 1303 682 1364 enirn
696 1303 787 1364 homo
804 1304 899 1366 maior
942 1299 1005 1375 het,
1022 1303 1078 1363 sed
1095 1309 1175 1365 totus
1191 1309 1238 1364 est
1253 1305 1283 1364 ic
1301 1309 1362 1364 toto
1379 1303 1509 1373 hiando,
1533 1308 1565 1363 et
1577 1307 1662 1364 tolus
1676 1303 1708 1363 in
1723 1319 1797 1381 qaia·

23 1387 90 1441 toto
108 1381 224 1444 hluodo
239 1390 410 1458 corporato,
430 1400 489 1444 non
506 1384 599 1454 mole,
615 1384 672 1448 sed
687 1385 818 1446 virtuter
842 1386 898 1450 sed
943 1383 1019 1444 lihet
1044 1390 1130 1464 parte
1156 1384 1274 1448 Mundi,
1288 1385 1431 1448 ‚troiano
1450 1384 1568 1462 ubique
1588 1400 1737 1462 praesens
1752 1391 1799 1448 est

22 1461 50 1520 ει
68 1463 235 1526 inhiando
251 1457 554 1542 comprehendantur
569 1467 694 1544 angeli,
718 1473 751 1529 ut
767 1483 823 1528 nos
840 1470 898 1532 hoc
943 1482 1012 1526 eum
1028 1467 1250 1545 omnipotentia
1266 1474 1296 1530 et
1310 1467 1547 1542 sapientinsua.
1570 1467 1707 1546 Ideoque
1721 1469 1747 1530 si
1763 1467 1797 1530 d·
1912 1535 1915 1542 ,

22 1545 100 1607 loco
116 1547 433 1626 comprehendimus,
459 1565 569 1624 paraus
591 1549 723 1613 handus
744 1559 792 1612 est
807 1552 899 1616 itomo
942 1548 1024 1611 dalis
1039 1551 1084 1611 ilii
1099 1547 1206 1618 leeris.
1221 1549 1346 1612 etiamsi
1357 1551 1530 1613 consistant
1542 1551 1689 1614 adversus
1706 1557 1735 1613 ιε
1749 1568 1798 1614 oe·

23 1644 55 1686 ιιι
74 1627 194 1692 Maride
210 1631 324 1692 maiore
340 1633 537 1694 constitutos.
555 1631 588 1696 le
603 1635 663 1696 hoc
678 1633 772 1710 igitur
786 1650 897 1712 magno
942 1638 1015 1704 stra,
1033 1649 1093 1696 con
1111 1633 1232 1696 timebit
1243 1646 1298 1694 cor
1312 1639 1409 1705 tuam,
1426 1633 1594 1711 quidecim
1611 1627 1726 1712 timeat,
1743 1635 1796 1710 cet

22 1709 171 1784 liundo,
195 1715 246 1791 qui
270 1728 371 1775 rerum
401 1713 629 1778 unieersitalem
658 1716 896 1792 compinctum,
941 1715 1025 1789 apud
1038 1716 1177 1779 sehabet
1191 1715 1479 1791 Patremamicum,
1496 1731 1645 1790 sponsum
1657 1718 1795 1797 omnipo·

25 1796 124 1855 multa
142 1804 216 1858 sunt
230 1797 322 1874 piane
336 1795 597 1870 admirabilie,sed
614 1800 690 1862 haec
700 1799 897 1878 potissimum
941 1800 1067 1864 tentem
1081 1803 1117 1862 ει
1126 1801 1226 1862 οιιιιιιε
1242 1799 1408 1876 ridentem,
1425 1803 1457 1862 et
1467 1797 1681 1860 ardentissime
1692 1815 1795 1861 amen·

22 1877 227 1957 magnitudo,
241 1879 415 1950 mollitudo,
434 1881 563 1944 enricus
577 1881 789 1956 efficacitasm
804 1899 897 1946 renu-
942 1886 1002 1942 tem
1013 1881 1034 1942 ι
1050 1881 1109 1946 Sed
1129 1883 1159 1946 si
1181 1883 1290 1945 merito
1318 1882 1428 1959 culpae
1451 1885 1522 1943 tuae
1543 1881 1653 1942 iratum
1679 1880 1794 1946 hahens

21 1966 101 2023 stas.
119 1959 335 2034 eaeoomcta,
352 1965 379 2023 si
393 1961 457 2024 Deo
473 1963 676 2037 illuminante,
693 1965 896 2050 attentissima
941 1961 1037 2024 Deum
1053 1964 1203 2038 indicem,
1216 1972 1247 2027 el
1262 1963 1421 2026 inimicum
1434 1963 1692 2040 omnipotentem,
1718 1969 1749 2026 et
1762 1982 1795 2028 o·

20 2045 213 2118 cogitentur,
230 2060 290 2107 non
307 2045 499 2122 parramrim
514 2045 641 2119 hahent,
655 2047 836 2110 edecimare
849 2049 896 2112 sio
942 2045 1208 2119 ιιιῐιίιι-ιίὐθιιῑθιιιι
1225 2053 1256 2110 θῑ
1271 2053 1396 2125 novelli
1418 2043 1611 2126 impltllbill
1626 2047 1697 2109 ⁰⁶1⁰
1712 2047 1797 2111 dele·

20 2127 224 2199 elevandam,
243 2133 275 2189 ιιι
289 2128 321 2188 in
336 2127 537 2191 admiratione
550 2132 719 2194 immensae
733 2131 893 2193 cuiusdam
940 2133 1085 2202 stentem,
1102 2138 1165 2192 tum
1181 2145 1255 2194 aero
1268 2131 1336 2194 iure
1351 2127 1459 2193 timere
1480 2129 1701 2193 intestinam
1722 2129 1794 2192 hor·

23 2211 266 2286 magnitudinis,
283 2215 315 2271 et
329 2210 546 2284 multitudinis,
563 2209 896 2288 etrarietatis,.etelil·
939 2209 1036 2284 nihili,
1059 2217 1090 2276 et
1112 2212 1226 2276 nuihm
1250 2213 1388 2290 requiem
1411 2211 1485 2274 da're
1501 2212 1606 2292 ,ceolis
1629 2212 1714 2290 tuis,
1735 2227 1795 2276 nec

25 2291 184 2365 cecitatis,
201 2298 233 2355 et
247 2293 486 2373 pulchritudinis
502 2296 590 2371 guasi
607 2294 788 2358 deiicielcet
801 2295 840 2360 ed
861 2313 897 2362 se
941 2294 1074 2370 pedihus
1091 2294 1166 2372 tuis,
1181 2295 1323 2358 nisilieo
1345 2295 1465 2374 placato
1487 2309 1542 2373 per
1561 2309 1662 2356 rerem
1686 2297 1794 2372 poeni·

25 2389 156 2437 reversa
172 2375 420 2455 quicquidexlce
436 2375 534 2440 Ιιειιιιι
550 2377 642 2457 ridel,
659 2379 747 2460 quasi
763 2379 893 2444 nihilum
940 2375 1063 2440 tentiam
1081 2378 1280 2454 respiraveris
1295 2377 1325 2439 in
1342 2377 1412 2441 luce
1428 2377 1659 2446 miserationum
1675 2377 1755 2442 eius.

23 2465 52 2517 et
67 2458 168 2521 inane
184 2458 356 2535 despiciat..
661 2511 663 2518 ,
979 2457 1041 2522 Ιιιιι
1058 2459 1795 2525 veromultitudinemrerumcreatarumchuno

62 2540 200 2620 tiagcus
224 2549 307 2604 certe
333 2547 381 2604 est
397 2541 485 2605 echis
499 2535 669 2622 terrorum,
687 2549 716 2608 el
741 2545 819 2608 adeo
834 2561 896 2608 me·
937 2541 1004 2605 lieo
1019 2544 1178 2608 conditore
1193 2545 1273 2606 coeii
1287 2549 1319 2606 el
1333 2549 1429 2606 terrae
1445 2542 1514 2621 cais
1529 2543 1790 2606 conmmahitim·

22 2639 118 2698 gnus,
134 2630 166 2687 et
182 2624 417 2687 ecclesiastices
432 2623 761 2708 dieatzslaetilredinena
776 2635 899 2704 torace,
937 2640 1035 2690 renna
1049 2628 1162 2698 enoria,
1175 2631 1205 2689 et
1219 2627 1350 2706 plectae
1360 2630 1478 2704 patrm,
1490 2625 1589 2704 inquit
1600 2625 1793 2690 Εεειεειεειι·

22 2714 49 2764 ει
63 2706 274 2785 metandum
290 2708 398 2787 aegeo
411 2710 667 2788 goiedimenaae
687 2713 762 2773 eet?
782 2714 894 2774 ethoo
938 2724 1017 2786 cus,
1034 2711 1094 2788 pei
1107 2707 1343 2774 dinumerooiti
1369 2708 1441 2802 Sed,
1456 2707 1581 2772 omissis
1604 2709 1700 2772 rohas
1723 2707 1793 2774 istis

23 2803 128 2866 ipsum
146 2789 241 2852 etiam
253 2806 291 2852 ex
304 2805 341 2854 eo
356 2797 458 2868 potest
468 2792 610 2872 intelligi,
627 2793 710 2872 quod
725 2793 757 2856 io
770 2798 813 2856 tot
826 2796 896 2856 mil·
938 2789 1165 2870 minutissimis,
1182 2798 1257 2872 quot
1270 2789 1433 2856 sunt-intra
1449 2795 1559 2854 terram
1575 2797 1606 2852 et
1620 2791 1713 2855 maria
1728 2808 1792 2855 me·

23 2872 107 2934 libus
126 2875 346 2949 concremandi
362 2872 515 2937 duxerant
530 2875 569 2936 ah
585 2876 661 2938 orbe
676 2877 894 2948 condiiomou·
939 2872 1007 2936 tolia
1031 2875 1096 2938 auri
1112 2882 1144 2938 ei
1164 2875 1305 2956 argenti,
1327 2873 1408 2938 aeris
1423 2880 1456 2937 et
1469 2873 1605 2952 plumbi,
1628 2880 1661 2937 et
1673 2874 1794 2954 lapides

23 2955 95 3016 dum
115 2961 177 3018 tota
194 2955 379 3032 supernates
392 2963 489 3020 terroe
500 2955 690 3039 (heuoecim
701 2958 892 3023 latitudinem
939 2955 1078 3033 pretiosi,
1100 2974 1137 3021 ao
1151 2973 1312 3038 gemmae,
1338 2963 1367 3020 et
1387 2956 1591 3035 margaritael
1600 2955 1679 3030 Quot
1699 2973 1792 3038 supra

24 3045 129 3100 terrae
144 3037 620 3116 vocatEcclesiasticnsinostris
631 3041 892 3112 hominihus,eam
938 3045 1047 3102 terram
1063 3055 1189 3120 genera,
1205 3040 1428 3117 olenaclassi
1444 3039 1598 3102 individae
1610 3039 1791 3116 herlerum·

23 3119 151 3184 assidue
168 3119 409 3199 inquirentibus,
426 3121 659 3187 innotueritAEt·
671 3123 784 3200 ouante
799 3142 893 3205 quee-
936 3120 1092 3194 lrulioum,
1109 3124 1431 3202 plantaromieleaot
1446 3122 1477 3184 in
1500 3119 1639 3198 singulis
1656 3123 1790 3202 parles?

23 3219 61 3264 su
75 3211 124 3266 est
140 3203 243 3268 moles
259 3211 378 3281 terrae,
396 3205 423 3268 ai
439 3207 477 3267 ad
493 3207 573 3270 coeli
588 3208 727 3284 supremi
743 3207 891 3272 ambitum
936 3205 1115 3300 qoeletiam
1131 3221 1256 3286 genera,
1272 3205 1412 3287 species,
1436 3210 1466 3268 el
1483 3203 1637 3268 individua
1652 3204 1792 3269 animan·

23 3286 252 3363 comparetur?
272 3284 372 3350 Instar
394 3291 499 3367 pnnoli
516 3290 628 3353 dicitur
641 3287 891 3372 ahhstrotngis,
938 3294 1012 3351 trum
1027 3288 1247 3367 perlectorum,
1270 3287 1519 3368 imperfectorum
1533 3332 1542 3361 ,
1555 3286 1790 3368 gandrepedum

24 3369 266 3436 necimmerito.
283 3369 429 3434 videmus
443 3373 526 3435 enim
549 3372 670 3436 solares
690 3372 816 3449 radios,
839 3389 893 3452 per
937 3371 1103 3452 reptilium,
1113 3371 1301 3434 solutilem?
1311 3377 1384 3450 quot
1400 3369 1431 3432 in
1446 3368 1519 3431 meri
1535 3368 1789 3450 genera,specles

25 3452 241 3530 interpositam
257 3457 368 3517 terram
383 3501 399 3532 ,
410 3453 452 3516 ita
470 3456 646 3534 pertingere
667 3457 704 3520 ed
721 3455 827 3520 stellae
843 3455 893 3519 dr·
936 3451 1618 3532 individua.pisciumruuisenumerelioaid
1631 3451 1790 3516 demolli-

26 3536 174 3597 mamenti
189 3535 361 3615 oppositas,
378 3554 414 3599 ae
429 3538 457 3599 si
474 3545 551 3601 terra
568 3537 645 3602 nihil
659 3539 785 3602 omnine
797 3545 892 3605 esset.
936 3534 1042 3598 tudine
1056 3536 1180 3616 generis
1195 3535 1321 3600 hnmani
1334 3581 1342 3609 ,
1356 3534 1395 3598 de
1410 3551 1479 3614 qao.
1492 3535 1639 3614 scriptum
1655 3540 1714 3598 est:
1731 3534 1786 3600 Se·

27 3619 58 3678 iit
68 3619 95 3682 si
108 3619 203 3680 steila
219 3619 376 3698 quaelihet
391 3617 585 3696 lirmemenli,
603 3622 699 3683 maior
710 3628 759 3684 est
771 3627 833 3684 toto
844 3638 892 3685 or·
935 3620 1083 3684 condem
1104 3619 1321 3684 suetudinem-
1334 3625 1424 3682 tamin
1451 3617 1675 3695 omtripttcmri
1701 3615 1786 3698 filios

29 3701 62 3764 ιε
83 3708 250 3774 terrerem,
268 3706 300 3765 ut
314 3701 493 3780 Sapientem
510 3704 684 3768 communis
702 3703 809 3783 opinio
831 3709 890 3783 est,
937 3701 1133 3766 imminerent
1155 3709 1228 3780 ouot
1246 3703 1382 3781 ,deniqne
1404 3709 1477 3764 sunt
1491 3701 1522 3761 in
1538 3699 1625 3763 coelo
1651 3701 1789 3783 sydera?

30 3790 56 3844 et
69 3790 177 3847 tamen
194 3785 340 3859 nohis,ch
355 3784 505 3849 indultam
521 3801 617 3866 prope
631 3787 805 3850 distantiam
819 3788 891 3851 stel·
935 3791 1011 3860 ouot
1024 3799 1117 3862 supra
1133 3785 1253 3848 coelam
1270 3783 1395 3865 angelii
1410 3799 1478 3845 nam
1494 3782 1533 3846 de
1544 3782 1643 3845 stellis
1655 3783 1789 3848 ‘inmere-

31 3869 70 3928 iae
84 3867 164 3930 illae
181 3867 407 3931 minutissimae
423 3869 562 3932 ridentur
577 3869 647 3947 quis
666 3870 830 3950 cogitando
845 3887 892 3934 aa·
937 3865 1062 3930 sissima
1078 3866 1234 3944 Scriptura
1248 3866 1543 3947 legimustilcnaeac
1555 3865 1676 3942 stellas,
1690 3866 1720 3928 sl
1729 3881 1790 3946 po·

30 3950 114 4024 moui
132 3951 247 4030 poterit
267 3949 501 4027 amplitudinem
528 3952 631 4027 coeli,
660 3951 720 4015 ubi·
736 3958 778 4014 lot
799 3953 891 4017 millia
936 3955 993 4013 tea
1007 3949 1046 4012 itt
1059 3949 1536 4027 alihicomparalmulliludinem
1549 3947 1788 4015 stellarumoam

30 4032 187 4094 stellarum
203 4032 333 4097 lucenti
349 4034 472 4096 lucenti
487 4050 561 4115 ergo
582 4037 608 4098 si
629 4035 846 4114 desuperhele
862 4042 894 4099 et
937 4031 1131 4096 multitudine
1146 4047 1256 4098 arenae
1272 4033 1375 4102 meris,
1393 4047 1483 4111 quarn
1496 4030 1571 4094 satit
1582 4036 1703 4094 constat
1716 4045 1789 4096 esse

31 4117 237 4191 prolanditate
259 4123 358 4179 terrae
373 4116 613 4198 Ecclesiasticus
627 4118 715 4181 dixit:
733 4119 888 4183 tutandi
937 4113 1267 4178 innumerabilemiie
1281 4115 1408 4198 tangetis
1428 4129 1504 4177 aero
1522 4111 1630 4177 scrihit
1654 4112 1785 4176 Daniel:

29 4215 97 4260 nem
114 4207 237 4275 imae,
258 4197 502 4279 etproiondem
516 4201 625 4282 eligant
638 4202 891 4282 condicionem
936 4198 1039 4262 iterna
1056 4198 1198 4261 militnm
1209 4197 1440 4263 miraistrchont
1454 4195 1495 4270 ei,
1512 4195 1657 4262 etdece'ee
1670 4195 1787 4262 millies

31 4282 95 4343 eall
110 4281 189 4362 quid
206 4299 322 4360 quaeso
334 4285 373 4345 de
388 4283 554 4360 superlicie
568 4287 718 4348 exteriore
733 4285 835 4360 coeli,
861 4289 892 4348 ει
937 4287 1073 4344 coclerio
1092 4281 1199 4344 mitlie
1213 4280 1460 4346 menteomni.
1475 4279 1512 4342 iit
1528 4295 1556 4342 s.
1571 4277 1704 4342 Thomas
1715 4293 1787 4342 cum

31 4365 63 4425 de
77 4366 238 4442 protendo
254 4365 358 4429 dandi
375 4367 469 4429 totius
497 4383 513 4429 e
540 4383 662 4430 summo
684 4366 771 4430 coelo
794 4383 894 4446 usque
936 4379 964 4426 s.
979 4362 1125 4444 ercnpsta
1140 4363 1468 4444 aiiirmat,hngaiorum
1483 4360 1710 4425 mollitudinem
1722 4366 1787 4424 tan·

32 4447 63 4508 ad
80 4447 351 4512 ialerosdicerell
366 4448 498 4512 Omnino
514 4453 594 4512 tanta
610 4454 658 4514 est
673 4451 891 4527 moleseorpo·
936 4454 1094 4522 ramesse,
1110 4448 1256 4508 utrorum
1273 4445 1629 4510 omniummaterieiium
1653 4443 1787 4508 mullitu-

33 4529 100 4593 nlis
115 4531 225 4594 iiundi
241 4531 346 4600 huius.
362 4538 396 4594 nt
418 4532 501 4595 nulla
517 4547 628 4607 mens,
652 4531 733 4596 nulia
747 4533 890 4613 cogitatio
936 4529 1038 4594 dinem
1053 4533 1190 4606 superet.
1207 4527 1296 4593 llaec·
1314 4531 1408 4610 igitar
1432 4541 1529 4608 prope
1552 4525 1667 4590 inlicita
1684 4540 1786 4591 reruni

32 4629 91 4674 eam
108 4613 237 4692 assegui
254 4614 363 4692 possit.
376 4616 535 4694 ige-nunc
549 4615 651 4679 anime
664 4632 744 4693 mea,
760 4615 888 4680 interro·
936 4612 1097 4676 multitado
1113 4610 1153 4674 eh
1167 4627 1231 4676 uno
1246 4612 1309 4676 iieo
1330 4612 1541 4688 onrnipotcnte
1563 4609 1685 4679 condita
1702 4655 1711 4684 ,
1734 4609 1787 4673 de·

33 4711 63 4772 go
77 4701 122 4767 tc,
139 4697 166 4760 si
183 4702 284 4760 tantus
298 4709 346 4770 est
360 4697 504 4773 liundus,
521 4703 654 4777 quantus
669 4703 716 4762 ast
729 4745 738 4775 ,
753 4699 803 4776 uui
819 4697 889 4762 lecit
935 4693 1124 4760 monstratio
1141 4695 1207 4778 lpse
1220 4693 1321 4757 dirina
1344 4693 1477 4758 essentia
1494 4708 1565 4756 esse
1580 4690 1786 4770 perleclloces

34 4777 205 4842 dandami
219 4779 349 4858 iiagnas
364 4780 524 4857 liominus,
542 4787 571 4841 ει
585 4779 805 4859 magnitudinis
819 4780 890 4846 eius
934 4778 1061 4842 omolco
1076 4775 1334 4862 infinitas.iolait
1348 4777 1429 4842 enirn
1443 4775 1525 4839 licus
1540 4775 1579 4838 ah
1593 4772 1784 4854 homineper

35 4875 87 4923 aon
108 4860 256 4926 estiiois.
271 4861 349 4927 dodi
366 4862 499 4928 isaiamz
519 4861 593 4940 Quia
613 4879 744 4927 menstra
766 4868 812 4928 eat
829 4880 891 4946 pn·
934 4866 1090 4925 creaturae
1115 4877 1188 4930 suas
1209 4865 1376 4935 nicomede
1401 4857 1558 4940 cognosci,
1581 4865 1612 4920 el
1645 4856 1715 4935 qaia
1729 4874 1792 4922 non

34 4945 384 5025 circumscipiciens
398 4947 507 5026 palmo
521 4947 889 5028 pondmcairtqntecp-
935 4951 1052 5022 peteret
1067 4942 1128 5006 ulla
1144 4943 1449 5019 creatura,iniinitam
1463 4939 1611 5004 creatoris
1623 4940 1788 5018 perlectio-

33 5030 141 5102 pcnda't
155 5028 258 5092 amem
272 5029 381 5110 digitis
394 5030 511 5092 molem
525 5030 647 5094 terroe?
668 5030 724 5092 tihi
738 5047 767 5093 s.
784 5027 889 5094 Hiero·
935 5043 1004 5091 eam
1020 5033 1090 5104 apte
1104 5031 1348 5103 repraesentare,
1371 5031 1526 5088 creaturas
1546 5021 1758 5101 multiplicavit
1781 5067 1790 5098 ,

35 5125 154 5188 aymus,
172 5125 210 5174 ex
227 5111 368 5176 versione
384 5112 524 5187 haeliae,
549 5129 604 5191 per
626 5113 777 5194 pugillum
793 5112 887 5192 dicit,
934 5117 964 5171 ct
975 5109 1107 5188 singulis
1120 5108 1288 5173 honitatem
1301 5114 1337 5172 et·
1346 5107 1565 5185 perlectionem
1586 5105 1719 5185 aliquam
1735 5104 1786 5169 tri·

36 5192 163 5272 intelligi
178 5194 341 5259 minimam
357 5194 499 5273 digitum,
522 5202 556 5258 ut
570 5197 612 5258 sit
626 5195 705 5258 hace
719 5197 885 5262 scatentia:
932 5191 1012 5269 lauit,
1028 5197 1062 5254 ut
1075 5191 1148 5254 inde
1161 5191 1312 5255 iudicium
1328 5189 1415 5254 fleret
1429 5191 1468 5252 de
1483 5187 1618 5252 bonitate
1640 5192 1673 5250 et
1686 5188 1786 5266 perie-

36 5280 145 5352 lonam
160 5283 253 5342 totam
268 5325 276 5349 ,
293 5293 373 5356 quae
395 5281 495 5340 minor
517 5284 586 5354 ast,
603 5293 693 5355 onam
708 5285 786 5342 terra
801 5325 809 5354 ,
827 5295 888 5342 uno
932 5273 1255 5354 ctiocecraatorlsaai
1271 5269 1784 5350 innolespmlactioacssuhunius

37 5359 161 5438 digitulo
177 5360 233 5424 ilci
249 5361 442 5436 mensurari,
466 5361 580 5424 molem
595 5367 713 5439 terrae,
732 5359 828 5424 tribus
842 5363 887 5424 di·
932 5355 1184 5436 simplicissimae
1199 5357 1354 5421 essentiae
1369 5355 1558 5434 perlectione
1574 5353 1787 5435 complectitur

38 5441 114 5518 gitis.
132 5443 267 5520 coelum,
283 5445 366 5523 quod
379 5445 480 5508 maius
495 5449 543 5507 εει
559 5451 635 5508 terra
658 5451 688 5508 et
702 5461 780 5522 aqua
796 5444 889 5509 simul
932 5439 974 5508 ad
986 5456 1056 5504 eum
1072 5440 1137 5504 iore
1149 5440 1273 5503 modom
1286 5454 1347 5517 gno
1362 5455 1506 5502 nummos
1521 5443 1633 5502 eureus
1648 5435 1786 5500 eontinet

40 5523 159 5602 iancds,
178 5528 281 5604 palmo
292 5526 469 5608 ponderari.
484 5526 580 5604 hique
593 5527 671 5591 haec
683 5526 809 5609 guidem
822 5543 888 5590 me·
932 5523 1063 5587 valorem
1087 5521 1251 5586 multorum
1276 5537 1470 5586 nummorum
1493 5535 1666 5585 aureorum.
1691 5517 1784 5600 Ergo.

38 5609 189 5688 aphorice
205 5616 288 5688 auct,
304 5627 372 5676 cum
388 5610 515 5693 spiritus
526 5609 565 5676 sit
586 5608 692 5690 heus,
715 5616 745 5674 et
756 5626 817 5675 nco
839 5610 884 5676 di·
931 5607 1032 5684 anima
1048 5622 1129 5686 mea,
1145 5603 1292 5688 quicquid
1308 5605 1475 5684 oculisest
1487 5602 1663 5686 cogitationi
1680 5619 1788 5667 occur·
