4056 6260
282 302 333 360 300
838 303 886 362 DE
904 303 1075 366 AETERNA
1095 301 1312 366 FELICITATE

209 437 290 500 serio
307 439 380 502 dare
397 433 468 504 velit
490 456 613 523 operam
641 439 808 520 cognitioni
833 440 985 518 propriae,
1004 457 1065 504 non
1111 439 1185 502 silas
1200 445 1325 518 portae,
1343 443 1374 504 et
1388 439 1512 504 dolores
1527 439 1688 521 gehennae
1703 439 1794 504 simul
1817 439 1965 516 eradere,

210 521 341 598 patietur
357 528 514 604 angustius
531 527 562 587 in
578 532 663 606 porta
687 525 801 588 humus
822 523 945 587 Domini
970 541 1064 603 pene·
1113 523 1239 586 tortasse
1256 523 1394 587 excusari
1412 529 1517 600 posset
1532 541 1637 588 eorum
1655 525 1821 605 tragilitns‚
1843 526 1889 588 rel
1908 525 1968 584 im-

207 613 325 678 trauda.
1110 606 1288 680 bacillitns,
1313 609 1364 687 qui
1380 607 1439 670 rim
1458 609 1558 670 lacere
1582 615 1685 688 portae
1708 610 1792 671 illius
1812 609 1968 688 angustiis

248 697 294 758 Ad
311 694 502 757 haecomnia
521 707 651 756 necesse
669 696 715 754 est
737 690 850 754 addere
873 697 990 770 portam
1007 691 1063 753 Do·
1112 707 1172 752 non
1189 692 1413 754 auderent:sed
1428 709 1497 754 euro
1510 707 1641 754 necesse
1653 692 1827 763 sitauthic
1839 696 1876 754 ad
1890 696 1967 756 tern-

209 797 277 842 mus
293 779 426 850 Dorrrini,
444 793 522 857 quae
539 777 658 838 ridetur
674 775 909 854 angustissima,
934 793 969 837 ac
986 792 1065 852 pene
1112 790 1171 852 pus
1186 775 1324 838 laborare
1340 779 1398 836 rim
1417 775 1568 849 iaciendo,
1586 776 1785 839 autiooidere
1798 779 1828 836 in
1842 776 1968 840 labores

208 863 453 945 impenetrabilis
468 865 516 932 iis,
535 861 585 938 qui
603 860 702 921 onusti
719 859 880 929 accedunt.
906 865 935 920 et
950 857 1065 922 obaeso
1111 857 1295 936 doloresque
1312 865 1487 938 perpetuos,
1506 859 1557 920 ubi
1571 865 1618 921 est
1632 859 1792 937 iudicium,
1807 859 1857 921 rrbl
1872 860 1962 934 ratio,

209 964 338 1028 corpore
355 951 437 1022 sunt,
455 946 501 1007 rel
520 945 622 1005 urultis
639 941 775 1006 restibus
798 941 935 1019 inuoluti,
953 950 983 1004 cl
999 959 1065 1004 ere·
1110 958 1189 1020 quae
1206 943 1300 1004 dictet
1321 943 1481 1022 lugiendas
1503 958 1574 1006 esse
1599 946 1756 1025 angustias
1782 943 1918 1006 minores
1934 951 1967 1006 ει

211 1040 259 1094 uto
276 1045 404 1109 corporo
421 1030 538 1107 ingredi
558 1033 673 1090 tentant
688 1045 697 1106 3
715 1025 843 1087 eandem
861 1027 955 1088 videri
973 1027 1064 1092 latam
1110 1024 1275 1096 breviores.
1287 1031 1320 1087 ut
1334 1030 1371 1088 ad
1389 1025 1599 1089 intolerabiles
1611 1032 1641 1089 et
1655 1027 1849 1108 grauissimas
1860 1028 1966 1090 venia·

209 1121 240 1177 et
255 1115 336 1176 aditu
354 1113 526 1175 lacilhmam
544 1113 595 1182 iis,
613 1111 663 1188 qui
680 1111 747 1172 sine
763 1109 825 1172 ullo
841 1124 947 1182 onere,
964 1118 993 1172 et
1010 1127 1065 1172 nu·
1110 1108 1173 1170 tur?
1183 1107 1241 1170 Sed
1256 1112 1343 1172 etiam
1357 1111 1382 1172 si
1396 1109 1496 1172 nullae
1508 1117 1711 1188 sequerentur
1723 1111 1881 1190 angustiae
1893 1119 1966 1190 post

209 1198 252 1266 dl.
267 1215 302 1260 ac
317 1197 471 1258 mandenti
496 1202 527 1257 et
549 1197 631 1257 curui
655 1193 879 1272 ingrediuntur.
902 1193 1010 1270 ltaque
1035 1195 1064 1256 in
1112 1192 1190 1252 lianc
1207 1193 1365 1263 ritam‚sed
1382 1194 1446 1254 sola
1463 1193 1589 1272 privatio
1606 1193 1721 1256 homos
1734 1194 1799 1271 uei,
1813 1195 1869 1257 'ubi
1882 1212 1966 1258 sern-

211 1282 301 1344 uobis
318 1289 365 1343 est
380 1297 494 1352 carisa,
518 1296 572 1340 cur
589 1295 649 1339 nun
666 1277 753 1338 tacite
771 1277 887 1354 ingredi
906 1280 1062 1352 possimus
1111 1277 1226 1352 piterna
1244 1283 1315 1339 sunl
1329 1279 1451 1354 gaudia3
1470 1283 1528 1339 hoe
1548 1279 1649 1354 ipsum
1673 1277 1800 1342 deberet
1823 1279 1966 1342 innubis

213 1382 267 1444 per
282 1381 348 1427 eam
367 1370 505 1442 portam,
524 1379 578 1440 per
594 1379 683 1438 quam
701 1359 785 1421 multi
803 1363 981 1422 Sanctorum
998 1361 1066 1424 sine
1111 1357 1243 1436 efficere,
1258 1365 1291 1422 ut
1305 1377 1367 1422 uon
1380 1359 1479 1422 solum
1496 1361 1718 1440 perangustias
1731 1365 1907 1441 portac,sed
1920 1371 1967 1426 et·

214 1451 272 1510 ulla
290 1447 467 1512 drtiiouhatu
492 1449 537 1506 vel
562 1446 700 1506 molestia
725 1447 921 1505 transierunt.
939 1443 1067 1524 incipiat
1110 1440 1168 1504 lam
1185 1459 1241 1522 per
1256 1443 1363 1522 spinas
1379 1450 1407 1506 et
1424 1443 1563 1520 tribulos,
1582 1461 1640 1507 nec
1656 1462 1717 1507 non
1735 1459 1789 1524 per
1804 1447 1916 1508 terrum
1934 1454 1967 1510 et

214 1549 287 1612 ergo
305 1533 395 1592 homu
413 1529 602 1592 Christianus
619 1529 773 1605 deponere
789 1542 881 1589 onera
895 1526 1064 1589 diuitiarum
1110 1525 1212 1604 ignem
1229 1527 1369 1589 alacriter
1385 1529 1578 1591 intraremus.
1602 1527 1641 1593 Et
1659 1532 1798 1606 quamuis
1813 1529 1871 1591 boe
1888 1536 1966 1592 lern-

213 1617 365 1692 intelligat
380 1632 457 1692 opus
472 1612 531 1674 sibi
546 1631 560 1670 a
577 1611 641 1672 Ileo
658 1614 741 1673 datas
757 1617 789 1673 ut
803 1627 986 1688 oeconomo,
1005 1627 1066 1674 nou
1111 1625 1185 1688 pure
1201 1627 1262 1674 nun
1278 1613 1458 1684 sentiamus,
1475 1611 1548 1690 quid
1565 1611 1605 1674 sit
1618 1612 1724 1690 prirari
1748 1612 1963 1692 beatitudine:

215 1709 245 1761 ut
262 1702 398 1773 ιιιιιιιιιιυς
418 1705 449 1760 ut
464 1714 517 1758 aas
533 1695 692 1757 distribuat
707 1693 937 1774 indigentibus,
958 1712 1017 1756 non
1035 1701 1067 1757 ιιι
1111 1698 1211 1755 tamen
1228 1703 1297 1774 post
1319 1694 1436 1756 animae
1459 1695 1684 1772 separationem
1710 1713 1725 1758 u
1748 1712 1874 1775 corporo
1891 1713 1967 1776 ape·

215 1798 268 1845 eas
285 1783 342 1842 sibi
361 1781 413 1842 uui
430 1780 591 1857 diligenter
607 1786 775 1840 conservet:
793 1779 837 1838 sie
857 1780 937 1840 enim
956 1779 1017 1854 liet,
1036 1785 1065 1840 ut
1111 1776 1227 1838 rientur
1243 1780 1324 1841 aruh
1342 1779 1462 1854 mentis,
1475 1786 1508 1840 ut
1523 1779 1694 1852 clarissime
1710 1780 1848 1850 rideant,
1866 1798 1966 1859 quau·

217 1866 338 1928 artimus
352 1864 389 1928 ab
406 1879 507 1926 amore
531 1863 699 1923 divitiarum
724 1860 801 1922 liber
814 1860 961 1938 euectos,
979 1863 1067 1939 quusi
1113 1869 1173 1922 tum
1191 1861 1231 1924 sit
1246 1863 1476 1937 detrimentum,
1501 1863 1561 1925 imo
1575 1879 1664 1940 quam
1681 1862 1796 1926 inlinitn
1823 1865 1937 1926 iactura
1956 1913 1963 1930 .

218 1965 328 2028 magno
344 1965 438 2009 unere
455 1947 616 2025 deposito,
642 1946 680 2006 ob
704 1949 858 2023 angustias
882 1955 983 2024 p'urtae
1005 1961 1068 2008 non
1113 1961 1172 2006 non
1190 1948 1349 2024 peruenire
1366 1947 1402 2008 ad
1418 1943 1510 2006 linem
1527 1946 1678 2016 ultimum,
1696 1948 1733 2008 ad
1756 1963 1846 2026 quem
1869 1949 1966 2011 creati

209 2035 337 2095 laboret.
355 2031 414 2093 Neo
432 2033 532 2092 nninns
556 2031 689 2106 deponat
701 2029 920 2108 pinguedinem
939 2030 1061 2090 nimiam
1111 2045 1229 2091 sunaus.
1247 2030 1345 2108 Atque
1362 2031 1419 2091 hoc
1436 2029 1622 2092 desiderium
1635 2029 1809 2108 signillcant
1824 2032 1916 2094 uerba
1929 2034 1964 2092 il·

209 2116 387 2178 deliciarum
405 2113 596 2186 carnalium,
621 2111 666 2174 rel
683 2115 785 2189 potius
802 2111 902 2172 eiiciat
919 2114 1063 2174 humores
1111 2113 1137 2172 la
1157 2157 1164 2184 ‚
1191 2129 1268 2190 quae
1285 2119 1314 2174 ιιι
1332 2111 1497 2190 Evangelio
1519 2113 1694 2176 retenentur
1719 2115 1845 2192 repetita
1876 2115 1914 2176 ah
1931 2114 1964 2177 it·

208 2200 316 2262 noxios
332 2197 532 2276 cupiditatum
551 2195 718 2271 unciarum,
736 2211 812 2274 quae
830 2195 997 2275 hydropem
1022 2197 1065 2276 gi·
1110 2194 1148 2256 lis
1164 2197 1214 2273 qui
1232 2197 1347 2258 exclusi
1364 2197 1442 2256 soris
1459 2197 1638 2259 manebunt:
1653 2196 1794 2274 hunnine,
1808 2198 1959 2274 Domine,

209 2290 317 2364 gaunt,
336 2291 365 2343 ει
381 2298 491 2358 corpus
509 2276 769 2354 inflanthenique
786 2288 874 2341 exuat
888 2278 1063 2358 opinionem
1110 2281 1203 2356 operi
1223 2280 1327 2343 nobis.
1355 2276 1562 2362 (herenei.)
1587 2279 1747 2358 Siquidem
1773 2283 1964 2345 desiderium

211 2367 352 2446 propriae
368 2362 722 2433 ainummehunnitunt
735 2362 935 2424 humilitatem
953 2362 1064 2425 Christi
1112 2363 1206 2424 ultimi
1225 2363 1294 2425 linis
1310 2379 1434 2441 semper
1450 2363 1599 2424 cruciabit
1615 2361 1790 2442 miseros‚et
1802 2367 1966 2428 conscien-

208 2451 337 2512 inehnet
350 2448 500 2510 ceruicem
518 2447 554 2506 ad
571 2444 776 2506 obedientiam
795 2446 1017 2518 mandatorum.
1034 2454 1064 2508 et
1111 2446 1169 2505 tiae
1187 2461 1342 2508 remorsus
1360 2463 1526 2524 numquam
1550 2447 1710 2526 quiescet,
1733 2457 1761 2512 ει
1785 2449 1966 2528 implebitur

209 2543 280 2596 tunc
296 2532 497 2610 quaeratursi
516 2545 574 2590 nun
592 2530 665 2591 satis
677 2528 764 2591 tacite
778 2535 807 2592 et
820 2531 980 2592 commode
997 2547 1064 2608 por·
1109 2527 1196 2590 iliud:
1219 2530 1334 2592 lamnis
1351 2546 1461 2592 eorum
1476 2545 1544 2592 oon
1566 2533 1742 2608 morietur,
1768 2537 1796 2596 et
1810 2534 1898 2612 ignis
1914 2550 1967 2596 eo·

209 2625 266 2680 taur
283 2617 390 2679 salutis
408 2614 524 2694 ingredi
542 2613 651 2691 possit.
1108 2628 1183 2674 ιιιιιι
1197 2629 1265 2674 non
1277 2615 1497 2691 colloquetur.
1514 2611 1603 2697 (bue.
1621 2613 1686 2694 13.)

614 2711 618 2720 ·
1152 2693 1174 2756 0
1191 2697 1216 2757 sl
1234 2712 1396 2776 possemus
1414 2713 1495 2756 nuno
1511 2698 1591 2759 serio
1605 2699 1751 2776 cogitare,
1765 2705 1880 2778 quantu
1893 2699 1970 2762 alle-

544 2782 624 2847 chi.
640 2783 718 2848 Xiv.
1108 2786 1158 2840 ctu
1174 2780 1278 2840 dicent
1294 2781 1436 2840 hunnines
1452 2781 1507 2852 ιιιι,
1532 2779 1682 2855 Domine,
1708 2781 1842 2844 Domino
1870 2787 1968 2863 operi

1108 2863 1212 2925 uobis.
1226 2863 1360 2930 (March.
1377 2861 1445 2939 lb.)
1462 2881 1496 2924 uc
1512 2863 1538 2923 si
1555 2865 1670 2926 dicant:
1685 2865 1757 2929 Sine
1774 2869 1917 2944 ingressu
1935 2873 1968 2930 in

205 2952 426 3016 Necessarium
438 2967 504 3011 csse
518 2951 700 3028 irrqrcssum
714 2953 837 3027 portae,
852 2950 1064 3028 quantumuis
1110 2947 1197 3006 ist-am
1215 2947 1343 3008 Domum
1363 2951 1462 3007 virore
1479 2962 1540 3007 non
1566 2963 1752 3025 possumus,
1781 2965 1840 3013 nec
1866 2959 1970 3013 tamon

333 3043 503 3112 orequstoe,
519 3034 548 3094 si
563 3035 634 3113 quis·
649 3033 757 3094 satores
770 3049 836 3094 csse
850 3033 936 3095 uelit.
1111 3027 1187 3091 mori
1212 3031 1301 3090 nobis
1316 3031 1415 3092 datur.
1433 3029 1538 3105 ltaque
1556 3031 1684 3092 ricinus
1698 3049 1759 3094 narn
1773 3039 1804 3094 ut
1815 3034 1969 3111 miramus,

1109 3114 1162 3173 sud
1181 3121 1212 3173 ιιι
1227 3129 1349 3192 semper
1366 3113 1530 3174 miserrimi
1547 3114 1655 3177 simus.
1673 3113 1752 3194 Ergo
1765 3117 1850 3193 aperi
1864 3119 1969 3195 nobis,

247 3201 306 3264 Sed
322 3201 386 3263 sire
403 3207 487 3278 porta
505 3201 554 3261 illa
571 3200 628 3264 lata
645 3201 694 3267 sit,
713 3199 777 3261 siue
795 3203 942 3278 angusto,
960 3197 1058 3258 omni·
1109 3197 1179 3274 quia
1197 3197 1290 3272 parati
1307 3211 1415 3257 sumus
1439 3197 1593 3272 quaslibet
1618 3199 1776 3276 angustias
1800 3209 1970 3264 tormenta·

206 3305 246 3350 no
262 3287 450 3347 contendere
467 3285 629 3356 debemus,
648 3289 679 3346 ut
691 3299 746 3362 per
759 3300 824 3346 earn
839 3282 1061 3360 ingrediamur:
1110 3296 1174 3338 rum
1193 3281 1265 3357 pati,
1284 3280 1374 3341 modo
1387 3281 1605 3358 ingrediamur.
1629 3281 1687 3344 Sed
1705 3283 1967 3361 respondebitur:

206 3371 310 3433 nullus
327 3371 408 3428 enim
425 3368 502 3429 alius
519 3369 604 3429 loeus
621 3374 667 3428 est
683 3372 752 3446 post
768 3367 846 3426 liano
863 3369 962 3443 uttam,
981 3381 1060 3444 quae
1108 3361 1296 3426 Nesciebas.
1311 3366 1414 3424 inuras
1430 3363 1553 3424 iubitaei
1572 3364 1662 3425 tlnem
1680 3368 1817 3444 accepit:
1842 3370 1970 3445 quando

204 3455 281 3531 lugi
297 3453 377 3513 reiut
392 3453 511 3520 ιιιιιιιιιι,
530 3452 581 3512 uhi
599 3451 677 3514 bene
701 3466 773 3512 esse
798 3449 953 3524 possimus
970 3496 976 3520 ,
1004 3449 1061 3510 nisi
1109 3446 1252 3525 potuistis
1266 3445 1398 3524 ingredi,
1416 3445 1568 3522 noluistis;
1582 3463 1663 3510 nunc
1676 3465 1749 3528 ergo
1762 3466 1896 3528 aequum
1909 3462 1969 3524 est,

205 3541 282 3599 ιιιιιιι
300 3536 377 3596 hano
396 3543 524 3611 portam.
542 3534 615 3595 ldeu
632 3534 714 3594 enim
739 3533 887 3593 henricus
910 3532 1057 3607 hortatur,
1109 3536 1141 3590 ut
1154 3530 1276 3607 quando
1294 3529 1383 3590 uultis
1400 3527 1532 3610 ingredi,
1550 3547 1611 3592 non
1629 3532 1765 3607 possitis.
1781 3532 1825 3596 Ita
1837 3534 1882 3595 hh
1900 3538 1970 3598 sine

205 3617 518 3684 dicens:Conterrdite
531 3621 655 3680 intrare
669 3631 726 3694 per
739 3624 910 3692 nicquetum
922 3621 1061 3692 portum.
1110 3612 1171 3674 ullo
1188 3613 1324 3674 renerio
1341 3613 1469 3682 exclusi.
1495 3630 1661 3692 numquam
1680 3623 1779 3677 tomen
1796 3619 1970 3683 cessabunt

205 3700 295 3786 (Luc.
314 3701 379 3783 13.)
396 3703 538 3780 quoniam
556 3706 586 3761 ut
601 3703 668 3779 ipse
682 3717 710 3760 ιιι
728 3703 837 3761 eodem
852 3700 920 3759 locu
933 3699 1062 3759 subiun·
1109 3697 1263 3768 clamare,
1287 3695 1413 3756 naturali
1432 3697 1586 3758 desiderio
1602 3699 1802 3761 stimulante:
1819 3701 1970 3774 Domino.

204 3791 258 3867 git,
276 3788 326 3861 qul
346 3787 418 3846 turis
437 3785 613 3856 manebunt,
631 3784 667 3844 ad
685 3799 719 3843 eo
736 3783 802 3843 lora
818 3781 1015 3842 detrahentur
1032 3797 1061 3841 o·
1109 3779 1244 3841 Domine
1259 3779 1467 3857 operlnobis.
1485 3777 1544 3840 Sed
1561 3779 1613 3858 qui
1630 3781 1714 3844 surdi
1732 3781 1853 3846 luerunt
1866 3787 1896 3846 in
1914 3788 1972 3850 hae

205 3886 305 3944 mnes,
324 3867 374 3928 uhi
392 3867 599 3944 sempiternus
615 3873 661 3928 est
677 3865 814 3942 fletus,et
829 3866 974 3926 assiduus
988 3865 1063 3924 den-
1109 3865 1168 3924 vita
1181 3866 1217 3922 ad
1232 3864 1460 3923 exhortationes
1475 3863 1594 3924 llomini
1610 3865 1768 3927 clamantis
1781 3875 1810 3928 ei
1823 3867 1970 3946 dicentis,

205 3954 279 4015 tium
303 3953 436 4013 stridor:
465 3968 542 4026 quac
571 3952 694 4011 dolores
720 3949 868 4010 maximos
891 3945 1064 4026 signiticant
1112 3943 1298 4008 Contenditc
1311 3947 1436 4006 intrare
1451 3961 1510 4024 per
1525 3955 1700 4024 onqrrstoon
1720 3959 1871 4026 purtcm;
1897 3959 1972 4015 tune

207 4054 277 4098 cum
293 4037 509 4112 desperatione
524 4033 753 4108 remed1i3unde
768 4031 1064 4108 rabiosoritur,quae
1112 4029 1214 4089 surdis
1230 4029 1355 4090 auribus
1370 4029 1487 4089 homini
1501 4029 1688 4101 clamabunt,
1703 4031 1850 4113 Domine,
1865 4039 1972 4099 hunri-

206 4120 404 4198 imputienter
420 4119 548 4192 tolerat,
573 4132 650 4194 quac
674 4117 804 4178 tolerare
821 4131 881 4177 non
900 4114 1010 4189 uellet,
1035 4121 1066 4174 ει
1110 4127 1164 4174 rte.
1181 4111 1390 4188 opertncate.
1407 4110 1505 4183 Quare
1522 4113 1546 4171 si
1563 4117 1635 4184 quid
1653 4115 1808 4192 sapimus,
1826 4119 1911 4180 nrlnc
1925 4138 1971 4182 re·

208 4216 333 4279 semper
350 4203 479 4263 tolerare
496 4207 633 4279 cogetur.
651 4199 768 4272 Quanta
792 4199 886 4260 satius
910 4203 974 4260 erat
996 4213 1068 4258 ron·
1112 4194 1169 4255 bus
1187 4199 1299 4257 nostris
1315 4197 1658 4274 oonsularnns‚quando
1674 4205 1796 4276 tempus
1813 4202 1972 4268 habemus

207 4286 337 4350 tendere
355 4285 466 4347 intrare
485 4303 538 4363 per
555 4295 713 4362 angustam
732 4288 860 4362 portam,
878 4281 929 4342 ubi
944 4279 1065 4341 modico
1113 4279 1259 4340 lateinmus
1275 4295 1367 4348 nuno,
1383 4277 1453 4338 dnm
1471 4279 1554 4348 licet,
1569 4281 1649 4356 qued
1664 4288 1736 4341 tunc
1750 4282 1818 4344 sine
1832 4285 1894 4345 ulla
1917 4289 1972 4348 du·

207 4372 315 4433 labate
332 4369 379 4430 rel
396 4371 501 4430 dolore
515 4373 698 4444 sustentato,
713 4367 834 4444 requies
850 4373 880 4427 et
892 4365 1066 4424 iucunditas
1112 4362 1258 4422 bitatione
1275 4363 1441 4422 totocorde
1457 4360 1557 4423 lacere
1573 4409 1580 4438 ‚
1599 4362 1645 4425 rel
1662 4364 1774 4429 lecisse
1790 4369 1971 4445 cupiemus,

208 4452 384 4517 irrreuiturl
398 4453 433 4514 Et
449 4452 475 4514 si
491 4452 614 4530 quidem
633 4461 760 4528 possent
777 4449 917 4512 homines
930 4452 1066 4525 etaugu·
1112 4451 1139 4506 ει
1157 4461 1217 4507 non
1234 4445 1350 4506 licebit.
1723 4451 1727 4462 ·

370 4551 376 4559 a
