4044 6256
891 283 999 345 bians
1018 285 1172 347 tansitis
1459 349 1464 356 ἡ
1762 279 1815 346 bl'l

145 421 190 490 iiii
213 423 245 488 io
266 421 356 490 coelo
375 419 501 503 gloriam
524 419 664 498 donarit,
687 419 725 486 ab
747 417 839 485 exilio
860 419 993 486 illumin
1039 419 1225 506 aggreditur.
1249 419 1315 498 Quo
1340 425 1477 500 tempore
1500 415 1698 500 sigismundo
1725 415 1825 482 Primo
1841 416 1887 482 in·

151 507 278 590 patriam
299 505 459 582 resonarit,
477 527 495 569 e
518 505 675 584 nauiragio
697 507 728 567 in
744 509 863 584 portum
880 505 995 572 subdu·
1039 507 1119 590 clyto
1135 505 1278 570 inluniae
1293 503 1382 586 Regi,
1405 503 1472 568 aitis
1487 501 1601 577 multis,
1618 499 1824 583 gravibusque
1840 518 1885 568 re·

146 595 203 672 xii,
226 593 350 656 labores
371 587 439 654 eius
461 589 568 654 salutis
593 587 813 669 adipiscendae
832 591 927 669 gratia
943 605 993 653 su·
1038 590 1098 654 bus
1112 589 1240 664 intento,
1260 589 1348 652 miles
1364 589 1396 650 in
1412 589 1553 668 promptu
1570 587 1699 666 exiguus
1720 586 1886 651 admodum

145 682 271 756 sceptus
287 674 414 754 parenni
431 673 607 738 dulcissima
631 674 752 752 quieto3
769 679 799 736 et
814 675 992 737 maestitiam
1038 681 1114 737 erut.
1130 675 1193 738 ilex
1208 674 1299 753 igitur
1313 671 1459 750 optimus,
1474 671 1544 733 bina
1560 669 1659 733 solum
1671 669 1765 733 millia
1781 669 1887 734 ducio-

143 776 204 838 qua
225 758 344 823 Christo
367 757 398 818 ln
415 757 512 822 cruce
534 755 681 836 pendenti
703 755 874 819 condoleus
899 773 993 836 saepe
1036 756 1123 820 ribus
1139 756 1283 820 Gestoldo
1299 761 1329 819 et
1342 753 1458 818 Ioanne
1470 751 1656 836 Baracqnstrt
1669 752 1815 818 aduersus
1831 753 1885 818 lto·

145 842 268 924 saepius
287 839 664 919 tenebatur‚indeiicteuti
686 839 798 916 gaudio
814 854 993 919 compensa·
1036 845 1113 918 stes,
1137 857 1260 902 manum
1283 839 1508 902 tumultuariam
1533 838 1634 918 potius
1656 854 1746 914 quam
1768 836 1885 902 exerei-

19 989 22 1000 ,
142 924 194 988 rit.
211 924 296 989 [laxit
317 939 390 1004 ergo
411 925 464 988 iile
486 925 655 986 animorum
669 922 798 995 Parcus,
814 927 847 985 ut
860 923 992 988 huiusce
1035 927 1112 1002 tum,
1129 921 1263 1000 expedit.
1279 922 1401 986 Abeunt
1419 919 1467 984 iiii
1487 919 1579 985 divini
1597 919 1705 1002 magis,
1722 937 1811 999 quam
1829 920 1883 986 lru·

19 1001 22 1084 ἶ
141 1007 298 1072 felicitatis
315 1009 535 1085 optatissimus,
559 1006 650 1070 buius
674 1005 842 1082 mercedis,
859 1019 917 1082 qua
933 1022 992 1070 nee
1035 1007 1136 1071 manis
1149 1005 1208 1070 nixi
1220 1003 1606 1087 viribuspraecipuelliro
1618 1001 1766 1068 casimiro
1777 1001 1885 1090 (quem

19 1085 20 1096 ’
141 1107 275 1168 unquam
289 1089 411 1167 haberi,
430 1107 487 1154 nec
501 1089 625 1172 cogitari
641 1090 771 1167 amplior
784 1094 894 1168 potest,
909 1089 990 1169 capti
1036 1087 1251 1154 miraculorum
1279 1091 1356 1152 lama
1382 1089 1617 1153 celeberrimum
1643 1083 1812 1171 eiieoerat)
1829 1104 1883 1152 sua

139 1173 309 1248 desiderio,
326 1179 409 1237 tutos
431 1191 488 1238 nos
510 1176 547 1237 ad
563 1172 630 1238 eius
653 1171 851 1236 imitationem
867 1187 989 1237 courer·
1033 1178 1117 1248 ruta,
1134 1173 1417 1252 postulationesque
1433 1171 1576 1244 diceudo,
1593 1179 1624 1236 et
1638 1171 1814 1234 certaminis
1829 1171 1884 1235 du·

138 1261 253 1323 umus:
267 1257 318 1339 qui
332 1260 364 1320 et
375 1255 453 1320 ritae
464 1255 694 1321 laudatissimae
707 1256 860 1336 exemplo,
875 1262 905 1320 ci
915 1254 990 1320 inei·
1034 1255 1118 1320 bium
1141 1262 1282 1320 eventum
1306 1255 1535 1319 committendo.
1552 1255 1623 1318 Post
1637 1251 1741 1318 multis
1754 1253 1831 1320 iusta
1846 1255 1883 1318 ad

140 1338 242 1406 labilis
257 1339 367 1422 premii
382 1340 604 1420 magnitudine,
629 1356 762 1406 coronae
783 1340 990 1404 immarcesci·
1035 1355 1104 1404 eum
1118 1339 1432 1420 precibus,aurtttum
1445 1337 1528 1402 iliius
1539 1336 1885 1416 benignumexpariuo·

137 1422 215 1490 bitis
229 1441 287 1506 spe
302 1430 396 1500 certo,
412 1424 449 1487 ad
464 1425 512 1488 sui
529 1441 587 1488 nos
601 1423 803 1489 imitationem
817 1421 933 1488 inritat.
1034 1427 1093 1488 tur.
1110 1421 1228 1506 Quippe
1242 1424 1274 1488 iu
1287 1423 1337 1486 itia
1350 1421 1556 1504 expeditione,
1569 1421 1708 1485 coniecto
1720 1419 1884 1486 multorum

1033 1505 1153 1570 dierum
1168 1509 1289 1580 itinere,
1306 1508 1342 1570 ad
1356 1507 1471 1569 lionam
1487 1503 1614 1570 flurium
1631 1505 1821 1586 perveniunt,
1834 1519 1884 1568 ra·

193 1589 238 1658 Dc
251 1590 417 1659 Miroeuiia
430 1605 489 1670 pet·
503 1595 660 1672 cumpost
673 1597 809 1656 mortem
824 1589 931 1655 editis.
1033 1589 1135 1670 doque
1160 1590 1330 1672 irrepertu,
1353 1588 1489 1653 universi
1516 1589 1547 1651 in
1570 1588 1670 1652 littore
1695 1586 1881 1667 subsistunt;

1034 1670 1168 1750 dumque
1194 1675 1324 1739 nimium
1347 1673 1385 1737 de
1402 1673 1530 1736 transitu
1551 1679 1623 1736 sunt
1644 1672 1781 1747 solliciti,
1805 1687 1881 1737 ecoe

179 1756 216 1821 bi
231 1758 258 1823 si
276 1757 400 1839 quidem
424 1773 515 1823 nemo
529 1756 585 1821 iuii
599 1773 637 1822 eo
651 1758 742 1822 etiam
758 1761 908 1838 tempore,
926 1772 988 1836 quo
1034 1754 1087 1821 tibi
1108 1755 1229 1822 invenis
1251 1755 1401 1838 quispiam
1423 1755 1503 1820 cibis
1522 1755 1663 1836 amictus,
1681 1757 1776 1820 torma
1790 1755 1883 1820 deco·

138 1839 231 1905 buius
247 1842 326 1906 iueis
339 1858 431 1906 usura
444 1841 599 1906 iruebeiur
612 1839 791 1917 casimirus,
804 1839 857 1920 qui
868 1841 908 1904 de
920 1843 987 1905 eius
1031 1854 1096 1918 rus,
1114 1839 1362 1924 etspectabiiis,
1385 1839 1516 1903 candido
1538 1844 1644 1903 vectus
1666 1855 1761 1920 equo,
1785 1838 1823 1902 iis
1846 1855 1882 1904 se

137 1925 216 1988 ritae
234 1925 419 2004 integritate,
436 1926 624 2001 innocentia,
647 1932 678 1989 et
692 1926 852 1988 sanctitate
868 1923 987 1987 dubita·
1030 1925 1231 1999 spectandum
1252 1923 1369 1999 obiicit,
1392 1923 1537 2003 bonoque
1558 1937 1667 1987 omnes
1690 1939 1761 1986 esse
1776 1923 1881 1986 animo

135 2013 196 2087 ret;
210 2023 247 2072 eo
260 2007 403 2072 deiunoto
416 2015 530 2084 tamen,
542 2007 724 2072 incredibiie
736 2010 818 2072 dictu
831 2010 878 2070 est
890 2023 985 2085 quan·
1029 2003 1126 2084 iubet,
1143 2024 1240 2088 seque
1253 2009 1362 2072 ducem
1378 2012 1558 2086 sequantur,
1575 2007 1715 2086 imperat.
1732 2004 1814 2082 Quae
1829 2006 1881 2069 ubi

138 2090 176 2154 tis
193 2093 261 2155 eius
277 2092 369 2156 rirtus
384 2097 431 2156 est
446 2099 476 2154 et
487 2093 563 2154 ritae
576 2093 775 2154 sanctimonia
790 2090 829 2156 ab
843 2091 909 2171 ipso
922 2089 987 2170 piu·
1029 2088 1169 2166 dixisset,
1198 2091 1357 2156 coelestim
1384 2089 1517 2154 subditis
1543 2104 1625 2169 equo
1648 2090 1696 2153 cui
1713 2087 1880 2166 insidebat,

135 2189 202 2236 rum
219 2174 356 2238 omnium
372 2173 757 2253 idetisstmolqonotbeto
772 2183 986 2239 eiremunera-
1029 2172 1213 2252 calcaribus,
1236 2175 1353 2257 primus
1375 2171 1406 2236 io
1428 2171 1544 2236 flumen
1565 2171 1685 2250 insiliit,
1708 2172 1881 2254 vadumque

135 2261 202 2322 tore
216 2255 282 2321 Deo
313 2258 460 2322 illustrata
487 2257 647 2338 prodigiis.
664 2257 748 2321 ideo
771 2264 803 2322 ui
823 2255 987 2321 difficulter
1029 2253 1256 2335 demonstrans,
1272 2261 1478 2337 superatoque
1495 2255 1579 2319 nullo
1590 2256 1711 2335 negotio
1726 2271 1828 2333 amne,
1842 2254 1881 2319 ad

137 2339 301 2404 admodum
319 2356 426 2406 eorum
441 2355 587 2404 uumerus
602 2341 670 2404 iniri
688 2341 797 2422 possit,
813 2341 864 2420 qui
879 2356 982 2403 rerum
1027 2339 1124 2418 ripam
1138 2341 1260 2404 aiteram
1273 2341 1385 2413 saluus,
1400 2339 1529 2403 coeteris
1541 2338 1795 2420 inspectantibus,
1811 2355 1880 2415 pcr-

134 2422 382 2488 admirandsrum
397 2426 474 2488 lama
490 2423 581 2488 exciti
596 2439 630 2488 se
646 2424 682 2486 ad
700 2424 795 2502 ipsius
814 2424 984 2487 saeratissi-
1027 2423 1121 2486 venit.
1139 2423 1204 2499 Quo
1220 2423 1284 2488 riso
1300 2425 1403 2487 Potoni
1420 2423 1545 2501 milites,
1561 2421 1607 2485 rei
1624 2421 1754 2486 novitate
1769 2423 1880 2486 attoni·

134 2523 218 2568 mum
236 2507 386 2572 tumulum
402 2505 633 2587 recupurandao
648 2508 786 2571 sanitatis
800 2508 895 2587 gratia
911 2522 983 2570 con·
1028 2505 1060 2578 ti,
1076 2503 1188 2571 iisdem
1202 2506 1233 2571 iu
1245 2505 1381 2586 uestigiis
1394 2507 1446 2569 diu
1458 2507 1637 2584 bassarode
1650 2521 1750 2588 nequa
1765 2521 1879 2585 quous·

132 2589 272 2670 tulerint,
290 2609 325 2654 ac
348 2608 426 2670 quae
449 2591 616 2667 voluerant,
633 2591 854 2670 recuperarint.
870 2589 982 2654 Videre
1025 2605 1085 2669 que
1100 2589 1152 2654 iile
1167 2592 1286 2668 iterato,
1303 2597 1337 2654 ut
1351 2607 1385 2654 se
1408 2589 1517 2653 ducem
1541 2587 1686 2669 intrepidi
1709 2603 1895 2669 sequeren-¹

133 2671 186 2736 hic
201 2674 283 2738 enim
309 2691 403 2757 saepe
429 2690 557 2738 numero
583 2672 649 2747 iuit,
673 2691 734 2738 non
757 2672 858 2737 solum
878 2673 981 2738 caeeis
1023 2677 1084 2748 iur,
1101 2673 1389 2747 commoneiaeeret,
1406 2673 1474 2736 ioco
1490 2679 1662 2737 moverunt.
1678 2672 1878 2754 'laudemque

133 2756 290 2822 oculorum
317 2775 429 2835 usum,
455 2756 558 2822 surdis
582 2757 700 2820 aurium
727 2755 817 2820 motis
843 2756 979 2838 liuguae,
1025 2771 1090 2819 rem
1113 2757 1257 2822 diuinitus
1279 2759 1325 2837 agi
1342 2755 1631 2834 animadvertentes,
1655 2756 1736 2831 pieni
1753 2753 1826 2835 lide,
1843 2761 1874 2820 et

131 2838 389 2920 claudis'pedom3
403 2840 458 2905 sed
471 2840 553 2920 quud
566 2839 738 2903 mirabilius
751 2845 809 2917 est,
824 2839 982 2904 nonnuliis
1024 2837 1155 2911 fiducia,
1178 2856 1214 2904 ae
1238 2841 1410 2904 cateruatim
1435 2837 1623 2919 rapidissimi
1649 2837 1800 2909 fluminis.
1817 2853 1876 2920 quo

19 2927 20 2968 ³
131 2925 564 3000 quosmalorumexiremum
587 2922 741 2986 morsrita
765 2929 904 2985 etsensu
919 2924 981 3003 pri·
1023 2929 1108 3002 parto
1130 2923 1181 2987 ilie
1203 2924 1391 2988 monstrabat
1414 2919 1586 2987 discrimini
1611 2924 1876 2997 committuntat·

129 3013 261 3084 rarerot,
279 3014 309 3070 et
322 3007 402 3070 uitae
417 3013 447 3070 et
461 3023 574 3072 sensus
589 3006 702 3069 bonum
720 3006 806 3083 quasi
820 3011 889 3086 pust
901 3005 979 3070 limi·
1023 3021 1084 3084 qua
1106 3006 1277 3072 incolumes
1299 3010 1469 3070 transeunt.
1486 3002 1572 3080 Quod
1596 3021 1665 3069 eum
1687 3004 1803 3080 Duces,
1819 3003 1877 3070 Rc·

19 3095 21 3136 ⁷
131 3089 196 3166 nlo,
212 3087 280 3154 biri
296 3087 434 3154 Casimiri
449 3103 509 3172 ope
524 3086 619 3156 luisse
634 3090 820 3154 restitutum.
1021 3089 1154 3169 giusque
1169 3090 1322 3171 equitatus
1344 3089 1570 3169 conspexisset,
1593 3085 1776 3169 turonisque
1798 3090 1877 3154 inte·

1021 3187 1073 3236 rea
1096 3173 1194 3238 oculis
1219 3189 1325 3238 eorum
1347 3187 1418 3237 sese
1439 3171 1650 3246 subduxisset,
1675 3169 1873 3249 Gasimirum‚

539 3253 566 3319 Ι.
742 3313 744 3318 ,
1022 3269 1131 3320 omnes
1147 3257 1313 3331 clamitant,
1330 3254 1549 3336 eumdemque,
1565 3269 1655 3336 quem
1677 3255 1798 3319 itineris
1820 3255 1877 3320 du·

1022 3353 1102 3417 cern,
1119 3339 1210 3403 etiam
1234 3341 1343 3421 praetii
1369 3337 1571 3417 imminentis,
1600 3337 1796 3422 supplicibus
1818 3347 1879 3420 pro

170 3420 243 3487 Nam
270 3427 334 3486 erut
357 3422 461 3503 puelia
483 3421 591 3487 lliuao
612 3420 722 3486 Ursule
744 3421 879 3490 nomine,
897 3438 976 3501 quae
1022 3424 1206 3499 aequisque
1232 3421 1310 3486 rotis
1337 3427 1555 3502 promotorem,
1580 3429 1611 3486 et
1634 3421 1781 3488 iaubrem
1806 3432 1877 3488 exo·

128 3505 349 3586 superstitibus
363 3507 463 3570 adbuc
477 3504 671 3587 parentibus.
687 3505 768 3568 diem
783 3505 977 3585 obiitsupre·
1022 3510 1118 3585 piant.
1145 3507 1250 3587 Neque
1264 3505 1297 3570 iu
1312 3523 1421 3570 nanum
1448 3505 1579 3574 militum
1606 3505 1726 3586 piorum
1752 3506 1878 3571 oecide-

129 3606 225 3652 mum.
241 3586 295 3652 ilis
310 3605 392 3653 mora
406 3588 487 3652 ditae
502 3587 580 3652 adeo
595 3587 723 3653 molesta
734 3589 855 3666 accidit,
869 3595 899 3650 et
910 3606 976 3670 gra·
1020 3606 1053 3653 re
1069 3604 1190 3668 preces,
1213 3607 1282 3654 uam
1306 3607 1374 3654 cum
1391 3588 1489 3669 primo
1510 3589 1601 3671 signo
1616 3589 1698 3667 datu,
1716 3589 1747 3653 in
1764 3589 1874 3654 bostes

128 3672 186 3749 ris,
202 3677 235 3735 ut
250 3689 266 3734 a
281 3671 426 3737 sensibus
442 3687 521 3752 peno
536 3669 596 3751 ipsi
611 3671 745 3748 alienati,
763 3678 883 3748 praeter
898 3688 975 3735 mor·
1023 3678 1104 3736 tauto
1117 3673 1236 3739 uiribus
1250 3672 1440 3752 superiores,
1457 3672 1603 3749 impetum
1626 3671 1788 3747 iecissent,
1805 3672 1877 3738 illus

129 3754 234 3818 talium
251 3770 445 3819 communem
468 3754 736 3828 consuetudinem,
753 3754 850 3835 magis
865 3753 904 3818 de
917 3753 975 3818 rita
1020 3760 1104 3836 terga
1119 3763 1248 3832 vertere,
1272 3761 1302 3821 ei
1316 3756 1479 3819 obsidione
1502 3757 1594 3820 otiam
1615 3754 1727 3820 inritos
1750 3755 1875 3823 soluere

128 3834 188 3899 blia
204 3838 407 3910 restituenda,
424 3855 516 3915 quam
537 3837 577 3901 de
592 3837 680 3901 iustis
701 3844 838 3902 mortuae
853 3839 975 3902 sciren·
1018 3846 1198 3919 coegerunt,
1214 3840 1389 3917 multosque
1404 3837 1608 3902 internecioni
1633 3839 1798 3917 dederunt,
1819 3855 1871 3904 ue·

126 3916 187 3987 dis.
206 3918 460 3998 cogitarentouo
475 3920 507 3982 in
523 3920 644 4000 negotiu
660 3920 731 4000 quid
748 3920 896 4001 agerent?
911 3937 973 4002 quo
1020 3938 1080 3997 que
1097 3923 1259 3999 pauciores
1275 3924 1306 3985 in
1320 3921 1495 3987 seruitutem
1508 3921 1651 3986 biosobos
1664 3921 1870 3989 adduxerunt.

126 4014 161 4063 se
176 4001 344 4063 verterent?
359 4018 427 4064 cum
444 4003 574 4065 bonoad
589 4017 653 4065 rem
676 4003 758 4067 uuila
782 4005 912 4068 bumana
929 4003 973 4068 ris
1017 4003 1151 4069 Victoria
1171 4011 1254 4086 parta
1268 4004 1389 4080 Potoni,
1414 4004 1548 4068 divinam
1570 4020 1661 4084 opem
1684 4021 1868 4086 agnoscere,

126 4087 177 4146 aui
197 4081 347 4146 industria
368 4082 535 4160 sufficeret,
552 4084 589 4146 ad
612 4085 746 4148 divinam
768 4103 803 4151 se
817 4093 973 4152 converte·
1017 4087 1188 4152 solemnem
1211 4090 1369 4170 hymnum,
1384 4086 1428 4150 ‘le
1442 4087 1539 4149 Deum
1562 4087 1722 4151 laudamus
1742 4103 1870 4167 canere,

126 4171 207 4240 runt,
230 4170 321 4246 atque
347 4166 400 4229 ubi
426 4166 557 4244 primum
579 4165 643 4228 lliri
667 4165 803 4231 casimiri
826 4169 971 4234 memoria
1019 4169 1156 4235 Gasimiri
1178 4173 1318 4234 virtutem
1342 4170 1506 4244 extoliere,
1530 4185 1657 4249 remque
1678 4169 1756 4250 Regi
1779 4169 1874 4236 simui

127 4257 262 4312 mentem
276 4247 381 4322 subiit,
398 4248 455 4316 visi
470 4255 541 4313 suot
552 4248 642 4311 ambo
654 4264 716 4312 aon
731 4250 806 4313 nihii
821 4253 972 4329 respirare
1018 4255 1147 4329 captivis
1158 4253 1293 4317 iioscbis
1304 4251 1449 4318 divinitus
1459 4255 1874 4335 gestamsuouseripiamque

127 4329 199 4410 quto
215 4330 325 4416 mulla?
339 4337 439 4395 notum
454 4330 581 4408 iaciunt,
597 4339 794 4396 sacrosancta
815 4333 902 4416 adpia
919 4336 971 4399 ubi
1018 4336 1236 4400 transmittare.
1254 4336 1337 4412 Quae
1352 4335 1429 4400 odeo
1444 4331 1555 4416 Regem
1572 4338 1747 4414 commorit,
1764 4344 1797 4401 ut
1808 4352 1871 4401 nou

128 4412 308 4493 quiescebat
330 4412 498 4480 Gasimirus
519 4416 643 4492 adeunt,
666 4415 762 4494 luctu,
785 4420 816 4481 et
830 4417 971 4498 iacrymis
1017 4418 1117 4481 solum
1132 4419 1169 4480 ad
1185 4420 1293 4483 aedem
1308 4433 1426 4484 sacram
1440 4420 1628 4500 agendarum
1643 4418 1721 4496 Deo,
1740 4425 1770 4484 et
1785 4419 1869 4484 (lasi-

126 4496 228 4560 omnia
245 4497 412 4584 complent,
435 4498 569 4562 clamore
591 4515 626 4560 au
643 4499 788 4577 precibus
804 4500 912 4580 sydera
928 4500 969 4563 ie·
1016 4501 1093 4563 miro
1113 4503 1276 4580 gratiarum
1299 4517 1391 4565 causa
1407 4518 1441 4564 se
1457 4501 1560 4565 subito
1575 4503 1743 4580 contemne
1758 4519 1865 4568 aarum

124 4577 216 4656 riuoi,
227 4578 362 4644 Casimirt
376 4598 490 4644 numen
503 4587 652 4646 einomen
666 4581 969 4662 ingeminant,opem
1015 4582 1104 4648 etiam
1121 4586 1231 4648 sertam
1246 4588 1333 4650 sede
1346 4583 1493 4648 Casimiro
1509 4585 1539 4646 iu
1553 4583 1691 4648 divorum
1705 4601 1867 4650 numerum

123 4659 299 4743 implorant,
315 4665 456 4740 spiritum
473 4663 635 4729 deiunctae
656 4662 737 4728 dilue
752 4665 870 4730 restitui
885 4665 969 4746 ilagi·
1014 4664 1177 4731 relerendo
1196 4667 1410 4746 cogitationem
1432 4673 1647 4747 suscepturum
1663 4669 1868 4747 promitteret.

125 4743 322 4811 tantdudirit
333 4745 499 4812 (iasimirus
511 4747 837 4830 precantesiacrymas
850 4747 969 4828 piorum
1014 4747 1125 4814 Verum
1142 4749 1215 4829 quid
1230 4752 1349 4817 ereoitl
1362 4750 1481 4816 istbaec
1496 4753 1598 4816 minus
1613 4751 1722 4818 sedulo
1736 4754 1867 4819 tortasse

123 4836 297 4906 pareutum,
319 4846 355 4894 so
375 4827 467 4895 fldem
494 4831 651 4911 respexit,
673 4831 870 4912 puellamque
893 4848 971 4896 mur·
1017 4838 1156 4915 agentes.

126 4919 204 4975 tuam
221 4913 299 4978 ritae
313 4913 404 4977 simui
427 4930 463 4979 ao
476 4915 604 4979 maestis
626 4914 805 4994 parentibus
826 4911 972 5002 diuinitus

19 5027 20 5098 3
125 4995 267 5061 restituit.
1410 5000 1467 5068 ΠΙ.

1059 5163 1101 5229 lia
1116 5165 1178 5232 sibl
1192 5182 1274 5232 anno
1289 5168 1432 5248 sequenti
1448 5165 1593 5232 tiosotms
1610 5167 1764 5252 superiori
1778 5169 1866 5236 aloda

165 5241 249 5308 idda
270 5243 329 5310 boo
350 5243 418 5311 ioco
440 5249 471 5310 et
485 5244 631 5324 atterum,
648 5248 729 5326 quod
745 5245 802 5311 etei
818 5246 877 5312 isto
892 5246 969 5312 inie—
1015 5246 1188 5324 immanior,
1206 5249 1396 5330 ierooiorque
1411 5249 1541 5316 eiiectus
1552 5250 1708 5337 ingentem
1724 5253 1755 5316 in
1768 5254 1866 5334 ipsam

124 5327 187 5390 rius
201 5327 413 5405 admiratione,
430 5329 468 5392 ad
485 5327 623 5394 casimiri
638 5332 827 5394 sanctitatem
842 5332 969 5394 demon·
1015 5330 1206 5397 Liiiruouiam
1234 5337 1400 5399 exercitum
1426 5333 1563 5412 inducit,
1587 5338 1752 5414 omniaque
1778 5335 1863 5400 nulio

123 5409 289 5484 strandum,
306 5410 404 5476 nibiio
420 5416 520 5476 tameo
539 5415 653 5477 minus.
668 5413 789 5478 Etenim
808 5430 888 5479 auno
904 5415 967 5478 mii·
1016 5423 1086 5479 anta
1097 5416 1214 5480 indicto
1226 5418 1306 5482 boile
1318 5417 1463 5490 flammis,
1476 5426 1506 5483 et
1518 5417 1596 5482 ierro
1609 5421 1668 5482 iaie
1680 5420 1864 5499 vastat.Quo

123 5492 231 5558 tesiam
247 5494 496 5576 quingentesimo
511 5494 760 5574 decimoootaro,
774 5497 967 5563 liosuburum
1016 5504 1074 5562 tam
1097 5500 1272 5578 periculoso
1295 5501 1426 5578 turbine,
1450 5518 1486 5566 ac
1508 5501 1662 5580 insperata
1679 5507 1863 5582 tempestate

124 5574 188 5640 ltux
202 5577 316 5642 nostrie
327 5577 405 5642 nibil
416 5578 635 5659 cogitantibus
648 5587 739 5661 atque
752 5595 790 5645 ex
801 5581 966 5661 improvisu
1012 5583 1167 5660 perculsis
1181 5582 1351 5663 Ltiiruanis,
1368 5599 1470 5662 neque
1492 5583 1670 5663 consitium,
1688 5601 1791 5665 oeque
1808 5605 1864 5652 au·

123 5673 221 5724 arcem
235 5657 437 5754 Polucausem
460 5675 521 5726 oon
544 5665 645 5742 porris
666 5663 766 5744 copiis
786 5678 965 5746 oppugnare
1011 5665 1118 5730 sitium
1143 5663 1340 5747 suppetebat.
1362 5665 1438 5732 ilum
1459 5667 1537 5732 ailus
1558 5667 1682 5733 bostilis
1704 5669 1863 5751 gladiose
