4080 6252
803 347 908 410 ctus-n
929 347 1065 411 enisus
1120 354 1123 362 ’
1668 350 1720 414 titt

6 469 9 516 ¹
45 485 167 562 rensls,
181 503 250 550 euna
264 487 532 550 uidisseisaoetum
546 483 900 568 PontiiicemSylreriunn
984 485 1018 550 S.
1041 485 1205 566 Gregorius
1226 487 1429 552 Nazianzenus
1451 485 1480 549 in
1496 487 1632 552 aratione
1654 486 1690 550 ad
1706 485 1793 554 Cives

6 557 9 598 ¹
42 569 89 633 sb
106 569 294 650 Imperatore
309 569 463 632 haeretico
485 586 590 645 parunt
614 570 743 631 ltonesta
766 571 900 634 trabiturn
944 585 1018 634 suos
1034 574 1140 636 tirrrure
1158 573 1328 648 perculsos.
1352 575 1381 634 ei
1404 569 1573 648 Principem
1596 571 1791 646 irascentem,

6 635 9 728 i
46 656 244 726 exclamauit,
258 654 453 715 naultos'csse
467 649 565 731 {leges
577 654 607 714 in
622 653 747 729 mundo,
764 657 818 718 sed
836 655 902 718 nul·
948 673 961 716 ι
979 653 1022 717 bo
1040 671 1100 730 me,
1115 654 1234 734 inquit,
1257 655 1354 718 libera
1378 655 1551 725 tonuenietn
1574 669 1671 730 aequo
1691 655 1793 716 anime

6 733 8 760 ¹
47 735 116 798 tuan
142 738 245 810 tulero,
262 736 362 814 ousiis
377 743 422 798 esi
444 734 496 797 itte
513 735 647 798 Pontiicx
663 735 827 813 tinnanus,
850 739 902 816 uui
950 735 1082 799 claretis
1094 743 1111 800 P
1125 737 1196 802 liam
1214 755 1265 800 uos
1281 741 1401 817 quoque
1417 752 1501 798 meae
1514 739 1666 814 potestati,
1681 735 1792 818 meisu3

6 805 8 880 i
45 826 176 896 praeest
198 819 346 882 Ecclesiis
369 820 459 880 tutius
482 817 599 880 artandi.
623 817 738 892 Quarrtu
760 835 843 896 nero,
864 823 904 883 sit
950 821 1137 883 nsubscltiis
1160 821 1205 885 ier
1229 821 1337 887 Clauisti
1359 818 1500 882 subiecit.
1523 818 1688 898 lnrperiurn
1711 819 1792 882 enim

6 883 8 930 ι
46 901 217 966 ιιιιιιιιοιιιιι
233 901 392 983 potestatis
413 900 589 964 Pontiiiciae
610 917 701 982 sopor
724 911 902 980 patestatem
951 923 964 963 u
982 903 1039 979 ipsi
1056 919 1177 984 quoque
1199 906 1350 986 gerimus,
1368 903 1446 966 addo
1469 901 1556 964 etiarn
1581 899 1793 979 praestantius.

6 971 8 1012 ⁵
44 983 168 1065 lienum
195 992 225 1048 et
249 983 423 1063 Principum
451 990 654 1060 terrenarum,
685 987 794 1048 dircen!
818 987 904 1051 multi
951 985 1039 1050 aliosi
1054 1003 1124 1049 uero
1140 1003 1270 1062 acanum
1287 984 1489 1065 sit,spiritum
1512 986 1595 1046 carni
1613 985 1706 1046 iatccs
1722 984 1793 1047 sub·

6 1053 8 1096 ³
44 1065 169 1130 Patres.
187 1067 247 1130 Sed
264 1083 322 1146 epo
345 1068 403 1130 boc
424 1065 493 1128 lucu
514 1073 677 1131 contentus
698 1085 751 1132 cro
767 1069 904 1134 testinno-
950 1087 961 1131 ι
982 1073 1110 1136 mittere.
1127 1077 1176 1132 aut
1191 1071 1333 1133 caelestia
1351 1067 1479 1130 terrenis
1494 1068 1604 1130 cedere
1622 1083 1650 1130 ι.

6 1141 7 1230 Τ
45 1149 103 1212 nio
126 1151 224 1214 saneti
238 1150 394 1223 bernardi,
411 1151 461 1227 uui
477 1150 522 1214 sic
538 1148 672 1226 luouitur
686 1152 723 1212 ad
738 1151 904 1232 Imperutu·
989 1153 1020 1215 S.
1036 1151 1166 1216 Ioannes
1182 1151 1416 1236 chrysostomus
1438 1147 1515 1212 libro
1531 1151 1620 1213 lertio
1635 1149 1673 1210 cle
1688 1148 1793 1212 Sacer·

6 1255 7 1262 ¹
44 1231 904 1314 remconrzdam.rLegiinqan'i.omnisanirnupote·
948 1235 1032 1296 detio
1047 1235 1091 1298 sie
1105 1235 1251 1312 inuenitur,
1269 1234 1491 1297 Sacerdotium
1505 1232 1614 1310 liepno
1632 1237 1721 1296 tantu
1736 1237 1792 1306 est,

6 1337 7 1346 ¹
50 1318 218 1382 «statibus
232 1313 465 1380 sublimioribus
486 1315 608 1378 subdito
630 1316 687 1396 sit;
710 1325 738 1378 at
754 1318 805 1398 qui
822 1328 905 1396 pote·
948 1318 1169 1390 excellentius,
1186 1325 1341 1398 quantum
1362 1316 1494 1396 spiritus
1517 1320 1546 1378 ei
1566 1316 1674 1380 curnis
1695 1315 1792 1380 inter·

50 1416 66 1460 ι
85 1403 157 1462 stati
173 1399 300 1464 resistit.
323 1397 377 1462 Dei
399 1399 583 1462 ordinationi
606 1402 733 1464 resistit.
757 1417 846 1478 cuam
863 1411 904 1464 ta·
946 1401 1069 1464 uoltum
1084 1404 1270 1478 essepotesi.
1288 1409 1316 1462 ct
1334 1401 1390 1462 boc
1406 1397 1509 1460 multis
1524 1399 1711 1480 argumentis
1727 1412 1794 1476 pru·

51 1499 155 1546 anien
175 1481 370 1554 senientiam,
393 1481 483 1560 cupio
506 1498 558 1546 tos
579 1489 608 1542 ct
634 1483 778 1548 erunibus
793 1501 904 1548 znoareo
947 1485 1009 1546 bat.
1027 1483 1171 1562 Loquitur
1193 1480 1689 1552 aaron-uacancroma-arnono,
1706 1479 1798 1542 idest

50 1565 243 1630 reustudirc
265 1567 295 1627 in
318 1563 488 1628 exbibenda
510 1568 680 1628 rercrcutia
702 1584 851 1643 summae,
875 1576 905 1629 et
947 1567 985 1630 de
1001 1565 1198 1646 Episcopatu.
1214 1567 1257 1630 Er
1273 1565 1373 1628 multis
1389 1563 1557 1627 rationibus
1573 1581 1661 1625 unam
1679 1569 1796 1639 praeia-
1856 1603 1857 1608 κ

49 1665 64 1708 r
82 1647 277 1728 spostolicae
289 1647 374 1726 Secti,
388 1655 417 1710 et
429 1645 463 1710 B.
476 1647 555 1711 Petri
570 1647 696 1721 i'icario,
711 1651 791 1714 sicut
804 1650 902 1728 ipsum
946 1651 1006 1714 rire
1022 1651 1105 1712 noio.
1122 1649 1280 1724 adiabeni,
1292 1649 1411 1730 iniquit.
1426 1656 1454 1708 ct
1468 1651 1626 1710 terrestres
1639 1645 1796 1724 Principes

47 1749 61 1792 r
82 1731 171 1796 subis
186 1730 277 1794 uultis
292 1732 330 1792 ab
346 1733 489 1794 uniuerso
504 1731 615 1793 seruari
633 1730 765 1812 imperio
780 1752 808 1794 r:
826 1735 903 1798 baec
950 1749 963 1794 u
982 1732 1092 1795 rinculi
1110 1741 1289 1810 potestatem
1304 1751 1313 1808 ς
1330 1747 1432 1794 uerum
1449 1747 1608 1808 corporum
1627 1729 1725 1792 solum
1739 1745 1749 1791 ι
1765 1727 1795 1792 id

43 1813 116 1890 iiie,
134 1817 186 1894 uui
202 1814 377 1880 Puniidcem
400 1813 476 1876 Petri
499 1812 648 1876 luceolum
676 1819 822 1891 nominat,
841 1833 901 1880 non
950 1823 1079 1878 cautem
1094 1815 1175 1894 uuod
1192 1815 1259 1879 dieu
1274 1815 1448 1880 Sacerdotis
1469 1811 1635 1890 vinculum,
1654 1813 1749 1890 ipsam
1765 1829 1795 1872 a·

43 1900 131 1972 cuod
150 1915 211 1962 nun
226 1899 265 1960 sit
282 1896 390 1960 cinisii
405 1895 553 1966 Picarias,
571 1899 623 1960 sod
647 1899 727 1978 quud
750 1899 900 1961 vicarium
950 1915 963 1960 a
981 1898 1090 1960 nimam
1107 1898 1266 1977 contingit,
1282 1906 1372 1974 atoue
1394 1899 1430 1958 arl
1454 1895 1556 1958 caelus
1579 1911 1675 1970 usuue
1693 1911 1795 1974 perne·

43 1995 104 2062 pro
126 1997 310 2044 successura
336 1987 499 2058 acceperet.
523 1977 594 2042 Nato
619 1980 648 2042 in
672 1985 809 2047 secundo
823 1982 902 2048 libro
950 2001 963 2043 u
981 1983 1035 2044 dii.
1051 1981 1199 2057 Etinfrn,
1216 1981 1286 2043 iiam
1303 1981 1388 2059 quasi
1403 1981 1460 2039 iam
1474 1977 1503 2040 in
1517 1979 1633 2040 caelum
1648 1976 1795 2056 trarrsiuti,

46 2064 88 2128 de
101 2062 353 2128 Consideraiione
366 2072 469 2141 aperta
481 2070 565 2126 uocat
580 2065 712 2126 erenricus
724 2065 901 2130 Pontidccm
950 2081 1016 2126 rac
1031 2081 1121 2142 supm
1145 2065 1306 2128 laumanarn
1324 2071 1460 2124 araturam
1484 2061 1586 2138 positi,
1604 2067 1694 2137 atque
1709 2076 1724 2121 a
1742 2077 1794 2120 nu·

45 2156 200 2226 potestate
215 2147 348 2224 Pcirutn,
366 2155 395 2209 ei
410 2147 554 2210 unctione
575 2144 738 2210 Cirristurr.
949 2143 1050 2210 nstris
1076 2145 1235 2209 affectibus
1258 2145 1401 2221 arcannii,
1420 2145 1465 2206 sie
1481 2144 1523 2206 itli
1540 2147 1576 2204 ad
1595 2144 1795 2222 principatum

950 2247 963 2291 o
981 2231 1071 2294 istum
1088 2230 1223 2306 perducti
1239 2234 1323 2294 sunt.
1340 2226 1415 2302 Quid
1433 2225 1551 2288 multat
1574 2227 1632 2289 lter
1649 2227 1758 2302 aliquis
1770 2223 1795 2288 si

950 2331 963 2374 a
978 2314 1026 2374 cui
1043 2329 1077 2376 ex
1094 2313 1226 2376 subditis
1241 2311 1388 2374 bonorem
1401 2311 1483 2372 laune
1498 2309 1652 2385 detulerit,
1665 2314 1697 2372 ut
1711 2309 1794 2388 pute·

408 2393 489 2460 GdP.
512 2395 548 2462 t.
716 2465 719 2472 Δ
951 2402 1087 2460 asiaietn
1118 2395 1228 2458 lrabeat
1248 2407 1458 2471 quoscumque
1487 2392 1565 2453 roiet
1592 2393 1622 2452 in
1645 2407 1795 2452 carcerem

858 2545 860 2552 ,
951 2497 964 2539 ιι
982 2479 1176 2552 coniiciendi‚
1194 2478 1340 2557 eosdemq
1355 2472 1625 2552 3rursus1araudi,
1641 2472 1747 2536 beatus
1760 2472 1794 2535 il·

951 2581 963 2622 a
981 2561 1010 2624 ie
1026 2567 1056 2625 ei
1067 2561 1264 2626 adrnirandus
1279 2561 1391 2622 iudicio
1406 2559 1540 2621 omniurn
1556 2557 1667 2619 luerit:
1684 2559 1714 2617 at
1725 2571 1796 2618 reru

175 2623 218 2691 ΒΕ
233 2623 511 2724 ‘’ifiPPJ'Pl'PPfPi'8
528 2627 701 2693 Cfiffflfi'stlii'
716 2645 792 2712 ⁰79⁰
952 2641 1034 2721 inei
1061 2662 1076 2704 a
1104 2645 1164 2706 lieo
1190 2651 1270 2706 tanto
1296 2643 1439 2704 maiorem
1463 2639 1579 2717 accepit
1603 2644 1794 2718 potestatam,

284 2709 480 2790 EWCPPPP
492 2714 676 2792 PY⁰P²W²P
952 2745 965 2788 n
983 2734 1095 2804 quanto
1110 2727 1227 2790 caelum
1246 2735 1323 2788 terra
1340 2721 1694 2804 pretiosiusesi,uuantu
1706 2719 1794 2784 ctiam

787 2813 789 2820 “
954 2829 966 2871 ι
985 2811 1104 2872 animae
1121 2808 1301 2889 corporibus
1317 2811 1481 2886 praestant,
1499 2804 1651 2868 bicallem
1667 2802 1794 2882 dignita·

952 2911 966 2954 ι
984 2900 1042 2956 tent
1058 2887 1217 2968 ac'cepisse
1233 2887 1328 2954 uideri
1344 2889 1469 2968 putesil

95 2965 186 3030 Beata
203 2965 319 3042 eternas,
333 2967 384 3032 our
400 2987 436 3032 nr
460 2986 570 3050 nanno
585 2970 666 3033 rinno
688 2967 742 3032 nat
765 2970 903 3051 coniicit.
991 2974 1265 3039 senseresensere
1286 2973 1364 3040 titan
1385 2974 1423 3033 ue
1444 2971 1588 3050 degustata
1610 2967 1794 3032 sacerdotati

51 3056 84 3112 ut
98 3049 212 3112 trabere
226 3049 400 3130 Principem
416 3053 510 3132 pinna,
525 3061 553 3114 et
566 3053 750 3134 Episcopum
766 3064 903 3118 sanetum
950 3075 1017 3136 cap.
1034 3060 1182 3121 secundo.
1202 3076 1215 3118 a
1233 3057 1345 3128 lionor,
1361 3056 1480 3136 inquit,
1498 3061 1526 3116 ci
1542 3049 1713 3114 sublimiias
1726 3049 1795 3128 Epi·

50 3140 83 3199 ιι
98 3131 151 3210 uui
169 3133 247 3197 inter
263 3151 297 3195 se
314 3135 467 3198 coniuncti
484 3137 593 3198 animis
609 3141 639 3198 ci
654 3135 775 3210 studiis,
788 3139 840 3198 toti
858 3153 905 3198 es·
952 3161 965 3204 u
983 3141 1117 3219 scopulis
1143 3139 1243 3202 nullis¹
1261 3139 1371 3217 poterit
1399 3135 1677 3214 comparationibus
1707 3137 1796 3195 adara·

50 3225 124 3278 sent
142 3217 172 3278 in
195 3218 310 3295 pupulo
333 3217 391 3279 sibi
414 3221 578 3282 conamisso
601 3224 682 3280 reete
705 3219 905 3298 garirernando
953 3235 966 3284 ι
984 3225 1081 3298 uuari.
1099 3223 1129 3286 Si
1145 3223 1262 3302 liepum
1274 3220 1381 3298 sulpuri
1395 3233 1565 3295 compares,
1580 3224 1608 3280 et
1621 3216 1796 3294 Principum

50 3299 211 3379 occupati.
238 3296 297 3361 Sed
330 3301 446 3362 utinarn
477 3317 536 3363 aron
551 3302 695 3380 ,quotidie
717 3299 904 3374 audiremus,
953 3305 1158 3381 odiartcanaii,
1188 3307 1278 3384 lunge
1294 3307 1350 3364 erit
1373 3301 1512 3370 interius.
1529 3316 1618 3376 apuam
1636 3299 1662 3361 si
1681 3299 1797 3378 plumbi

51 3381 213 3462 Principes
229 3398 297 3444 curn
314 3381 474 3464 Episcopis
490 3385 633 3459 rixantes,
658 3384 705 3445 uel
722 3383 759 3446 de
781 3399 906 3462 praece·
953 3389 1140 3450 amcialium
1163 3387 1199 3450 aci
1222 3387 1286 3450 auri
1310 3386 1457 3458 latrarem
1485 3398 1655 3461 comitates.
1680 3383 1799 3462 Quippe

7 3481 8 3522 ι
51 3463 169 3542 dcrrtia,
184 3466 232 3528 rel
255 3467 294 3526 de
320 3466 535 3531 ernulurnentis
563 3468 792 3546 temperantibus,
820 3470 906 3544 uarasi
954 3490 967 3534 u
985 3489 1052 3534 cuna
1069 3471 1170 3534 ridens
1185 3471 1300 3549 liegnm
1316 3468 1404 3542 coila,
1423 3473 1451 3527 et
1473 3465 1646 3542 Principum
1663 3465 1799 3528 submtiti

7 3595 8 3602 ι
52 3563 115 3610 non
130 3562 283 3626 essaenos,
299 3547 474 3615 Christiani.
495 3557 524 3611 et
545 3565 605 3611 nou
628 3550 764 3626 quotidie
787 3550 816 3610 in
834 3558 907 3612 terrr-
955 3554 1117 3630 npcoibus
1139 3553 1348 3627 Sacerdotem,
1372 3554 1402 3612 ei
1423 3547 1606 3612 exosculatis
1621 3563 1725 3608 eorum
1748 3551 1800 3609 de·

7 3649 9 3700 i
53 3631 906 3712 palisaudisseanusnrapistrumlicumnolds‘diccntent,
954 3629 1796 3699 extris.orationiituseorumereduntseeommunirin.

7 3755 8 3766 .
55 3733 69 3776 u
90 3712 146 3787 Qui
162 3730 196 3777 se
212 3714 348 3777 humiliat
365 3716 556 3794 exaitabitur,
571 3721 600 3776 ei
614 3717 664 3793 uui
681 3732 715 3778 se
730 3714 840 3777 eraltnt
854 3716 908 3778 Ιιιι-
992 3719 1023 3782 S.
1040 3717 1204 3793 Gregorius
1216 3717 1246 3780 in
1262 3715 1389 3793 epistola
1402 3715 1438 3776 nd
1453 3713 1620 3776 ltanrttiurn
1636 3712 1801 3788 imperato·

55 3815 70 3858 r
91 3797 268 3861 tanitinbilur.
286 3805 325 3860 ci.
344 3798 455 3861 Discite
470 3815 486 3860 a
504 3814 563 3874 aare,
587 3799 657 3874 quia
680 3797 761 3860 milis
776 3814 855 3862 suin.
878 3808 908 3863 ei
953 3815 1031 3874 rem,
1049 3817 1126 3873 uuae
1142 3807 1187 3864 est
1201 3799 1351 3864 tricesima
1364 3798 1431 3860 iibri
1446 3799 1556 3874 quarti.
1574 3793 1678 3869 tuate
1693 3793 1801 3856 mirum

7 3927 8 3932 ,
56 3900 71 3940 ιι
90 3878 214 3941 irarnnitis
230 3883 334 3956 corde,
358 3888 398 3944 ei.
423 3881 478 3954 Qui
496 3883 589 3943 maior
604 3885 651 3944 est
673 3883 750 3943 inter
766 3897 831 3956 ros,
857 3879 908 3944 ilat
955 3885 1103 3962 rinqnit,
1121 3885 1146 3945 si
1163 3884 1233 3946 illos
1247 3889 1346 3944 restra
1370 3881 1467 3960 pietas
1482 3879 1623 3958 dignetur
1638 3880 1801 3952 bonorare,

7 3997 8 4002 κ
59 3982 74 4022 ιι
93 3965 172 4024 sicut
199 3967 308 4034 rntnnr,
336 3971 366 4024 et
391 3967 442 4042 uui
470 3979 648 4040 praecessor
663 3970 710 4026 est
724 3965 802 4026 sicut
820 3965 907 4026 ruini·
956 3967 1097 4038 cunibus
1111 3965 1141 4028 in
1156 3981 1213 4028 suu
1230 3963 1352 4042 eloquio
1365 3964 1511 4025 iaonorcua
1526 3959 1674 4029 tribuens,
1687 3964 1804 4025 oosaui

7 4063 8 4106 l
56 4063 71 4106 r
91 4043 346 4108 succinentium
369 4054 468 4110 autem
491 4055 537 4108 esi
559 4050 669 4109 ueritas
684 4044 847 4131 (uuidqold
863 4046 908 4109 ln·
956 4066 968 4108 u
985 4048 1130 4125 Angelos,
1154 4053 1203 4110 aui
1225 4046 1287 4110 lieu
1309 4049 1376 4124 ipse
1398 4046 1487 4108 eiiam
1514 4045 1667 4121 appellant
1692 4041 1803 4104 Deus?

7 4149 9 4194 i
57 4128 222 4190 troduserit
239 4128 268 4190 in
286 4128 376 4190 nortis
398 4129 474 4190 iocis
497 4130 542 4192 acl
564 4131 689 4194 arniritio
711 4130 756 4192 uel
779 4146 908 4192 consoc-
956 4149 968 4191 a
987 4131 1198 4194 Ecclesiastica
1215 4145 1335 4210 cunque
1348 4135 1473 4191 instatur
1489 4127 1627 4189 tristaria.
1645 4125 1717 4198 Ouia
1732 4141 1801 4188 cnm

56 4209 155 4286 iudai
180 4209 352 4288 Episcopus
378 4219 424 4274 cst
449 4213 548 4286 Pater,
565 4221 593 4274 et
615 4212 728 4290 Pastor,
746 4220 776 4274 et
800 4213 908 4274 tinctor
956 4215 1030 4290 apia
1045 4218 1207 4278 memoriae
1224 4212 1398 4274 Costnntino
1416 4211 1545 4284 Principi
1563 4211 1592 4268 in
1617 4207 1733 4282 scripto
1748 4211 1801 4268 ob·

7 4315 9 4360 ι
55 4301 115 4355 iarn
131 4293 283 4370 Principis
305 4311 394 4374 quoru
417 4295 527 4372 reliqui
545 4297 715 4375 poputtzct
736 4297 906 4356 secundum
955 4298 1061 4358 cintae
1087 4295 1298 4360 accusationes
1327 4300 1429 4354 eontra
1452 4289 1622 4370 Episcopos
1642 4288 1795 4351 luissent:

7 4399 9 4446 ι
54 4375 132 4439 baec
147 4376 271 4440 nentina
297 4379 441 4456 Princeps
458 4376 616 4440 subiectus
638 4393 708 4440 esso
731 4376 909 4456 debctlipi·
956 4397 968 4440 n
986 4379 1108 4442 libellos
1123 4379 1246 4454 nunidem
1262 4374 1465 4438 accusationis
1481 4377 1610 4448 accepit,
1627 4376 1656 4432 ci
1672 4371 1799 4434 eosdem

8 4463 10 4528 i
56 4475 165 4538 scopo.
181 4477 241 4522 nun
257 4459 427 4538 Episcopus
442 4460 586 4538 Principi.
604 4458 746 4534 Quamuis
761 4462 841 4523 enirn
858 4463 909 4522 itia
959 4461 1040 4538 anari
1066 4461 1197 4524 oeensati
1226 4459 1345 4520 luerent
1371 4457 1541 4534 Episcopus
1563 4471 1745 4522 convocans.
1771 4457 1801 4516 in

8 4569 10 4610 i
58 4541 183 4604 nentina
197 4543 294 4620 nrarpis
309 4543 490 4606 conveniant
513 4558 632 4605 surrruru
654 4541 803 4618 Pontiiici,
821 4559 909 4621 quana
958 4561 971 4603 a
990 4560 1092 4605 corum
1109 4550 1276 4614 consepctu
1293 4539 1415 4603 libellus
1430 4541 1687 4614 ouusaccepcrat,
1701 4535 1806 4600 incen-

8 4637 11 4696 ἰ
60 4625 297 4706 particularibus
312 4625 496 4706 Episcopis:
516 4633 613 4688 iarcrren
629 4641 717 4687 necno
733 4641 844 4702 crepare
858 4643 910 4705 pn·
959 4644 972 4686 n
990 4628 1043 4696 aiil,
1062 4627 1180 4690 dicens.
1195 4623 1255 4686 Pus
1271 4623 1316 4685 iiii
1333 4623 1407 4686 estis
1422 4639 1437 4682 a
1454 4636 1525 4683 aare
1548 4621 1608 4680 tien
1624 4623 1805 4700 constituti3

8 4735 11 4782 ι
61 4713 132 4780 lest,
149 4709 222 4786 quin
239 4707 326 4772 Pater
340 4711 378 4770 sit
395 4707 603 4770 lrunorabitiua
618 4707 702 4770 Priio.
718 4717 746 4771 et
762 4709 866 4771 Pastor
880 4725 912 4771 u·
959 4725 974 4769 ι
990 4708 1030 4770 ite
1047 4717 1075 4770 el
1091 4709 1170 4772 inter
1181 4725 1232 4770 ros
1248 4721 1356 4770 causas
1371 4711 1487 4766 cesinas
1502 4703 1643 4764 discutite
1660 4701 1744 4780 quia,
1759 4701 1807 4766 cii·

8 4819 11 4864 ι
60 4791 161 4858 uibus.
179 4796 209 4853 cl
225 4790 334 4854 licetur
350 4792 511 4872 discipulis
527 4807 537 4853 t
553 4799 582 4852 oi
603 4791 755 4870 Episcopo
778 4793 912 4853 cuicum·
960 4810 973 4852 n
991 4809 1082 4870 gnum
1100 4807 1159 4856 non
1176 4797 1236 4866 esi,
1250 4797 1281 4852 ui
1298 4805 1353 4851 nos
1369 4787 1540 4849 iudicamus
1555 4785 1647 4847 licus.
1666 4803 1679 4843 n

8 4903 11 4950 Ι
60 4892 121 4952 oue
138 4871 259 4936 nomina
273 4874 323 4936 iiia
346 4881 428 4936 recte
450 4873 612 4936 conuenire
629 4890 698 4952 erpa
722 4889 775 4937 cos
791 4890 910 4952 omnes,
999 4875 1058 4935 Sed
1076 4876 1100 4936 st
1118 4874 1302 4934 lraberanaus
1324 4876 1447 4934 sanctos
1461 4867 1645 4946 Episcopus,
1658 4882 1719 4929 non
1736 4883 1806 4948 cgr-

8 4971 11 5036 ι
59 4957 112 5036 oui
128 4956 244 5020 adeius
257 4973 359 5018 curam
372 4965 401 5018 et
414 4959 634 5037 paranidontinrn
648 4958 812 5035 portinent.
825 4957 912 5019 Pane·
959 4971 1061 5020 rernus
1077 4955 1228 5020 eiusmodi
1244 4952 1438 5018 testimoniis.
1460 4949 1531 5030 ipsa
1552 4951 1633 5012 enirn
1655 4965 1738 5046 sacra
1755 4968 1807 5030 pn-

60 5048 143 5104 tereu
161 5039 332 5118 Episcopus
348 5039 377 5102 in
393 5038 533 5102 Ecclesia
549 5039 635 5104 sedet
651 5042 679 5100 in
697 5041 816 5104 ilrrono.
834 5039 912 5102 etad
958 5042 1063 5103 testas.
1079 5056 1147 5102 curn
1164 5054 1231 5101 rere
1254 5036 1411 5099 sanctitate
1433 5035 1584 5109 coniecta,
1601 5038 1683 5110 cogit
1697 5035 1734 5095 ari
1757 5035 1819 5108 sui¹

8 5157 11 5204 t
59 5125 153 5186 altare
172 5119 353 5184 Sacerdotio
370 5123 605 5202 tringitanqaae
628 5123 757 5204 principi
773 5121 853 5184 nulia
870 5140 914 5184 ra·
958 5125 1182 5186 concretionem
1209 5135 1269 5184 non
1297 5119 1380 5182 solos
1402 5117 1560 5189 Principes
1582 5116 1727 5196 minores,
1751 5116 1805 5179 secl

8 5241 12 5290 ,
64 5209 147 5268 lione
163 5204 361 5269 conueniunt.
377 5205 532 5269 ilabenrus
549 5213 705 5285 praeterea
722 5208 833 5268 mutius
848 5221 900 5286 gra
963 5205 1052 5268 otiam
1069 5219 1217 5267 summus.
1236 5199 1323 5265 Certe
1344 5201 1472 5278 ungnes
1494 5198 1722 5269 Constantinus,
1738 5216 1807 5260 curn

8 5323 13 5368 ,
65 5287 207 5352 tissimus
224 5287 380 5362 authores,
394 5289 444 5366 uui
461 5292 499 5349 de
516 5289 694 5351 excellentia
711 5287 865 5364 diurnitatis
879 5287 915 5350 E·
962 5287 1091 5366 cunciilo
1107 5287 1329 5365 Episcopurnrn
1344 5285 1494 5346 interesse
1505 5281 1607 5352 uellet,
1625 5297 1683 5343 nen
1696 5281 1805 5345 soliurn

8 5405 14 5452 t
64 5369 230 5452 piscopeiis
246 5372 284 5430 ita
307 5373 472 5450 disputant,
489 5379 521 5434 ut
541 5375 715 5442 ostendant,
740 5373 912 5447 Principum
964 5373 1097 5434 sublime
1112 5368 1170 5432 sibi
1183 5367 1258 5444 eripi
1282 5369 1375 5430 soluit
1404 5366 1458 5444 sed
1473 5379 1593 5441 parram
1610 5367 1714 5426 sedem
1730 5381 1738 5426 :
1755 5381 1808 5426 ne·

8 5489 14 5536 t
66 5454 567 5517 terrenorumcrntnentianaeum
589 5455 913 5536 Episcopaiiiuslipiu,
961 5472 1020 5530 oue
1036 5462 1123 5516 anina
1139 5451 1230 5524 sedit,
1247 5467 1336 5531 qurum
1352 5449 1496 5526 Episcopi
1514 5448 1555 5509 iiii
1579 5447 1759 5509 annuissent
1775 5451 1807 5510 ul

8 5577 14 5624 ι
67 5537 148 5601 nulla
167 5536 282 5598 rniione
298 5539 466 5614 campmani
483 5553 587 5614 posse.
610 5537 646 5600 Hi
663 5548 733 5598 sunt
756 5537 787 5600 S.
804 5536 916 5616 Grego-
960 5539 1094 5608 sedaret,
1110 5541 1140 5598 et
1155 5551 1223 5595 carm
1240 5535 1315 5594 alias
1331 5531 1367 5594 nd
1382 5529 1559 5592 concionem
1582 5531 1612 5590 in
1629 5527 1740 5605 templo
1761 5529 1807 5592 ln·

8 5653 15 5706 p
66 5621 132 5685 rius
160 5617 373 5690 Nazianzenus,
404 5625 433 5684 ct
455 5619 488 5682 S.
512 5619 641 5683 loannes
668 5619 912 5702 chrysostomus,
963 5628 1078 5684 teresse
1094 5619 1198 5690 rattet,
1214 5615 1265 5677 ubi
1280 5613 1366 5677 snius
1380 5613 1564 5694 Episcopus,
1581 5611 1630 5689 uari
1647 5611 1807 5678 conciona-

9 5727 15 5794 Ι
69 5701 191 5786 praeei;
207 5703 239 5766 S.
255 5701 448 5778 Ambrosius,
465 5710 495 5766 et
511 5703 543 5766 S.
560 5699 736 5782 Gregorius,
754 5703 850 5766 latini.
962 5703 1062 5780 tratur,
1079 5698 1206 5764 sedebat
1227 5697 1258 5761 in
1275 5699 1394 5773 ibrone,
1410 5701 1438 5761 ei
1454 5694 1586 5774 populus
1610 5693 1649 5755 cle
1663 5704 1760 5764 morte
1773 5698 1807 5762 tl·
