4048 6242
273 221 334 296 ιιι
694 193 696 198 ’
828 261 831 268 ,
903 217 1131 287 asaaasrams
1151 219 1190 289 m
1209 215 1312 287 naun

203 367 288 449 quod
304 364 386 431 idem
402 361 440 428 di
457 357 584 440 iniciis
597 355 745 435 biiiisrci
759 357 873 426 ciliciis
887 357 1065 424 haminibus
1110 361 1411 449 prolanditaspnrre
1425 359 1618 448 prolanditas
1633 357 1663 428 la
1677 357 1812 432 essentia
1828 357 1885 430 hcl
1899 353 1978 430 mal·

205 444 1063 530 dicerepossumus,nallisantenimbumitiares,quam
1112 453 1206 528 tiplex
1223 454 1387 523 invenitur,
1404 453 1534 527 primum
1551 455 1615 532 ipsa
1633 449 1663 512 ia
1682 467 1716 510 se
1740 451 1887 512 divinitas
1906 469 1977 529 pro·

205 538 260 615 qui
274 540 306 602 iu
321 535 409 598 coelo
431 533 523 594 altius
538 529 673 592 sedeat:
698 532 841 606 quoniam
860 531 902 599 ιι,
927 530 978 608 qai
995 534 1067 590 sunl
1112 535 1292 600 iunctissima
1303 543 1361 608 esi,
1375 535 1443 611 quia
1460 552 1520 596 aaa
1533 533 1739 611 superficialis
1752 543 1782 595 et
1796 537 1977 612 teaais‚sad

205 623 270 685 bea
286 617 555 696 propriaqaiorcs,
573 629 610 675 80
626 611 739 674 elutius
763 613 931 688 iuiueuitu,
949 618 1064 692 coccio
1112 620 1291 698 plenissima
1308 628 1338 682 et
1353 619 1537 682 solidissima
1554 626 1613 692 est,
1625 634 1686 678 aua
1699 622 1748 678 est
1762 617 1865 681 Deitas
1883 621 1978 698 quasi

208 703 368 769 intervallo
384 701 478 764 distet
500 697 680 778 magnitudo
703 694 854 760 creatoris
879 713 896 760 a
921 697 1067 778 paruitate
1101 720 1214 768 ¹massa
1232 705 1397 775 deaurata,
1418 718 1497 782 quaa
1513 701 1612 764 salum
1630 703 1660 762 in
1676 700 1829 762 exteriora
1845 703 1979 780 superq.

206 795 379 856 creaturae.
1113 790 1161 850 cie
1187 805 1294 850 aarum
1319 789 1433 855 habet,
1463 784 1548 847 iatus'
1567 800 1639 846 reru
1661 799 1774 859 aerea,
1801 788 1849 846 rel
1874 788 1978 866 tignea

248 873 360 948 Quare,
375 867 475 934 inimi
492 884 571 942 mea,
586 867 680 946 diligi
696 864 910 938 humiliatem.
925 868 951 930 Si
965 879 1066 928 icium
1112 878 1172 933 est:
1196 873 1251 933 sed
1269 873 1354 948 quasi
1372 886 1472 932 massa
1489 883 1580 930 aurea
1599 876 1671 941 tota,
1689 873 1719 930 et
1736 885 1835 930 massa
1852 869 1978 948 inqeas¹

207 956 296 1034 cupis
311 954 539 1028 exaltationem,
563 952 683 1014 imitare
699 951 818 1028 agnam
837 953 904 1013 sine
921 952 1060 1024 macuta,
1114 959 1144 1016 et
1161 957 1310 1016 immensa
1326 974 1334 1032 3
1358 955 1405 1018 rel
1423 952 1524 1028 portas
1547 955 1635 1029 quasi
1661 952 1764 1014 iadiaa
1787 955 1851 1013 auri
1878 967 1979 1028 usque

207 1040 326 1103 imitare
342 1037 498 1116 Virginem
521 1041 660 1108 matrem,
678 1034 797 1096 imitare
822 1033 1010 1104 Cherubim,
1038 1045 1068 1096 et
1112 1039 1382 1118 accumulanda,
1412 1044 1444 1098 ιιι
1466 1051 1631 1113 numquam
1655 1035 1804 1098 lodieado
1820 1037 1978 1099 exhauriri

208 1123 369 1203 Seraphim
386 1166 393 1188 .
418 1123 469 1196 qui
486 1135 595 1182 omnes
610 1133 670 1198 quo
687 1123 759 1180 suat
774 1118 921 1200 altiores,
944 1134 980 1181 eo
997 1129 1069 1182 suat
1113 1124 1211 1200 possit
1226 1141 1234 1202 3
1258 1123 1303 1183 sie
1326 1122 1452 1183 omnino
1469 1118 1792 1196 incomprehensibilis
1815 1119 1900 1182 Deus
1918 1131 1978 1194 est,

208 1208 300 1270 ctiam
317 1204 510 1267 humiliares.
1114 1207 1258 1282 quoniam
1276 1207 1354 1267 sicat
1368 1205 1470 1266 ludina
1487 1203 1575 1269 euri,
1600 1207 1690 1263 cuius
1706 1203 1837 1263 landam
1853 1221 1915 1266 non
1935 1208 1980 1264 in·

248 1289 311 1354 Nec
326 1288 424 1351 solum
441 1287 524 1352 Deus
539 1285 842 1348 sademattissimam
865 1286 969 1358 babet,
994 1285 1063 1360 qaia
1112 1290 1244 1360 renitor,
1263 1305 1429 1364 numquam
1445 1284 1591 1348 ladiendo
1607 1287 1806 1348 exhauritur:
1823 1286 1871 1346 sic
1886 1291 1981 1349 etiam

208 1374 323 1436 iudicat
338 1387 458 1442 amnes,
472 1370 527 1433 sed
545 1372 635 1433 etiam
652 1370 723 1447 qaia
735 1387 807 1450 prae
821 1371 965 1432 omnibns
982 1371 1068 1444 qaie·
1113 1371 1518 1449 Deascuiasmagaitadiais
1531 1385 1590 1430 aon
1606 1369 1916 1445 estbaismumquam
1932 1374 1978 1435 sio

208 1458 277 1526 scil,
294 1461 323 1518 et
338 1456 500 1532 quiescere
517 1455 587 1515 iacit
602 1469 668 1523 eos,
686 1453 716 1515 ia
734 1455 846 1530 quibus
862 1456 962 1515 sedet.
980 1452 1068 1514 Altis·
1115 1458 1251 1534 perfecie
1268 1474 1283 1516 a
1300 1463 1400 1516 creata
1419 1461 1520 1514 mente
1534 1452 1744 1530 cognoscitur,
1762 1454 1836 1530 quin
1853 1470 1981 1529 semper

208 1540 284 1602 sima
300 1538 394 1601 sedes
416 1537 483 1608 liei,
500 1543 546 1600 est
563 1537 709 1598 altissima
727 1536 795 1599 eius
810 1539 944 1614 requies,
963 1551 1068 1612 qaam·
1113 1540 1211 1619 magis
1227 1557 1262 1600 aa
1276 1536 1373 1612 magis
1389 1535 1534 1616 cognosci
1547 1544 1650 1612 queat,
1666 1541 1696 1596 et
1711 1535 1799 1598 salos
1813 1534 1895 1598 Deus
1908 1555 1981 1616 pro·

208 1624 255 1685 ris
271 1623 354 1686 enim
373 1623 519 1684 mundam
542 1622 719 1692 universum
737 1629 842 1694 repat,
871 1623 899 1678 ia
917 1636 978 1695 quo
994 1627 1067 1679 suxit
1114 1624 1242 1684 landam
1257 1623 1333 1684 illud
1350 1621 1501 1684 inlinitum
1526 1618 1785 1695 comprehcndit,
1810 1624 1862 1696 qui
1886 1622 1978 1682 solus

209 1707 334 1770 assidua
350 1705 442 1776 bella,
461 1714 490 1768 et
506 1704 752 1767 conflictationes
766 1703 1000 1772 elementorum,
1017 1704 1069 1763 he·
1113 1706 1172 1768 rim
1191 1705 1384 1782 intelligendi
1398 1705 1547 1764 inunitam
1559 1702 1791 1764 habeahciade
1805 1703 1982 1780 proluadas

208 1789 349 1866 stiarum,
367 1789 545 1855 bominum:
561 1789 629 1863 ipsc
646 1794 745 1847 lamen
763 1803 831 1848 cum
848 1787 1068 1864 aaaqmttitate
1115 1796 1162 1852 est
1176 1789 1260 1852 Deus
1275 1789 1392 1850 ratione
1408 1789 1489 1850 loci:
1513 1786 1692 1848 sicutenim
1709 1787 1880 1848 altissimas
1903 1799 1953 1850 cst
1971 1836 1979 1858 ,

208 1874 336 1948 iudicat,
355 1877 387 1934 ut
402 1873 514 1935 dicitur
529 1871 557 1932 ia
576 1871 655 1940 libro
671 1869 859 1947 Sapientiae,
877 1878 906 1931 et
922 1871 1067 1930 altissima
1114 1875 1184 1948 qaia
1201 1872 1294 1934 rebus
1307 1871 1451 1934 omnibus
1468 1869 1634 1946 praesidet,
1652 1875 1846 1947 etestsuper
1858 1877 1982 1948 omaia3

208 1973 286 2033 pace
303 1973 429 2032 semper
443 1956 566 2034 gaudet,
581 1967 684 2032 neque
698 1959 746 2014 est
760 1952 888 2028 aliquid,
904 1956 985 2030 qaod
1003 1951 1070 2012 eius
1115 1959 1161 2016 sic
1177 1959 1258 2017 idem
1276 1955 1359 2017 Deus
1376 1953 1634 2032 profundissimas
1647 1958 1705 2025 est,
1721 1954 1790 2028 qaia
1805 1954 1898 2016 rebus
1912 1972 1983 2016 om-

208 2041 324 2108 oeium,
339 2048 369 2100 et
382 2037 674 2112 contemplationem
688 2037 736 2097 sai
753 2036 863 2113 ipsius,
878 2037 907 2096 in
926 2053 983 2109 qua
999 2041 1071 2096 sani
1115 2040 1208 2102 aibas
1224 2039 1397 2108 subiicitur,
1416 2046 1447 2100 ut
1462 2054 1515 2098 eas
1530 2042 1694 2111 sustentem
1712 2041 1804 2098 otest
1821 2037 1896 2098 inira
1914 2056 1984 2100 nm·
2018 2051 2019 2066 ¹

208 2123 277 2186 eius
293 2122 423 2186 deliciae
441 2121 659 2198 sempiternae,
677 2119 857 2194 perturbare
874 2119 982 2196 possit.
997 2118 1070 2179 ldeo
1115 2125 1177 2194 nia,
1196 2124 1345 2184 alumnia
1363 2127 1474 2198 portet,
1490 2122 1560 2196 ipse
1577 2119 1672 2190 enim,
1690 2126 1722 2180 ui
1737 2119 1906 2197 Apostolus
1925 2131 1981 2192 art,
2018 2123 2019 2188 ι

208 2208 290 2269 cuim
309 2214 340 2268 et
355 2207 417 2268 Rex
433 2205 638 2279 Hierusalem,
654 2219 733 2281 qaae
749 2207 797 2264 est
812 2204 887 2266 visio
904 2203 1002 2279 pacis,
1019 2219 1070 2276 ap·
1114 2213 1221 2285 portat
1235 2209 1347 2268 arania
1361 2204 1455 2268 acrba
1470 2205 1597 2267 cirratis
1608 2217 1701 2264 succ.
1718 2200 1822 2279 ltaque
1835 2203 1918 2266 Deus
1933 2216 1984 2267 est
2018 2199 2019 2256 i

208 2290 352 2365 pellatur.
369 2289 469 2352 Sedes
485 2293 587 2351 autem
605 2290 672 2350 eius
699 2287 821 2363 propria
849 2293 920 2348 sant
942 2288 1072 2362 spiritus
1115 2291 1203 2367 quasi
1220 2290 1451 2351 tundamentum
1479 2292 1509 2348 et
1535 2292 1647 2348 tectam
1665 2283 1820 2358 aedificii,
1848 2290 1884 2349 ia
1910 2307 1982 2368 qua
2018 2351 2019 2354 ,

208 2373 301 2442 bcflit.
321 2372 403 2436 unde
420 2372 555 2444 diuitiis
584 2369 644 2446 Qui
657 2371 745 2432 iudei
765 2385 862 2448 Siluii
879 2368 1068 2442 Cherubim,
1115 2390 1174 2436 uos
1186 2390 1296 2436 omnes
1309 2375 1460 2444 uiuimus,
1473 2385 1650 2442 macerarer,
1664 2375 1692 2430 ct
1705 2385 1829 2440 eamus,
1845 2373 1983 2446 urciano

208 2456 319 2519 dicitur
334 2460 436 2518 autem
455 2455 537 2516 lleas
553 2471 646 2534 super
662 2451 828 2515 Cherubim
846 2455 959 2528 potius,
977 2469 1067 2526 quam
1116 2457 1288 2520 rectissime
1304 2459 1378 2518 dixit
1393 2456 1554 2518 Salomon:
1580 2453 1720 2520 doctam,
1739 2459 1767 2514 et
1784 2454 1863 2515 coeli
1879 2459 1985 2518 caelo-

207 2555 303 2614 super
318 2538 479 2616 Seraphim
495 2537 606 2601 sedere
629 2537 772 2614 quoniam
790 2535 955 2599 Cherubim
972 2540 1072 2598 sciea-
1115 2557 1191 2602 ram
1216 2557 1284 2604 aaa
1299 2547 1328 2601 tc
1344 2541 1490 2616 capiunt,
1508 2540 1577 2613 quia
1594 2537 1677 2598 Deus
1693 2541 1794 2611 patras
1810 2541 1895 2615 capit
1910 2556 1984 2602 can-

208 2625 269 2684 tiae
286 2622 514 2684 multitudinem
531 2621 696 2702 significat,
714 2618 873 2696 Seraphim
897 2635 967 2681 rere
984 2621 1071 2681 ardo·
1115 2624 1176 2699 los,
1193 2632 1221 2686 et
1237 2640 1315 2698 quae
1331 2626 1390 2685 sub
1406 2623 1492 2685 coelo
1508 2626 1590 2690 suat,
1606 2624 1721 2696 quippe
1734 2620 1785 2694 qui
1801 2637 1894 2698 supra
1911 2641 1983 2685 ωε.

207 2721 271 2768 rem
289 2707 469 2781 charitatis,
498 2706 588 2779 quies
617 2719 690 2767 reru
706 2702 889 2782 sapientiam
908 2706 1070 2778 sequitur,
1117 2711 1175 2780 ros,
1193 2715 1223 2768 et
1246 2709 1322 2768 inira
1340 2713 1450 2768 terram
1468 2711 1527 2767 est.
1544 2705 1684 2780 benique
1701 2704 1896 2778 profunditas
1913 2707 1980 2784 bai,

207 2787 385 2852 sollicitudo
401 2794 432 2850 et
447 2791 583 2850 anxietas
596 2788 850 2858 charitatem,aisi
864 2779 932 2846 bam
947 2789 1071 2860 sapien·
1117 2799 1165 2852 ast
1179 2789 1374 2852 invisibilitas
1390 2791 1470 2851 aias,
1486 2788 1569 2848 Deus
1586 2790 1669 2848 anim
1685 2785 1736 2846 tax
1751 2794 1811 2857 cst,
1824 2790 1880 2848 saa
1895 2789 1983 2851 inae.

207 2872 247 2932 tia
265 2873 429 2934 coniuncta
447 2873 498 2933 sii.
515 2871 590 2934 Iden
606 2877 636 2932 et
650 2872 749 2932 anima
766 2871 836 2932 iusti
854 2871 946 2931 sedes
961 2870 1071 2930 dicitnr
1118 2875 1295 2936 cessibitis:
1321 2873 1433 2934 ueritas
1449 2879 1506 2944 est,
1525 2873 1578 2932 scd
1595 2869 1701 2930 intima
1726 2868 1824 2940 ratde,
1843 2879 1873 2932 et
1897 2875 1982 2935 amm

208 2955 395 3030 socicniiuc.
413 2956 635 3030 dedititiorum
653 2953 749 3016 lsaics
764 2953 860 3014 dicit:
880 2953 1009 3015 Ocelum
1022 2969 1070 3014 cc·
1117 2951 1982 3031 interioreiaterinr.Posuittenebroalulibalumsaaar,

207 3040 263 3101 dea
281 3055 365 3115 meo,
379 3045 408 3098 et
425 3055 494 3100 cum
513 3037 607 3100 Dauid
625 3039 711 3099 dicit:
727 3036 855 3098 Caelum
870 3036 950 3098 coeli
966 3036 1070 3098 Dami-
1115 3041 1215 3118 iuquit
1230 3041 1334 3112 David,
1353 3047 1381 3101 et
1396 3057 1469 3104 aare
1484 3044 1529 3100 eat
1546 3040 1627 3100 beas
1643 3036 1862 3112 abscondita-s,
1882 3045 1914 3100 ut
1935 3039 1981 3100 lo-

206 3138 250 3185 tto
266 3139 322 3200 per
336 3122 457 3184 coelam
471 3122 550 3184 coeli
562 3121 775 3200 intelliguntur
788 3120 866 3181 coeli
880 3120 1069 3196 spirituales,
1116 3129 1220 3197 qaitur
1235 3125 1343 3186 isaias.
1361 3124 1393 3186 S.
1410 3123 1600 3200 Augustinus
1626 3135 1780 3196 quaereas
1807 3123 1978 3198 aliquando

207 3205 259 3277 qui
277 3205 414 3268 habitant
429 3220 524 3280 super
540 3205 647 3268 coelos
662 3203 860 3282 corporales,
885 3202 914 3261 id
933 3209 990 3272 est,
1008 3205 1071 3278 spi·
1116 3208 1224 3280 ileum,
1239 3208 1321 3271 misit
1336 3207 1592 3278 nuncios,oeulos
1607 3218 1682 3264 suns
1698 3220 1713 3261 a
1731 3209 1809 3266 terra
1827 3211 1978 3283 usquead

208 3289 286 3352 ritus
303 3288 436 3363 hauriat
452 3288 614 3364 explicarit
630 3287 872 3362 Salanustiaus.
889 3285 952 3347 Hos
968 3293 1068 3346 autem
1115 3293 1232 3360 ancias,
1249 3298 1279 3353 ct
1294 3292 1523 3368 responderant
1540 3287 1641 3348 amaia
1659 3305 1666 3346 :
1690 3285 1754 3346 Noa
1772 3303 1880 3350 sumas
1898 3296 1981 3364 quaa

206 3373 313 3436 coelus
329 3371 413 3434 Deus
429 3373 594 3448 quiescere
609 3372 680 3433 iacit
692 3371 796 3447 quiete
809 3375 869 3431 tam
883 3369 1071 3442 admirabili,
1116 3376 1261 3446 quaeris.
1286 3375 1341 3437 sad
1359 3376 1427 3452 ipse
1443 3375 1515 3435 iecit
1531 3387 1599 3432 uos.
1616 3371 1723 3447 Itaque
1741 3387 1803 3430 aaa
1819 3373 1982 3436 inveniens

206 3459 240 3516 at
255 3455 333 3516 haee
348 3455 387 3516 sit
405 3470 461 3526 oux
475 3454 621 3532 itaquae
635 3458 782 3532 exuperat
793 3467 916 3514 omnem
929 3469 1070 3514 sensam.
1116 3457 1212 3521 baum
1228 3459 1426 3521 ascendendo
1442 3473 1497 3535 par
1513 3456 1675 3527 cateruam
1690 3454 1793 3530 caepa
1806 3457 1864 3516 aar
1876 3456 1980 3520 tacere

207 3537 322 3600 Scribit
338 3554 366 3600 s.
382 3538 557 3600 Bcraardas
569 3539 601 3600 ia
623 3536 821 3599 sermonibus
838 3551 932 3612 super
947 3534 1069 3596 Cantica
1116 3559 1171 3618 per
1187 3543 1378 3604 interieram
1395 3542 1546 3602 intellexit
1561 3554 1631 3600 rere
1646 3553 1701 3614 per
1713 3536 1763 3598 ilia
1778 3537 1899 3600 tarcitias
1912 3557 1983 3617 pro·

206 3621 444 3683 similitudinem
472 3621 662 3697 aptissimam
690 3622 727 3681 ad
755 3620 835 3679 banc
858 3617 1069 3696 explicandam
1117 3625 1258 3700 pinquari
1274 3626 1311 3686 ad
1332 3625 1456 3693 naum,
1484 3623 1628 3700 cognovit
1651 3622 1734 3681 enim
1764 3621 1895 3682 animam
1913 3641 1986 3686 esse

207 3705 356 3780 quietem,
372 3703 421 3766 his
436 3705 563 3766 uerbis:
590 3703 798 3783 Tranquillus
815 3702 896 3764 Deus
912 3703 1072 3780 tanaquil·
1116 3724 1245 3783 corpore
1262 3708 1420 3769 meliorem
1436 3728 1444 3786 3
1468 3715 1498 3768 et
1513 3721 1640 3768 sensum
1659 3706 1812 3767 laternum
1829 3721 1902 3768 essa
1919 3725 1983 3769 me.

207 3787 252 3849 lot
268 3789 425 3854 omnim-et
441 3788 586 3865 quietura
601 3787 924 3865 aspicerequiescere
940 3785 1071 3846 esrem·
1119 3792 1227 3854 liorem
1245 3808 1338 3853 sensu
1354 3799 1479 3854 externo
1494 3809 1503 3864 3
1526 3796 1555 3852 et
1572 3789 1763 3850 intellectum
1779 3833 1786 3853 .
1812 3791 1864 3866 qui
1881 3792 1985 3854 adbuc

206 3885 285 3932 'iere
301 3878 346 3932 ⁰8¹
360 3871 479 3947 Rflbim
492 3878 564 3947 ιιι)ει
578 3872 718 3932 diffluat
733 3870 911 3946 sorensium
927 3871 1023 3946 quasi
1038 3870 1073 3929 lt·
1119 3885 1165 3936 est
1181 3877 1319 3946 interior,
1334 3891 1405 3936 asse
1418 3875 1575 3936 meliorem
1588 3889 1684 3933 sensu
1701 3871 1923 3934 intercalare
1937 3877 1980 3935 et·

206 3959 253 4014 tce
269 3969 460 4025 causarum,
475 3953 616 4015 dimissis
630 3970 651 4015 o
665 3968 698 4014 se
709 3953 822 4024 turbis,
837 3967 993 4016 euroram
1007 3967 1073 4012 rao·
1118 3958 1190 4019 iecit
1206 3959 1312 4024 heum.
1327 3959 1379 4034 qui
1395 3959 1523 4026 interior
1537 3963 1596 4030 ast,
1611 3973 1700 4032 quam
1719 3955 1984 4028 intellectascsse

208 4036 319 4100 lectius
335 4039 576 4102 declinantem.
600 4041 759 4114 petentem
774 4038 813 4098 de
827 4039 918 4097 noete
934 4037 1072 4096 diuerso·
1119 4043 1277 4104 meliorem
1294 4043 1452 4104 intellectu
1467 4061 1476 4120 3
1503 4059 1539 4103 ac
1555 4056 1611 4115 per
1627 4041 1686 4100 lanc
1702 4037 1848 4114 quiaquia
1868 4043 1981 4101 inaeni-

206 4119 307 4190 mam,
325 4119 511 4182 cubiculum
526 4123 747 4182 t'ulroertulem
762 4135 836 4180 cum
850 4123 976 4196 paucis,
993 4135 1072 4195 quos
1118 4126 1230 4201 gimas,
1245 4126 1291 4186 rel
1305 4127 1486 4202 copitamas,
1506 4141 1565 4185 noa
1579 4140 1650 4182 esse
1667 4122 1776 4183 Deum.
1791 4123 1846 4182 sed
1862 4124 1978 4197 aliquid

207 4203 267 4265 lruc
278 4210 398 4265 secreto
413 4211 441 4265 et
453 4203 515 4264 ltac
526 4203 754 4279 familiaritate
766 4203 975 4279 carpantur-,en
989 4211 1071 4263 certe
1120 4209 1221 4270 minas
1237 4210 1311 4278 baa,
1329 4226 1398 4269 ram
1416 4209 1497 4269 bens
1513 4209 1553 4268 sit
1569 4207 1689 4280 metior,
1707 4220 1798 4278 qaam
1817 4221 1873 4266 raas
1887 4205 1979 4267 inter.

207 4287 368 4355 securius,
386 4303 450 4365 quo
465 4283 612 4347 secretim
628 4288 855 4365 quiescentem,
878 4299 913 4344 co
928 4288 1072 4345 senecias
1119 4292 1276 4370 ligareral
1292 4293 1425 4367 cogitare
1439 4291 1605 4363 passimus.
1618 4288 1683 4364 Age
1696 4303 1770 4364 erpo
1783 4291 1885 4350 anima
1902 4305 1981 4366 mea,

207 4385 241 4432 ec
256 4368 438 4445 habeatem,
452 4385 516 4448 quo
528 4370 678 4446 placidio
691 4370 775 4432 solua
790 4369 979 4438 intuentem,
993 4383 1072 4443 qum
1119 4375 1144 4435 si
1163 4380 1192 4436 tu
1210 4391 1244 4436 es
1262 4377 1370 4436 laetior
1384 4390 1513 4452 corpore
1527 4381 1578 4435 tuo
1595 4418 1602 4441 ,
1630 4372 1679 4433 irai
1696 4373 1750 4431 das
1765 4371 1856 4432 ritum
1872 4420 1879 4439 .
1905 4375 1976 4450 quia

209 4453 329 4532 diripit.
346 4453 429 4514 llaec
451 4452 528 4518 ilie.
554 4451 606 4528 qui
632 4453 707 4513 satis
733 4457 839 4530 aperte
861 4453 1070 4525 demonstrat,
1119 4459 1193 4519 illud
1210 4475 1322 4536 corpus
1338 4464 1396 4528 est,
1414 4460 1655 4535 tuspiritus'es:
1681 4460 1711 4516 et
1733 4453 1843 4515 oculus
1866 4472 1977 4532 corpa-

209 4534 306 4596 lleum
324 4536 486 4614 spiritibus
501 4535 663 4597 Bcatorum
687 4550 747 4594 non
775 4549 810 4595 sc
835 4531 970 4593 Iudicem
987 4578 995 4605 ‚
1022 4544 1073 4594 aat
1119 4540 1160 4602 ris
1177 4541 1219 4602 tai
1236 4559 1295 4602 aaa
1311 4543 1393 4603 videt
1408 4549 1458 4614 te,
1486 4539 1555 4618 quia
1574 4540 1624 4600 ille
1640 4540 1713 4598 loris
1730 4544 1799 4604 est,
1824 4542 1854 4598 ta
1874 4541 1982 4614 iatas;

211 4618 374 4682 ”millium
393 4620 558 4698 liiflssbssisss
573 4618 627 4680 ⁸⁰0
645 4616 775 4677 amicam
793 4621 823 4678 θῑ
838 4614 1029 4687 iamilxarem,
1044 4625 1074 4677 et
1119 4623 1164 4684 sic
1180 4626 1306 4685 omnino
1322 4625 1442 4702 capita,
1470 4623 1567 4686 Deum
1595 4629 1678 4683 taram
1706 4621 1866 4682 meliorem
1883 4638 1981 4698 esse,

211 4719 287 4764 sane
305 4702 501 4768 incredibilis
525 4708 572 4764 cst
594 4700 795 4768 cantuaritas.
813 4714 903 4774 qaam
927 4699 1016 4758 eliuth
1040 4702 1071 4759 ia
1120 4723 1208 4780 quam
1226 4714 1256 4768 tu
1273 4710 1328 4780 sis,
1346 4709 1415 4783 qaia
1431 4707 1483 4769 dat
1498 4707 1553 4768 tibi
1569 4707 1772 4776 intellectum,
1786 4709 1817 4764 et
1829 4711 1876 4764 est
1889 4723 1979 4781 quasi

210 4786 270 4848 hac
286 4786 344 4846 vita
369 4787 456 4862 paris
483 4784 641 4846 meatibus
663 4783 789 4845 exbibet
812 4781 917 4844 Deus:
943 4788 973 4840 at
996 4782 1071 4844 illud
1119 4791 1217 4850 anima
1235 4797 1306 4860 tua3
1330 4796 1360 4852 et
1374 4792 1444 4852 idco
1461 4798 1490 4849 ta
1508 4807 1575 4852 eum
1594 4789 1695 4851 ridere
1714 4803 1774 4848 aon
1792 4792 1893 4863 potes,
1909 4791 1981 4864 qnia

210 4869 338 4929 omnino
355 4868 475 4946 impleri
492 4869 642 4940 videatur.
658 4866 799 4928 Deliciae
814 4880 904 4926 mene
920 4880 984 4923 esse
1000 4881 1074 4927 caua
1118 4872 1244 4948 spiritus
1259 4875 1349 4935 altior
1364 4881 1393 4934 et
1409 4872 1536 4936 interior
1552 4877 1620 4940 est,
1648 4889 1739 4947 qaam
1756 4877 1787 4932 tu
1802 4875 1846 4930 sis
1860 4917 1867 4944 ‚
1898 4881 1929 4932 et
1950 4871 1980 4933 ιιι

211 4949 288 5026 liliis
306 4951 488 5024 homilium,
507 4959 537 5015 ei
552 4951 640 5025 illud,
657 4957 685 5012 et
700 4965 774 5012 cura
795 4947 993 5027 simplicibus
1008 4965 1073 5034 Sei·
1120 4958 1344 5027 quodammodo
1359 4957 1431 5017 laris
1447 4973 1565 5030 manes,
1590 4957 1641 5015 illc
1658 4956 1740 5017 latus
1757 4957 1785 5014 ia
1803 4969 1859 5014 sao
1875 4972 1980 5017 serre-

211 5037 388 5098 munientia
405 5042 485 5103 eiua.
1121 5038 1238 5100 tissima
1253 5040 1555 5117 profundissimaque
1567 5056 1706 5101 recessu.
1721 5039 1780 5100 Sed
1798 5053 1983 5116 numquam·

254 5117 334 5178 Hinc
350 5120 617 5183 ridelicctomaes
633 5115 747 5188 Sancti,
763 5115 901 5192 iluflffillss
915 5131 1073 5190 iiiii-‘uiui
1120 5138 1158 5182 ne
1175 5124 1209 5183 ad
1227 5128 1379 5186 secretam
1396 5125 1470 5186 illud
1487 5125 1657 5184 admitteris
1671 5123 1686 5182 i
1700 5123 1791 5184 absit.
1817 5136 1877 5181 aaa
1896 5138 1983 5183 mea-

213 5208 392 5277 patereatur
417 5205 447 5263 ia
465 5204 579 5265 mundo
594 5247 603 5277 ,
617 5207 718 5262 taruen
732 5203 762 5261 in
780 5197 893 5272 corde,
918 5200 970 5259 ubi
994 5198 1074 5260 bam
1121 5204 1193 5268 titur
1207 5207 1356 5268 Dominus
1372 5213 1452 5269 tuus.
1470 5209 1520 5282 qui
1537 5207 1633 5269 dixit:
1657 5205 1751 5266 Beati
1772 5204 1895 5266 aranda
1913 5221 1981 5266 cor·

214 5289 290 5360 erat,
315 5301 421 5364 pacem
437 5285 604 5356 habebant,
622 5289 652 5344 ei
668 5284 738 5346 ideo
754 5299 878 5355 semper
895 5281 977 5342 laeti.
994 5299 1073 5341 scm·
1120 5289 1172 5360 aa·
1189 5294 1345 5366 quamam
1359 5292 1423 5367 ipsi
1437 5289 1538 5352 Deam
1549 5291 1713 5358 uidebant,
1732 5302 1834 5361 aeque
1849 5289 1981 5358 aposto.

214 5370 388 5444 perserani
406 5369 599 5442 ridebuntur,
617 5372 648 5430 et
663 5372 762 5442 erant,
781 5367 843 5426 illis
859 5365 939 5425 caim
958 5363 1074 5424 Veritas
1122 5370 1169 5432 las
1185 5376 1274 5444 eiras,
1299 5375 1351 5451 qai
1369 5375 1431 5434 altr
1459 5373 1605 5434 Videmus
1620 5387 1710 5433 auae
1731 5385 1790 5445 par
1811 5371 1982 5446 speculam

214 5449 300 5512 dixit:
318 5452 474 5515 Gaudebit
489 5469 544 5514 cor
557 5456 744 5529 nostramet
757 5450 918 5529 paediam
932 5455 1075 5512 ‘cestram
1119 5455 1157 5516 ia
1172 5458 1446 5532 commutatatum
1460 5462 1568 5520 nutem
1579 5451 1664 5533 sacia
1680 5455 1723 5516 nd
1736 5452 1864 5527 ionicam.
1875 5453 1982 5529 licque

211 5547 307 5597 uenae
321 5536 408 5597 tollet
423 5552 444 5594 a
457 5537 558 5600 cobis.
1119 5553 1144 5597 s.
1162 5539 1351 5614 Eranpulista
1369 5541 1509 5608 loannes,
1524 5543 1577 5617 qai
1592 5540 1728 5609 scripsit:
1744 5535 1882 5598 Sciratae.
1898 5543 1982 5614 qaia

255 5617 358 5685 Restat
374 5634 444 5699 pars
466 5628 570 5702 quarta
593 5617 837 5700 magnitudinis,
865 5632 943 5697 quae
960 5616 1071 5684 dicitur
1117 5636 1190 5684 cum
1205 5625 1410 5704 apparuerit,
1426 5624 1547 5687 mutiles
1563 5624 1593 5686 ci
1615 5623 1748 5692 ammos,
1766 5621 1846 5699 quia
1859 5619 1982 5688 ridebi-
