4086 6258
785 321 893 382 LIBER
915 321 1103 384 SECUNDUS
1687 329 1743 390 339

38 445 156 517 didam
173 455 358 522 etmeasam
381 453 466 518 omui
487 469 605 534 genera
628 460 850 534 praestantiam
866 457 909 520 ci·
952 457 1123 540 fastigium
1136 462 1388 537 sanctitatiaeei
1401 467 1673 546 aenceesponte
1687 462 1814 527 miran-

37 527 162 598 berum
178 535 466 618 retectammappas
481 545 657 618 quoquest
671 538 790 618 reliqua
805 539 909 604 emnia
954 543 1047 614 daun,
1065 549 1094 605 et
1108 542 1341 610 honorandum
1360 547 1511 619 radetur,
1535 548 1682 612 oreliano
1700 553 1816 612 nostra

41 615 164 698 nitida,
181 627 212 683 et
227 623 352 686 oderem
370 639 493 686 suavem
509 621 668 696 spirantia:
693 623 747 686 sed
763 639 834 688 cum
856 623 908 687 die
953 626 1060 690 melori
1074 629 1132 708 gui
1144 633 1267 708 potesl:
1285 631 1362 693 naec
1376 630 1415 694 de
1431 631 1594 695 sanctitate
1609 629 1812 694 lneclrorete·

36 708 339 793 sequentesummo
356 706 498 770 moaead
515 706 685 770 Ecclesiam
708 706 910 770 Palatiocon·
955 724 1036 772 rum.
1243 727 1248 736 ·
1434 742 1443 757 ·

35 786 164 862 trguam
181 785 429 866 descendissem,
453 796 487 854 at
507 791 606 852 sacris
621 805 788 868 operarer,
807 791 909 854 inreui
997 792 1058 856 Sed
1075 795 1286 858 derideantur
1307 797 1366 860 seli
1388 797 1598 861 anachoretae
1620 793 1705 859 omni
1718 796 1810 860 lande

33 869 153 932 onrnia
169 872 333 949 centrario,
356 873 463 950 idest,
486 873 568 946 uilia,
592 879 621 936 et
648 874 796 950 sordida,
814 879 848 936 at
862 873 910 936 rix
956 874 1132 954 dignissimi
1145 895 1215 942 esse
1230 878 1410 958 iudicandi,
1434 881 1545 944 eddam
1561 881 1622 944 due
1640 878 1812 942 testimonia

33 951 197 1016 auderem
213 955 245 1016 in
263 954 313 1016 tali
331 956 399 1038 leue
416 979 423 1026 t
448 964 479 1020 et
490 973 562 1034 ¹carm
577 957 627 1018 tali
644 965 792 1034 apparata
808 957 909 1020 diviua
956 973 1012 1036 pro
1025 958 1214 1024 coenobitis.
1231 962 1361 1026 Sanctus
1372 963 1577 1046 Hieronymus
1589 965 1620 1026 in
1634 961 1763 1043 epistola
1776 961 1815 1026 ed

33 1037 194 1112 mysteria
210 1037 384 1102 celebrare.
409 1037 479 1104 Seio
504 1056 564 1101 nen
588 1041 701 1101 deesse
723 1040 754 1101 ia
771 1040 910 1106 Ecclesia
956 1040 1159 1106 Eustochium
1176 1045 1215 1106 da
1231 1047 1369 1110 custodia
1386 1047 1579 1129 virginitatis,
1597 1045 1704 1109 scribit
1719 1049 1814 1108 tetum

34 1113 103 1180 Ilei
122 1119 238 1184 malles
253 1124 400 1202 optimas,
417 1123 711 1200 elreiigiesissimes
728 1121 911 1188 Sacerdotes
957 1122 1100 1188 ordinem
1117 1127 1193 1190 ritae
1210 1127 1459 1208 Cocnobilaram,
1483 1129 1528 1194 er'
1543 1147 1604 1210 qno
1617 1135 1745 1209 apparet
1760 1144 1813 1191 en·
1834 1133 1837 1140 '

34 1201 99 1278 qui
126 1203 220 1268 eorde
237 1207 376 1272 munde.
400 1214 431 1268 et
447 1205 633 1269 nitidissime
645 1214 792 1284 apparata
809 1207 910 1269 dirina
956 1209 1088 1286 gelicam
1105 1210 1196 1287 plane
1211 1209 1306 1276 luisse
1315 1218 1581 1279 conversationem
1590 1213 1809 1276 lionaclaorona

35 1287 196 1362 mysteria
219 1289 395 1366 celebrant,
413 1305 469 1368 pre
488 1290 601 1366 gutoos
617 1289 730 1369 gratiae
746 1290 811 1354 Dee
826 1291 864 1352 ab
880 1306 912 1354 o·
960 1291 1044 1354 illias
1060 1294 1220 1372 temporis.
1237 1293 1301 1356 lion
1319 1297 1463 1362 adscribo
1479 1295 1656 1374 eareamate
1671 1295 1815 1377 longissi-

35 1369 176 1434 mathus
188 1374 328 1454 agendae
340 1378 424 1436 sunl:
442 1373 497 1436 sed
509 1373 706 1441 simuletiam
722 1373 859 1436 leutibas
870 1374 911 1435 la·
959 1390 1007 1436 ma
1023 1378 1120 1436 oratio
1135 1382 1194 1440 est.
1208 1377 1336 1442 Sanctus
1348 1399 1473 1461 quaque
1485 1380 1674 1460 Augustinus
1687 1379 1721 1442 in
1736 1379 1816 1441 libre

36 1469 224 1530 crymarum
238 1455 405 1534 plangendi
421 1461 495 1520 seut
511 1472 570 1518 een
586 1457 767 1536 pauciores,
791 1459 843 1534 gat
860 1473 911 1520 ex·
957 1457 997 1520 de
1013 1459 1151 1528 maribus
1166 1459 1337 1541 Ecclesiae,
1353 1473 1516 1544 postquam
1532 1464 1571 1526 de
1590 1462 1734 1526 Eremilis
1749 1477 1818 1524 aar·

39 1537 165 1600 teriora
180 1538 384 1616 turpitudine,
405 1549 434 1602 et
450 1539 707 1612 serdtoaseatmt
721 1542 768 1604 sui
787 1540 913 1620 impuri·
958 1540 1125 1620 raritguaa
1142 1544 1234 1621 paula
1249 1552 1320 1608 ante
1335 1549 1509 1618 retulimus,
1526 1549 1565 1610 da
1581 1543 1760 1610 coenantes
1774 1545 1815 1608 ita

40 1623 154 1699 tatem,
173 1623 346 1702 sordesque
364 1630 525 1688 testantur.
958 1624 1132 1705 subiungit:
1150 1625 1215 1690 sce
1227 1630 1256 1692 si
1270 1627 1330 1692 uae
1344 1626 1358 1712 (
1371 1632 1429 1694 rita
1444 1627 1602 1712 solitaria)
1616 1629 1745 1694 cecedit
1758 1643 1814 1692 no·

356 1739 360 1744 -
957 1715 1060 1772 elram
1076 1711 1308 1788 tolerantiam,
1332 1716 1406 1793 gnie
1426 1731 1496 1778 nou
1516 1713 1590 1778 illos
1614 1713 1773 1787 miretur,
1790 1714 1821 1774 el

351 1835 355 1842 ·
403 1788 485 1854 (inl.
502 1789 552 1854 ll.
957 1793 1137 1869 praedicet,
1154 1796 1427 1876 guicontcmptia,
1444 1805 1541 1876 ntguc
1556 1795 1688 1860 decarlis
1701 1795 1820 1860 mundi

958 1876 1058 1940 huius
1071 1877 1255 1955 illecemia,
1276 1879 1316 1943 in
1330 1895 1532 1944 oecumenem
1556 1881 1659 1944 uitem
1683 1879 1820 1942 caetani

42 1951 94 2016 De
109 1959 202 2018 eante
217 1953 304 2034 sante
317 1957 551 2035 lacrumarum,
568 1954 626 2034 gui
638 1961 681 2016 est
694 1953 913 2016 consideratio
958 1975 1061 2033 mem,
1076 1962 1384 2044 sanctissimamque
1410 1965 1597 2044 congregati
1619 1963 1720 2026 simul
1733 1968 1819 2025 neta·

274 2040 430 2102 ordinum
444 2037 693 2118 Relipiesorum.
903 2117 908 2126 Ι
960 2049 1025 2106 tem
1038 2050 1153 2121 aguet,
1169 2043 1310 2110 uiuentes
1324 2049 1363 2110 ie
1377 2047 1579 2112 orationibus
1595 2095 1603 2118 ‚
1625 2048 1663 2108 in
1679 2044 1823 2108 lectioni·

272 2171 274 2178 ,
960 2126 1031 2201 bue,
1047 2128 1085 2188 ie
1099 2127 1505 2207 depalationiommelta
1517 2128 1677 2210 superbie
1691 2129 1820 2202 tumidi,

93 2201 230 2270 Ordines
245 2207 385 2288 religiosi
400 2211 661 2290 quemadmodum
690 2213 719 2274 in
742 2211 808 2276 suis
822 2211 914 2276 bonis
958 2210 1249 2288 nulleperoicacie
1261 2213 1740 2291 tarantarumealtamuidmtic
1752 2211 1823 2276 lini·

45 2287 204 2352 membris
233 2298 391 2354 maternam
422 2294 576 2372 praebent
602 2295 747 2360 fidelibus
769 2296 914 2360 omuibus
958 2293 1821 2378 discamndeeli.aerecendi,pnceticmmardicsimem

44 2373 220 2452 gloriandi,
237 2382 267 2436 et
282 2375 378 2438 ileum
398 2377 555 2441 laudandi:
580 2379 625 2440 sie
638 2381 729 2442 etiem
746 2385 864 2454 centra,
883 2381 913 2442 in
959 2379 1098 2440 vitamet
1107 2378 1403 2444 iulantisaimemie
1411 2379 1824 2460 treemgreteeimamipai

45 2455 120 2518 suis
136 2457 285 2520 membris
303 2459 391 2522 maiis
408 2462 521 2524 lentem
537 2461 629 2524 uobis
651 2464 794 2541 aperiunt
809 2464 915 2526 incon·
960 2476 1082 2524 munes
1093 2457 1234 2539 offerent
1245 2480 1267 2525 c
1282 2466 1525 2544 gueietepcaae
1536 2461 1748 2527 mernerunt?
1766 2460 1824 2524 Ne·

45 2537 232 2602 solabiliam
249 2542 467 2621 lacrymarum.
484 2543 561 2607 Vere
576 2545 658 2608 eaim
676 2545 805 2624 scripsit
816 2562 844 2610 s.
858 2546 915 2610 tta·
960 2560 1014 2606 mo
1025 2545 1358 2623 guicgeampeaaidet
1369 2549 1541 2628 propriam
1556 2559 1655 2612 nemo
1667 2545 1825 2624 cuiquem

45 2621 209 2702 gostinus,
224 2639 286 2687 aen
299 2641 334 2688 se
349 2626 464 2690 rtdtssa
481 2629 626 2692 meliores
642 2629 748 2708 iis,qoi
763 2629 794 2692 iu
811 2646 914 2692 meaa·
963 2642 1118 2690 onerosus
1134 2628 1320 2692 ascraeum
1332 2647 1409 2696 ocra
1423 2646 1493 2695 non
1507 2631 1614 2693 solum
1627 2627 1828 2690 aanuuaimi

47 2705 159 2768 steriis
175 2705 394 2786 proiecerunt,
420 2727 521 2790 neque
544 2711 715 2776 deteriores
737 2712 775 2774 iis
791 2759 799 2784 ,
817 2712 870 2791 gui
886 2715 916 2776 iu
962 2710 1179 2785 marinumued
1191 2714 1288 2776 etiem
1304 2714 1419 2778 diuina
1434 2715 1584 2778 decimae
1597 2709 1826 2774 nunciantium·

51 2790 256 2852 monasteriis
279 2790 470 2858 deiecerant.
494 2793 665 2874 Regularcs
687 2797 771 2858 enim
797 2795 917 2858 similes
963 2794 1287 2875 audomaropolin
1302 2798 1553 2872 cumulantius,
1579 2809 1659 2876 garae
1673 2790 1827 2878 filiosuo·

47 2887 126 2934 esse
139 2873 280 2950 rideatur
293 2873 414 2939 deabus
424 2875 667 2954 Ieremiae‚iuter
680 2895 852 2958 euremaro
864 2879 917 2942 eo·
962 2880 1458 2956 cant.magnemeinteoeado
1483 2878 1826 2957 auctoritatemque

46 2970 111 3018 nae
126 2961 543 3036 eranterenteooaeralde,
557 2968 679 3041 atquae
692 2963 802 3037 molae,
819 2964 918 3026 renlee
965 2975 1078 3024 eorum
1091 2960 1644 3040 inaladiendooatemauueatqae
1654 2960 1825 3040 postmulta

48 3037 300 3103 raideiieieram
312 3045 470 3122 peucisen
483 3044 670 3129 testimoniis
693 3054 824 3125 quatuor
843 3045 917 3108 insi·
963 3043 1219 3120 alie,oaaenimis
1234 3045 1828 3127 tengomesaetatcpoaereiatcrgaee

51 3122 164 3202 guium
181 3121 345 3188 Deciorum
361 3173 369 3198 ,
398 3124 507 3204 duales
529 3127 643 3191 luerint
664 3129 736 3192 elim
752 3129 917 3204 lienaclri3
964 3124 1040 3188 illud
1056 3133 1114 3203 cst,
1132 3129 1215 3206 guod
1230 3130 1290 3192 sub
1303 3147 1365 3194 ano
1381 3131 1470 3195 Patre
1484 3128 1719 3194 canreataatat
1735 3124 1824 3188 mini·

52 3205 175 3268 deinde
190 3209 310 3270 reniam
327 3210 364 3272 ad
378 3211 543 3274 maltorum
560 3212 728 3292 ruinam,et
740 3227 847 3274 casum
863 3212 917 3276 mi·
966 3226 1050 3270 mum
1065 3209 1286 3276 ilonaeltoram
1301 3213 1357 3276 trie
1372 3213 1491 3291 taillia,
1514 3212 1554 3274 ita
1571 3210 1741 3274 concludit:
1764 3207 1827 3272 Hae

52 3287 225 3352 serabitem
242 3291 481 3370 deplorandum.
964 3306 1081 3360 mores.
1098 3291 1294 3360 imacuilem
1307 3342 1317 3373 ,
1332 3297 1420 3360 lurum
1434 3297 1609 3367 ordinem.
1625 3294 1689 3358 lae
1699 3293 1828 3356 instite-

98 3371 233 3438 Sanctus
249 3373 416 3456 Gregorius
431 3377 639 3441 Nazianzenus
662 3378 692 3440 in
715 3377 864 3458 Apologia
880 3379 918 3444 de
966 3380 1035 3438 tem
1048 3377 1078 3438 si
1092 3377 1233 3442 laudere
1248 3382 1357 3458 uelim,
1369 3395 1430 3446 nec
1445 3381 1545 3459 digne
1558 3376 1698 3454 aetnaei
1713 3390 1827 3443 carena

52 3455 129 3538 iuga
144 3471 213 3528 sua,
230 3475 299 3520 cum
316 3459 536 3538 descripsisset
547 3463 626 3524 bona
638 3462 856 3526 Menaenorum
869 3463 916 3526 sai
965 3459 1173 3524 maledicere
1193 3463 1312 3528 uidear
1325 3511 1333 3536 ‚
1347 3481 1409 3544 par
1422 3479 1455 3526 ee
1475 3465 1585 3543 mcum
1600 3460 1827 3524 tantummodo

53 3542 224 3618 temporis,
243 3541 339 3619 ielis,
356 3543 466 3622 inquit,
478 3552 523 3608 ast
537 3545 655 3608 Geruli
665 3545 833 3624 gerntalie
844 3561 920 3625 pes·
967 3543 1154 3621 capacium
1167 3546 1298 3622 placere
1312 3562 1382 3610 non
1395 3562 1506 3627 passer
1524 3546 1666 3624 manger
1676 3546 1830 3608 narrate·

55 3624 192 3686 eionum
210 3621 329 3690 Christi
342 3627 488 3701 meolam,
511 3644 608 3710 guam
629 3630 698 3709 ipse
720 3630 761 3692 dc
775 3635 863 3694 terro
878 3631 922 3694 nd
968 3627 1279 3706 riseimplicilntem,
1303 3631 1500 3696 calnomum
1521 3630 1620 3692 eiiam
1646 3627 1829 3692 laudatoris

57 3703 193 3770 Patrem
207 3707 320 3788 defert.
337 3709 535 3789 Religionis,
551 3713 700 3792 iugatum,
719 3711 923 3776 decutienac
969 3708 1162 3774 addendam
1175 3717 1344 3792 puteacro.
1373 3767 1376 3772 .

61 3790 240 3867 columen,
262 3793 379 3872 populi
394 3793 492 3858 decus
506 3795 626 3860 mundi
646 3795 921 3873 laudamentum,
1017 3792 1101 3870 Quae
1113 3799 1212 3858 aulem
1228 3797 1326 3859 sancti
1341 3797 1446 3860 Patres
1466 3793 1684 3865 Nazianzenus,
1702 3792 1832 3873 Chryso·

60 3891 138 3938 cum
153 3875 342 3940 coelestibus
352 3877 655 3956 pulchritudinibus
676 3879 842 3960 elegantia
855 3897 927 3961 pro·
974 3883 1106 3952 stemus,
1123 3877 1341 3961 Hieronymus,
1358 3887 1388 3944 et
1402 3878 1593 3960 Augustinus
1613 3877 1653 3940 de
1674 3875 1833 3940 llouaclris

57 3957 237 4038 pemodum
253 3967 392 4026 certene.
975 3963 1024 4023 sai
1042 3961 1336 4040 temperisdicunt,
1360 3978 1528 4042 possumus
1549 3977 1607 4024 aas
1621 3960 1713 4023 etiam
1729 3959 1834 4022 dicere

107 4039 142 4104 S.
159 4040 296 4106 loannes
312 4043 551 4124 chrysostomus
574 4045 620 4110 sie
634 4047 783 4126 teguttar:
801 4045 837 4111 Si
857 4048 931 4130 guis
976 4044 1015 4107 de
1040 4044 1219 4121 primordiis
1247 4046 1385 4110 omnium
1416 4046 1558 4110 ordinum
1587 4042 1833 4122 Heligieseram.

61 4141 155 4190 nune
171 4126 217 4189 od
231 4125 370 4210 Aegypti
383 4129 494 4192 acciat
516 4129 748 4207 solitudinem,
772 4131 930 4209 paradise
974 4127 1049 4192 Nom
1070 4134 1099 4191 et
1113 4129 1212 4192 sancti
1237 4130 1417 4206 Benedicti,
1442 4135 1473 4194 et
1493 4128 1591 4191 suncti
1614 4125 1763 4189 liemiaici
1778 4171 1786 4200 ‚
1803 4131 1835 4188 et

59 4223 201 4289 prorsus
214 4226 344 4274 emnem
355 4213 449 4276 illem
458 4229 602 4278 eremium
613 4213 735 4278 uidebit
747 4215 931 4293 digniorem
976 4214 1074 4274 sancti
1089 4211 1260 4291 Francisci,
1283 4219 1314 4276 et
1328 4213 1465 4277 amnium
1487 4211 1615 4275 aliorum
1638 4209 1831 4285 Sanctorum,
1914 4283 1930 4300 υ

60 4297 91 4356 et
106 4293 305 4358 innumeros
326 4293 525 4375 Angelorum
548 4297 662 4362 choros
683 4301 720 4362 ie
743 4297 933 4378 corporibus
976 4294 1030 4374 gai
1046 4293 1210 4375 religiosos
1224 4295 1351 4360 ordines
1373 4295 1594 4366 instituerant,
1611 4291 1678 4368 iiiii,
1695 4298 1726 4354 et
1739 4307 1835 4369 nepo·

62 4375 194 4454 fulgere
209 4378 472 4444 marcelliacum
485 4381 572 4444 enim
587 4397 720 4444 eernere
732 4385 798 4446 tote
811 4381 871 4444 illa
884 4397 934 4444 ra·
978 4385 1025 4442 tes
1040 4385 1096 4456 per
1111 4379 1223 4442 multos
1238 4395 1337 4444 annes
1351 4377 1392 4442 ite
1407 4383 1525 4455 sancte,
1541 4377 1605 4457 pie,
1623 4374 1834 4470 perlectoque

62 4461 164 4538 piane
181 4457 341 4540 diffusum
364 4464 553 4526 aceretem.
571 4463 690 4528 Christi
711 4471 741 4526 el
755 4463 933 4528 admirabi-
977 4461 1128 4536 nument,
1144 4469 1177 4524 ut
1191 4462 1240 4526 rel
1255 4478 1365 4526 omues
1379 4463 1428 4526 rel
1443 4477 1549 4526 eerum
1561 4475 1633 4541 pers
1646 4460 1774 4522 maxime
1790 4473 1835 4520 ra·

64 4543 129 4604 lem
144 4541 241 4608 illem
254 4549 381 4625 regium
397 4562 548 4628 gregem,
571 4549 814 4628 uirtutemque,
832 4549 932 4612 eccle·
978 4545 1059 4625 sigui
1074 4545 1236 4610 sanctitate
1251 4543 1423 4610 floruerint.
1440 4545 1549 4611 Postea
1573 4548 1674 4606 tamen
1690 4540 1837 4637 multipli3

64 4627 166 4690 stium
182 4631 462 4694 concenationem
475 4630 514 4694 iu
529 4632 623 4694 terris
637 4635 824 4702 micantem.
979 4627 1042 4692 cari
1058 4633 1230 4708 coeperant
1251 4629 1410 4710 regulares
1432 4628 1500 4692 siae
1524 4641 1676 4702 uomere,
1700 4629 1731 4687 et
1752 4625 1839 4720 malta

27 4729 30 4738 ·
108 4707 143 4772 S.
157 4709 366 4792 Hieronymus
378 4713 408 4774 ia
423 4711 554 4790 epistola
567 4715 604 4776 ad
617 4713 829 4778 Heliodorum:
845 4713 933 4780 Ode·
979 4727 1041 4776 uon
1056 4728 1073 4775 a
1087 4711 1152 4776 Dee
1166 4713 1263 4776 receti
1279 4713 1443 4775 adstatam
1467 4708 1678 4791 perlectionis,
1695 4708 1750 4771 sad
1766 4707 1835 4804 altis

66 4795 203 4865 serlum,
221 4796 332 4876 inquit,
351 4794 467 4860 demeti
481 4795 615 4876 floribus
636 4798 798 4862 uernans!
824 4796 934 4864 anli·
978 4793 1151 4860 rationibus
1162 4795 1287 4858 adducti
1302 4794 1488 4860 monasterie
1511 4793 1720 4872 repleverunt:
1738 4798 1769 4854 et
1782 4807 1838 4854 rm·

66 4877 146 4940 tudo
161 4925 168 4948 ,
186 4877 225 4940 in
241 4895 308 4960 gua
324 4879 376 4943 illi
389 4887 574 4944 nascuntur
589 4881 739 4960 lapides,
762 4883 802 4944 de
817 4882 934 4962 geleta
981 4880 1096 4958 pletum
1113 4883 1161 4942 est
1173 4879 1250 4941 iliad
1267 4879 1377 4956 isaiae,
1393 4876 1618 4957 ltalta'pltcasu·
1627 4880 1839 4955 guntemirum

67 4959 107 5022 in
124 4957 324 5044 Apocalypsi
339 4964 452 5026 ciuiles
466 4964 580 5044 magui
593 4961 689 5043 Regis
710 4965 895 5028 extruitur!
912 4963 936 5030 0
979 4959 1200 5043 magnificasti
1216 4963 1386 5025 laetitiam.
1411 4960 1487 5024 lade
1510 4967 1578 5024 nata
1601 4967 1673 5021 sunt
1695 4957 1842 5022 scandata

68 5057 197 5106 eremus
211 5043 413 5122 familiarius
426 5045 489 5110 Deo
504 5047 666 5126 gaudeus.
979 5048 1092 5126 grania.
1109 5051 1140 5108 et
1156 5045 1348 5124 multiplicia,
1364 5044 1508 5110 omnibus
1524 5049 1613 5118 ueta,
1638 5058 1719 5120 qaae
1742 5049 1836 5104 mate·

114 5127 147 5190 S.
165 5127 356 5208 Augustinus
373 5127 405 5191 in
421 5129 501 5192 libro
525 5130 564 5193 de
588 5131 726 5196 maribus
749 5129 930 5194 Ecclesiae:
978 5128 1054 5192 riam
1070 5129 1198 5192 uberem
1212 5127 1536 5206 praeboalcolumlree
1549 5124 1740 5207 gemendi,et
1753 5125 1838 5202 plan·

71 5207 172 5276 lllilail.
191 5211 301 5290 lnquit.
319 5213 358 5278 de
371 5213 413 5276 iis
428 5214 612 5294 dicamque·
624 5213 831 5278 secretissimi
842 5207 932 5290 peni·
980 5211 1072 5293 gandi
1085 5211 1315 5285 relaxationem,
1334 5227 1375 5274 oe
1389 5212 1487 5274 dicam
1504 5207 1838 5288 eorreptionemordi·

71 5297 124 5357 lus
139 5291 181 5358 ed
196 5297 288 5360 omui
309 5295 481 5360 laureum
497 5303 668 5376 conspecta
689 5313 775 5376 pene
796 5297 886 5372 eolo,
907 5303 936 5360 et
980 5312 1053 5358 uum
1070 5293 1295 5376 religiosorum.
1313 5294 1456 5369 Quamuis
1471 5293 1553 5358 euim
1571 5293 1676 5356 nullas
1701 5292 1748 5386 sit·
1762 5290 1839 5354 ordo

72 5393 164 5458 egea
180 5383 323 5444 centena·
338 5380 571 5444 desertissimas
582 5385 685 5444 terres
699 5380 936 5459 incelenlpcr-
979 5379 1157 5460 religiosus,
1172 5379 1204 5442 ia
1220 5394 1280 5458 que
1297 5394 1358 5442 noo
1374 5378 1471 5457 aliqui
1484 5393 1557 5440 rere
1572 5376 1627 5456 pii,
1652 5379 1838 5470 sanctaque,

71 5459 217 5542 fruentes
228 5463 636 5546 collegeid·uea·,cetpum
648 5465 809 5528 mentibus
821 5463 936 5528 initae·
981 5464 1187 5542 reperientem
1203 5467 1304 5524 tamen
1322 5463 1425 5542 negari
1441 5477 1503 5524 nan
1520 5467 1708 5540 petest,earn
1726 5471 1836 5536 magna

74 5551 212 5624 amuel,
237 5553 267 5612 et
289 5549 358 5612 ciue
380 5547 636 5628 pelcluitudiuis
664 5548 936 5627 contemplatione
982 5545 1153 5611 inveniatur
1169 5546 1199 5608 ia
1216 5545 1401 5622 aaieasdam
1415 5543 1576 5610 ordinibus
1587 5539 1748 5606 multitudo
1762 5541 1839 5635 reia·

76 5629 265 5710 lentmsimi,
282 5649 367 5712 gene
381 5630 448 5696 nisi
462 5629 657 5694 Sanctarum
676 5631 843 5696 intellectu
863 5647 934 5710 per·
979 5638 1130 5695 ratarum.
1147 5627 1184 5692 lit
1198 5627 1327 5692 tortasse
1341 5627 1487 5708 impletur
1509 5627 1623 5694 nestris
1645 5623 1840 5704 temperabas

77 5715 143 5796 cipi
157 5731 226 5780 nen
238 5725 351 5796 petest,
370 5725 399 5778 et
413 5714 503 5794 paulo
520 5723 601 5793 post:
617 5715 682 5780 Hoc
696 5723 762 5780 tom
775 5715 936 5780 cancellans
983 5715 1062 5792 gaad
1076 5712 1188 5776 accidit
1204 5713 1304 5774 ordini
1322 5729 1349 5776 s.
1365 5711 1534 5778 Pachomii.
