4080 6252
284 287 337 349 ate
850 279 898 343 DE
916 279 1014 340 ARTE
1034 278 1132 340 BENE
1151 281 1328 343 ttoststsbt

218 422 258 494 dc
272 421 339 486 iuro
353 424 509 500 pertinere
524 421 707 504 intelligent,
725 437 826 504 noque
839 422 943 486 sinent
955 435 991 484 sc
1003 425 1060 484 tro·
1104 415 1286 482 lavabantur
1300 419 1463 486 sacrificiis
1478 437 1626 500 umorem
1642 423 1674 489 ic
1698 423 1905 490 Testamenta
1918 437 1973 484 ve-

211 505 296 571 biad
313 523 474 586 personas,
490 524 566 587 quas
596 507 692 584 magis
718 505 870 586 diligunt,
894 505 1059 587 siqnoquo
1105 500 1174 564 teri.
1771 524 1773 534 ·

212 589 313 654 modo
327 599 478 672 repugnet
499 590 624 656 iustitia.
644 587 679 657 lo
699 588 739 651 iis
761 605 844 668 vero,
861 607 940 671 quae
960 589 1000 654 ab
1015 605 1059 652 or·

210 671 303 734 bilvio
318 672 563 750 dependentsoo
578 673 780 738 consuleutiu
805 676 911 752 primis
933 674 1060 756 gloriam
1452 663 1535 729 CAP·
1557 663 1608 730 Vl·

213 753 289 826 Dei,
320 756 432 819 deinde
454 758 658 837 proximorum
682 757 897 822 necessitates.
924 760 1010 836 Quod
1033 762 1060 828 si
1604 819 1608 827 .

213 839 290 902 torte
312 839 468 904 abundent
490 839 619 916 divitiis,
643 857 719 920 quas
739 841 781 904 uti
803 859 1057 924 supervacaneas,
1103 833 1147 904 De
1161 838 1252 898 ⁸⁰⁹²¹⁰
1270 835 1542 917 praeceptorumve
1558 835 1830 904 bistssmffffldi·
1852 833 1968 898 ΜΝΞ

212 923 400 1006 pauperibus
423 925 479 988 iam
504 925 619 990 dudum
644 925 828 990 distribuere
855 927 1057 1008 debuisseut;
1219 917 1290 984 t'am
1300 925 1411 992 morie.
1428 921 1576 1000 duodeii
1591 922 1630 982 de
1645 918 1849 997 ῦθιιΐθὸδῑθιιθ

213 1023 274 1072 non
291 1008 465 1072 existiment
480 1027 513 1074 se
529 1007 738 1071 conscientiae
753 1009 992 1090 satisfecissesi·
1002 1015 1060 1080 boo
1431 1008 1651 1084 mmmm·

212 1089 397 1170 ipsum-cum
414 1093 483 1156 aliis
498 1091 678 1156 criminibus
690 1091 917 1156 suissooerdott
931 1112 1057 1174 sperne·
1405 1164 1407 1172 ,

212 1177 282 1248 rint,
301 1180 330 1236 et
344 1175 567 1243 absolutionem
590 1175 797 1251 obtinuerint,
828 1178 887 1240 nisi
913 1195 964 1242 res
992 1181 1059 1246 illas
1143 1179 1215 1241 Post
1236 1176 1515 1242 considerationem
1538 1177 1668 1254 quatuor
1697 1171 1968 1236 novissimorum.

211 1257 399 1338 paoperibus
422 1259 539 1338 erogari
555 1257 783 1334 mandaverint,
809 1261 857 1322 vel
882 1261 941 1339 ipsi
958 1265 1060 1341 potius
1103 1267 1133 1324 et
1148 1262 1242 1324 rebus
1264 1259 1445 1324 domesticis
1464 1258 1629 1338 expeditis.
1649 1271 1781 1320 necesso
1796 1263 1848 1320 cst
1858 1261 1897 1316 ut
1913 1255 1968 1318 be-

214 1341 359 1402 ccotinuo
375 1341 576 1422 erogaverint.
593 1340 647 1402 Est
662 1343 744 1402 enim
761 1346 913 1406 sententia
926 1363 1058 1409 commo·
1104 1361 1153 1410 mo
1168 1360 1275 1418 senon,
1292 1345 1338 1406 vei
1351 1342 1531 1421 periculoso
1554 1341 1661 1404 morbo
1686 1340 1858 1410 laborans,
1883 1339 1969 1400 serio

218 1423 265 1489 nis
295 1431 468 1488 sannionum
495 1433 611 1504 petrum
642 1431 669 1485 et
699 1425 931 1502 praecipuorum
955 1431 1058 1492 docto·
1103 1429 1237 1490 animum
1252 1426 1411 1505 applicet.
1434 1425 1559 1488 reiectis
1582 1423 1779 1497 aliiscuvis,
1803 1423 1844 1484 ad
1860 1437 1965 1482 sacra·

215 1522 282 1568 vum
298 1507 563 1585 sotrotasttcorum,
580 1524 629 1570 ves
651 1524 895 1584 supervacaneas
916 1515 1059 1590 pauperi·
1103 1517 1239 1572 mentum
1256 1508 1464 1574 Poenitontiae
1477 1511 1535 1570 rito
1551 1506 1796 1586 percipiendum.
1810 1504 1921 1580 Saepe
1937 1520 1966 1562 c·

213 1583 273 1654 bus
291 1589 415 1668 deberi,
430 1595 478 1652 dc
499 1610 556 1672 qun
572 1607 613 1678 fro
634 1592 816 1667 scripsimus
830 1591 859 1653 iu
877 1593 955 1657 libro
978 1597 1057 1672 prio·
1103 1593 1164 1656 uim
1178 1593 1288 1656 accidit
1300 1597 1330 1654 in
1341 1593 1571 1658 Sacramentum
1584 1589 1876 1666 Poenitentiac,quo
1889 1592 1966 1648 teur-

209 1688 263 1745 re,
288 1671 387 1751 capite
412 1692 513 1744 nono.
537 1689 615 1750 qoao
638 1673 802 1752 repetenda
827 1691 886 1737 non
909 1684 991 1740 sunt.
1013 1678 1058 1742 Do
1102 1692 1177 1754 poro
1192 1678 1291 1756 magis
1301 1685 1348 1740 εει
1364 1673 1654 1748 necessarium,ilio
1667 1673 1737 1750 ipso
1748 1678 1899 1748 tempore
1914 1670 1965 1730 mi·

212 1752 254 1818 iis
275 1771 359 1826 vcro,
384 1775 461 1834 quae
477 1758 600 1820 arbitrio
615 1773 671 1820 suo
688 1758 800 1819 donare
817 1766 969 1836 poterunt,
987 1779 1059 1824 oon·
1103 1777 1161 1820 nus
1177 1767 1318 1822 accurate
1340 1760 1541 1836 suscipiatur.
1559 1757 1617 1832 ilci
1631 1757 1713 1816 onim
1736 1757 1821 1832 gravi
1850 1753 1961 1814 morbo

211 1838 313 1900 sulont
329 1843 408 1902 rins
425 1841 503 1914 pins,
528 1857 604 1918 quoe
626 1841 688 1900 sint
709 1855 801 1915 opera
825 1842 979 1905 charitatis
995 1862 1057 1910 rna·
1103 1843 1253 1912 laborant,
1270 1844 1317 1904 vel
1333 1841 1492 1906 doloribus
1504 1841 1657 1920 impediti,
1671 1839 1720 1900 vel
1732 1838 1967 1910 debilitate,aot

211 1921 259 1999 gis
281 1929 363 2000 grata
387 1925 462 1999 beo,
488 1941 540 1998 pro
563 1924 642 1995 loco,
667 1926 698 1984 ει
719 1926 868 2000 tempore,
890 1926 1003 1990 alicubi
1026 1949 1056 1992 c·
1103 1927 1268 1990 deiicieote
1281 1927 1407 1996 iudicio,
1427 1927 1473 1987 vel
1490 1925 1617 1985 borrore
1633 1920 1828 2000 propinquae
1841 1918 1963 1980 mortis.

208 2003 270 2074 nim
295 2006 391 2085 magis
413 2007 534 2086 urgebit
555 2005 723 2068 aedificatio
740 2005 908 2077 Ecclesiae.
924 2011 969 2072 vol
982 2009 1057 2076 Goe-
1102 2011 1156 2071 vel·
1171 2025 1276 2072 amove
1292 2010 1466 2078 charorum.
1482 2023 1561 2087 quos
1575 2005 1663 2068 inviti
1678 2005 1876 2079 relinquunt,
1890 2004 1967 2060 satis

209 2087 341 2160 meterii,
360 2090 431 2152 alibi
449 2090 609 2152 collocatio
623 2088 877 2167 paupercularum
903 2093 1056 2171 virgiuum
1101 2093 1310 2169 imperfectam
1328 2090 1556 2156 confessionem
1574 2093 1769 2164 peccatorum
1786 2086 1923 2154 iaciunt,
1940 2094 1969 2144 et

206 2169 238 2232 in
266 2172 459 2236 matrimonio
482 2173 553 2236 aiibi
581 2173 743 2234 multitudo
775 2181 997 2253 aegrotantium
1025 2180 1056 2242 in
1101 2176 1187 2236 valde
1203 2191 1295 2254 aegro
1318 2173 1534 2236 contritionem
1561 2188 1662 2234 veram
1688 2178 1718 2231 et
1741 2169 1917 2244 perdoctam
1934 2169 1962 2228 in

205 2251 419 2330 Xenodocbic,
442 2256 488 2318 vel
511 2271 683 2338 pauperum¹
695 2255 933 2320 mendicantium
951 2261 980 2321 in
996 2265 1057 2338 pta·
1100 2257 1162 2319 illis
1178 2257 1328 2337 angustiis
1343 2259 1374 2319 in
1390 2274 1424 2318 se
1440 2258 1499 2336 ipsi
1512 2257 1645 2332 excitare
1659 2259 1792 2329 queunt.

210 2337 280 2412 teis,
293 2338 368 2400 alibi
383 2340 554 2417 redemptio
576 2338 773 2416 captivorum.
799 2338 937 2418 lienique
952 2342 984 2404 in
1001 2349 1055 2408 bu-
1141 2342 1240 2404 'lestis
1256 2358 1315 2418 ego
1329 2356 1455 2417 possum
1472 2354 1544 2404 esso
1558 2337 1651 2400 buius
1662 2334 1965 2410 difficultatis,quanr

211 2417 346 2486 iusnrodt
379 2422 594 2484 distributione
618 2421 699 2483 nulls
726 2426 773 2482 εει
794 2425 896 2501 regula
924 2427 1053 2503 melior,
1098 2425 1214 2502 aegroti
1231 2425 1438 2502 utplurimum
1456 2426 1620 2502 patiuntur.
1638 2421 1709 2480 llam
1726 2419 1961 2492 cum-aliquan·

206 2518 296 2578 quam
319 2502 397 2578 tides
418 2507 566 2575 siucero,
590 2509 619 2564 ct
638 2505 847 2581 procidentia
867 2511 1053 2588 perspicae,
1099 2510 1138 2567 do
1153 2508 1316 2570 inviserem
1330 2511 1473 2581 avaricum,
1491 2507 1586 2568 virum
1600 2505 1724 2565 divitem
1740 2509 1770 2562 ει
1792 2501 1937 2564 nobilem
1953 2550 1960 2566 .

205 2591 239 2644 ut
253 2587 361 2656 scribit
378 2604 404 2651 ε.
428 2587 607 2651 Ambrosius
624 2634 633 2662 ,
649 2588 700 2650 cel
714 2587 857 2651 chorites
883 2607 956 2652 carm
978 2612 1052 2671 pru·
1099 2591 1150 2664 qut
1175 2608 1210 2652 ex
1228 2598 1353 2666 peccato
1368 2592 1498 2664 quodem
1525 2586 1609 2669 grani
1633 2590 1810 2662 perpetrato
1826 2587 1859 2664 in
1877 2600 1962 2646 mor-

202 2667 322 2734 dentia,
339 2676 368 2731 ει
381 2673 560 2748 pandentia
584 2687 659 2734 curn
683 2670 840 2733 obesitate
864 2677 1051 2750 coniuncto,
1099 2673 1171 2736 born
1187 2675 1331 2736 letirnlem
1347 2675 1508 2748 inciderat,
1525 2680 1616 2749 atque
1638 2669 1667 2732 ei
1693 2670 1853 2743 dicerem,
1886 2667 1964 2729 nibil

202 2747 285 2822 (La'b.
305 2747 335 2812 3.
352 2753 391 2814 clo
406 2751 488 2834 offic.
512 2771 584 2834 cop.
608 2753 658 2816 ts.
676 2751 706 2816 3.
723 2753 799 2816 Por.
824 2757 909 2818 Post.
935 2756 1052 2823 Adam.
1100 2758 1127 2818 ei
1150 2757 1315 2820 salutarius
1342 2757 1371 2817 in
1395 2774 1431 2818 eo
1453 2757 1604 2833 temporis
1626 2753 1755 2816 articulo
1775 2767 1848 2818 osse
1866 2767 1963 2828 posse

202 2829 269 2908 2l·)
285 2843 316 2894 ut
330 2835 468 2910 toqunur
487 2852 512 2898 ε.
526 2835 706 2914 ‚Gregorius
1099 2857 1188 2917 quarn
1212 2857 1312 2901 vorsnr
1337 2846 1532 2918 peccatorum
1548 2853 1674 2900 suorum
1691 2837 1917 2912 poenitentiam
1933 2845 1963 2894 ct

241 2913 322 2986 Illud
339 2928 438 2986 autom
456 2921 556 2996 magni
571 2919 720 2981 momenti
735 2936 807 2980 esse
830 2921 960 2997 videtur,
980 2932 1011 2986 ut
1024 2943 1055 2988 e·
1097 2923 1401 3000 contritionem,quia
1416 2921 1499 2984 Deos
1516 2939 1569 2984 cor
1585 2921 1749 2981 contritum
1768 2927 1799 2978 et
1814 2917 1962 2978 bumilia-

200 2995 411 3080 iccmosynae,
426 3019 504 3078 qnae
520 3001 624 3064 iinnta
643 3003 837 3075 viventibus,
860 3007 906 3066 vei
929 3015 960 3068 ut
983 3007 1054 3071 lierni
1098 3012 1161 3066 tom
1185 3022 1349 3083 numquam
1372 3005 1516 3082 despicit,
1541 3004 1701 3080 respondit
1728 3000 1806 3062 illc:
1830 3008 1864 3060 ει
1886 3005 1960 3076 quid

200 3084 383 3150 mandantur
406 3103 421 3148 a
441 3086 668 3162 morientibus,
693 3091 766 3148 tunc
786 3088 979 3164 potissimum
1003 3103 1054 3156 aot
1099 3098 1146 3150 εει
1161 3087 1321 3150 contritio?
1344 3104 1403 3150 coo
1428 3090 1518 3165 capio
1531 3087 1605 3160 qnid
1622 3103 1637 3146 a
1655 3100 1703 3148 me
1717 3086 1875 3161 requiras.
1900 3082 1960 3144 Su-

197 3161 284 3243 dant,
308 3170 429 3248 quando
452 3171 479 3230 is
502 3167 553 3244 qui
577 3167 647 3229 iacit
670 3169 717 3229 vcl
733 3169 867 3243 mandat,
884 3181 931 3234 εει
947 3184 1052 3254 gratus
1099 3173 1178 3232 bieci
1202 3169 1355 3244 egcifloc
1372 3170 1506 3246 requiro.
1524 3178 1608 3234 utcu
1631 3183 1701 3230 voro
1727 3167 1823 3229 corde
1849 3166 1960 3244 displi-

197 3249 366 3323 Damione
389 3254 470 3314 enim
496 3252 637 3314 meritum
654 3268 796 3330 magnum
813 3253 978 3317 conciliant
995 3259 1053 3320 iar·
1098 3253 1332 3330 ceattibiquod
1349 3254 1380 3314 in
1397 3249 1492 3318 Deum
1509 3251 1942 3332 peccaverisctomnincsta

197 3334 307 3414 gieuti,
326 3345 356 3398 et
378 3336 528 3398 eiusmodi
551 3336 622 3396 boni
647 3335 882 3414 eleemosynarii
899 3342 1052 3418 recipinn-
1097 3343 1176 3404 tuas.
1190 3339 1216 3398 si
1231 3337 1346 3398 diutius
1368 3337 1502 3410 vixeris,
1522 3351 1688 3414 numquam
1703 3335 1840 3410 amplius
1857 3333 1957 3394 ileum

195 3421 277 3481 tura
297 3420 387 3482 bonis
409 3419 518 3480 amicis
537 3417 568 3479 in
593 3423 714 3479 aeterna
736 3418 945 3494 tabernacula,
963 3421 1050 3500 (an.
1097 3419 1256 3484 offendere
1273 3461 1285 3488 ,-
1305 3420 1398 3498 idque
1415 3427 1510 3484 toturn
1527 3417 1675 3500 procedat
1700 3433 1736 3480 ex
1759 3432 1832 3478 vero
1848 3433 1958 3478 amore

195 3497 263 3584 to.)
292 3503 376 3578 jurtn
400 3500 635 3578 promissionem
659 3499 769 3563 Cbristi
786 3503 1005 3579 opud-Lucam.
1022 3507 1053 3570 Si
1098 3503 1167 3578 Dei,
1184 3505 1238 3580 qui·
1252 3503 1304 3564 tibi
1320 3502 1556 3566 innumerabilia
1574 3499 1723 3562 beneficia
1737 3500 1959 3578 praestitit,cot

196 3601 267 3647 vevo
285 3585 368 3655 fiant,
386 3592 438 3646 aul
452 3589 612 3646 mandetur
635 3591 667 3644 ut
689 3583 772 3659 dant,
795 3587 834 3646 sb
857 3589 982 3650 bomine
997 3591 1051 3652 im·
1100 3595 1130 3647 ln
1146 3587 1372 3666 ingratissimus
1386 3602 1439 3660 pvo
1456 3585 1617 3648 beneflciis
1631 3583 1760 3644 iniurias
1776 3583 1958 3643 reddidisti.

196 3669 260 3745 pio,
279 3675 350 3730 tnnc
373 3671 590 3746 eleemosynae
614 3682 674 3726 non
698 3676 826 3744 prosunt
849 3669 886 3732 ad
902 3671 991 3746 vitam
1004 3691 1051 3736 ac·
1100 3669 1411 3747 Responditille:Non
1428 3667 1566 3746 intelligo
1583 3684 1644 3730 nou
1660 3681 1835 3742 sumcapax
1852 3681 1956 3726 rerum

195 3757 310 3811 ternam
335 3751 483 3830 quidquid
507 3752 546 3812 sit
568 3751 607 3811 de
629 3749 696 3809 aliis
719 3750 966 3830 maritimosque
988 3755 1051 3818 clii·
1098 3753 1236 3816 istavum:
1252 3752 1294 3815 Ile
1311 3753 1398 3824 obiit,
1422 3754 1509 3830 sigua
1540 3749 1749 3812 damnationis
1774 3764 1852 3808 suae
1880 3749 1955 3808 satis

195 3833 281 3895 ciunt
299 3842 331 3895 ut
355 3835 517 3912 largitores
544 3834 731 3907 recipientur
752 3834 783 3896 in
806 3842 928 3898 aeterna
954 3839 1050 3900 taber·
1098 3845 1201 3910 apertu
1216 3835 1305 3898 nobis
1317 3837 1510 3914 relinquens.
1536 3834 1617 3895 llaec
1632 3831 1787 3894 etsimilia
1811 3831 1955 3906 exempla

195 3919 316 3978 nacula.
335 3917 432 3990 Quare
455 3915 681 3977 consulendum
705 3926 752 3978 εει
774 3934 797 3978 ε,
813 3921 955 3994 prodenti
978 3938 1051 3984 con·
1098 3934 1154 3980 nos
1170 3926 1308 3993 monent,
1326 3927 1358 3980 ut
1372 3936 1441 3980 cum
1459 3921 1538 3980 benc
1555 3919 1702 3983 valemus,
1726 3916 1771 3978 sic
1788 3914 1955 3974 conscicn-

192 3997 324 4060 lessario
346 4001 393 4060 vel
417 3999 525 4062 amicis
548 3997 677 4072 bomini,
701 4000 752 4074 qui
768 4001 827 4060 sibi
844 4005 988 4065 conscius
1005 4015 1064 4067 est.
1099 4001 1167 4062 liam
1185 4009 1316 4064 nostram
1333 4018 1549 4074 exoneremus,
1567 4009 1596 4060 et
1613 3997 1834 4074 poenitentiam
1852 4013 1953 4058 veram

194 4084 274 4158 quod
293 4088 507 4144 testamentum
531 4080 705 4144 condiderit
720 4098 789 4143 cunr
806 4083 920 4146 iaceret
936 4087 965 4146 in
982 4103 1050 4150 coe·
1097 4101 1233 4161 agamus,
1252 4103 1285 4145 ac
1301 4091 1326 4148 st
1343 4087 1394 4147 iila
1411 4085 1567 4146 confessio
1583 4084 1687 4146 ultima
1701 4083 1791 4144 nobis
1807 4085 1897 4140 esset
1913 4083 1957 4140 tu·

194 4182 234 4227 oo
256 4166 381 4228 lelbalis
405 4165 546 4244 peccati,
571 4169 604 4224 ct
617 4172 686 4240 post
699 4181 807 4226 novam
821 4167 1047 4233 conlessioocm
1095 4172 1172 4229 lura.

193 4249 316 4327 integre
338 4257 368 4310 et
390 4253 447 4310 rite
469 4252 636 4322 peractam,
659 4246 821 4310 conlivrnet
842 4258 872 4312 ει
887 4255 1048 4331 approbet,
1135 4251 1203 4313 Sed·
1220 4251 1419 4312 nibilominus
1449 4257 1549 4312 tanton
1577 4250 1606 4310 in
1637 4250 1704 4324 ipso
1726 4247 1808 4324 gravi
1846 4245 1956 4306 mcrbo

193 4348 229 4393 ac
252 4338 348 4394 catum
374 4333 484 4394 babeat
506 4328 535 4390 id
569 4338 691 4404 totum,
721 4333 803 4405 quod
826 4335 857 4392 in
881 4351 937 4396 suo
961 4345 1050 4399 testa·
1096 4333 1250 4398 cortessto
1263 4333 1492 4396 sacramentalis
1505 4341 1615 4408 quanta
1628 4330 1693 4394 lieri
1708 4337 1809 4404 potest
1820 4329 1955 4406 diiigen-

193 4421 297 4476 mento
314 4415 520 4492 disposuerat,
537 4430 572 4474 ac
596 4415 773 4489 praesertim
790 4416 828 4475 de
844 4417 1050 4498 eleemosynis
1097 4416 1136 4478 tia
1153 4415 1216 4480 deri
1234 4419 1338 4493 debet,
1363 4435 1398 4476 ac
1416 4416 1595 4493 pracsertim
1623 4413 1765 4476 contritio
1792 4412 1954 4474 excitanda

193 4506 263 4573 post
287 4499 403 4560 obitum
421 4507 511 4560 situm
533 4496 580 4558 vei
604 4494 765 4560 Ecclesiae
787 4499 833 4559 vel
862 4506 1049 4578 pauperibus
1097 4508 1144 4561 est
1159 4516 1195 4562 cx
1220 4517 1290 4562 vero
1307 4501 1413 4561 dolore
1430 4501 1663 4574 proeteritorum
1681 4504 1710 4558 et
1726 4497 1890 4573 proposito
1905 4493 1954 4554 fir·

196 4581 375 4654 largiendis.
1064 4579 1066 4586 ⁴
1097 4584 1235 4644 missimo
1251 4599 1311 4642 oon
1329 4583 1461 4659 anrpiius
1484 4582 1631 4660 peccandi
1659 4579 1684 4640 si
1708 4579 1840 4642 ulterius
1856 4581 1897 4638 sit
1914 4580 1955 4636 vi-

234 4662 421 4724 Addcndum
438 4667 487 4726 εει
501 4667 676 4739 postremo,
701 4669 733 4722 ut
755 4662 849 4738 quiin
867 4671 1050 4732 testamento
1097 4667 1239 4732 rendum.
1255 4665 1359 4740 Neque
1371 4667 1470 4727 soluto
1485 4667 1523 4728 de
1538 4662 1674 4742 peccatis
1691 4662 1866 4722 commissis
1879 4672 1955 4738 poe-

194 4761 254 4806 suo
277 4747 382 4808 multis
406 4744 587 4808 muneribus
609 4741 711 4806 affecit
727 4747 883 4822 proximos
898 4761 972 4812 suos
989 4768 1049 4814 non
1098 4747 1223 4810 nitentia
1247 4751 1365 4828 agenda
1389 4755 1447 4816 nst,
1465 4747 1520 4810 scd
1534 4747 1624 4808 etiarn
1641 4745 1679 4808 d'c
1695 4746 1844 4822 operibus
1860 4744 1954 4804 bonis

195 4827 393 4890 obliviscatur
418 4830 539 4891 auimoe
561 4842 648 4902 suae,
672 4831 852 4905 praesertim
876 4848 945 4892 oum
959 4834 1048 4897 iacile
1097 4831 1221 4894 omissis
1236 4835 1272 4892 ad
1290 4849 1366 4906 quae
1380 4849 1414 4895 er
1431 4829 1532 4892 ollicto
1548 4830 1594 4891 vel
1611 4846 1650 4890 ex
1664 4828 1810 4890 charitate
1827 4825 1938 4889 tencba

194 4910 261 4972 lieri
284 4913 394 4986 possit,
413 4919 447 4974 ut
462 4927 523 4972 non
545 4917 627 4972 recta
651 4909 680 4970 iu
705 4912 971 4989 coelomevciet,
994 4921 1050 4979 sed
1096 4915 1273 4977 morznruiti
1290 4915 1370 4976 eninr
1394 4916 1467 4976 satis
1493 4921 1634 4974 accurate
1658 4916 1781 4989 peccata
1805 4907 1949 4972 inlicem

194 4996 231 5056 ad
251 4996 422 5071 purgatorio
444 4992 824 5072 locadeducetur.1taqoe
838 4998 1005 5074 prudenter
1021 5007 1050 5062 et
1097 4995 1144 5060 vel
1161 4999 1329 5074 proximum
1346 4997 1479 5059 admissa
1496 4995 1716 5058 considerant.
1741 4993 1948 5054 omissionum

197 5079 250 5155 pic
266 5076 368 5146 laciet,
382 5078 409 5138 si
425 5083 541 5155 partem
553 5077 825 5154 eleemosynarum
849 5079 954 5142 iubeat
977 5099 1048 5144 con·
1096 5087 1196 5142 nntevu
1213 5081 1300 5142 iecilc
1316 5080 1538 5142 obliviscuntur
1551 5079 1610 5152 ,vel
1637 5095 1689 5138 eas
1713 5094 1782 5138 rrou
1796 5076 1948 5152 magnitu-

194 5159 269 5222 iervi
284 5159 511 5227 sacerdotibus.
528 5160 579 5237 qui
593 5176 647 5238 pro
663 5160 761 5222 anima
779 5161 878 5240 ipsius
894 5163 1047 5229 Sacriiieia
1096 5165 1192 5226 oioot.
1209 5164 1329 5226 Addere
1345 5179 1472 5243 possum
1489 5163 1579 5224 etiam
1602 5161 1661 5223 boc
1688 5160 1757 5222 loco
1773 5159 1948 5234 exemplum

196 5241 321 5304 Domini
337 5240 479 5304 oliereut.
496 5242 618 5308 Sancto
631 5245 713 5305 enirn
737 5247 766 5306 ct
785 5243 926 5308 salubris
941 5256 986 5310 est
1000 5265 1050 5311 co·
1097 5247 1172 5310 satis
1185 5248 1271 5310 utile.

195 5327 307 5404 pitatio
316 5341 379 5404 pro
391 5323 549 5402 defunctis
571 5342 723 5403 emoroce,
745 5332 781 5390 ιιι
791 5344 818 5388 c
831 5333 968 5404 peccetis
988 5333 1049 5394 sol·
1137 5329 1319 5410 Aegrotabat
1331 5327 1367 5388 od
1382 5333 1508 5388 mortem
1522 5325 1687 5406 episcopus
1700 5325 1786 5388 valde
1799 5324 1909 5388 doctus
1923 5329 1952 5384 rt

196 5418 328 5480 auctor,
346 5406 390 5490 (2.
403 5407 502 5470 diceb.
520 5405 585 5490 tt.)
600 5416 631 5472 ut
646 5410 758 5472 dicitur
783 5411 812 5472 in
827 5410 916 5472 libris
931 5411 1050 5474 blacha-
1098 5411 1179 5489 pius.
1196 5411 1335 5476 dcc-ossii
1349 5411 1384 5470 ad
1402 5427 1471 5471 curn
1489 5409 1636 5471 sacerdos
1663 5410 1783 5486 utrique
1810 5415 1949 5466 nostrum

196 5489 357 5554 baeorurr.
374 5491 418 5556 Ex
433 5507 493 5569 quo
510 5491 578 5552 loco
594 5492 711 5571 colligit
725 5510 752 5554 s.
769 5493 1048 5579 augustinusait.
1100 5494 1228 5566 amicus,
1245 5513 1260 5554 a
1277 5511 1336 5572 quo
1357 5495 1427 5554 ioco
1450 5497 1555 5570 accepi
1572 5494 1651 5570 qood
1676 5508 1779 5553 narro.
1797 5489 1951 5564 Quaesivit

199 5572 238 5635 dc
251 5590 332 5638 coco
349 5569 411 5652 'pro
434 5580 534 5637 morte
561 5589 632 5652 cop.
650 5571 811 5672 bimarito
841 5576 937 5648 magis
961 5580 1053 5642 iuvari
1101 5579 1301 5657 abepiscopo
1318 5577 1637 5641 communisnmicus.
1662 5591 1699 5635 nn
1714 5576 1904 5636 conscientia
1923 5591 1950 5626 c-

201 5655 318 5734 enimes
334 5658 545 5722 deiunctovum
562 5656 716 5722 sacriiiero
737 5657 875 5737 corporis
886 5657 1009 5738 Christi,
1027 5663 1053 5726 si
1100 5663 1148 5724 ius
1163 5662 1237 5724 satis
1252 5667 1375 5742 peccate
1391 5665 1487 5724 esset:
1503 5657 1675 5736 respondit,
1690 5657 1882 5736 pergratiam
1893 5655 1949 5720 Dei
