4086 6258
289 293 345 354 360
896 287 943 344 DE
962 282 1104 345 adulati
1123 280 1322 342 cunabala

232 451 235 462 =
259 427 296 489 lii
311 427 382 505 qnia
393 441 443 490 res
454 419 502 488 os't
513 427 672 488 tremenda
685 424 784 498 valde,
795 438 996 503 eamqueego
1008 420 1077 482 siue
1125 417 1234 481 Tollite
1244 419 1362 499 inpune
1374 431 1484 482 menne
1497 433 1596 496 anper
1610 429 1677 495 ηοη
1694 421 1724 481 el
1738 413 1854 484 Discite
1870 433 1893 479 u
1908 430 2001 510 me,

217 527 330 590 magno
353 511 479 573 horrore
501 508 618 573 reterre
641 527 702 572 uon
730 525 856 588 possum
873 557 881 582 ,
902 511 994 567 rerba
1010 505 1076 582 ipsa
1123 505 1204 584 quia
1218 505 1304 566 milis
1319 519 1402 576 sum,
1416 509 1445 564 et
1460 503 1592 566 humilis
1607 501 1724 564 corde?
1736 499 1835 576 Quare
1846 501 1874 564 si
1889 499 2003 576 ii,qut

219 595 354 657 auctoris
369 594 645 657 arlducarn.Auctor
658 601 758 656 autem
776 599 822 655 esi
833 591 998 670 Dionysius
1012 589 1077 650 liri·
1124 597 1272 666 praesunt
1286 588 1448 655 ordinibus
1460 585 1614 667 religiosis
1625 587 1722 649 uelint
1733 586 1876 648 ordinem
1893 595 2001 645 suum

217 695 298 758 gons
314 679 417 740 hbbas
432 679 608 751 Romanus,
634 679 766 758 scriptor
782 676 949 756 egregins,
967 675 1018 750 qui
1035 674 1076 733 ri·
1124 671 1305 749 retormme,
1323 672 1497 734 elenvalle
1513 672 1551 733 ad
1569 676 1702 732 montom
1719 669 1846 746 ducere,
1865 669 2006 748 oportet

218 765 280 826 tam
295 779 321 822 s.
339 761 495 824 Pachumii
511 779 549 824 en
564 761 681 824 Graeco
704 767 832 824 ¹auclore
852 758 986 820 lideliter
1000 756 1079 816 Lali·
1125 769 1181 817 eus
1193 755 1431 835 diligentissime
1443 755 1570 835 vigilare
1581 755 1613 816 in
1626 754 1810 833 exploranda
1822 749 2005 816 vocatione

217 847 315 908 nitate
331 847 465 907 donarit.
483 847 512 906 ls
529 862 602 925 argo
623 846 655 907 in
669 862 703 907 ea
721 845 847 906 historia
864 859 933 922 cap.
957 841 1008 902 ii.
1033 841 1079 901 sio
1125 853 1256 912 eorum,
1279 839 1331 918 qui
1353 839 1492 901 habitum
1508 843 1637 918 petunt,
1661 855 1719 900 nec
1741 843 1858 900 tautum
1881 832 2003 897 verbis

218 928 533 1008 loquitar3ldonucbis
549 931 800 992 adsuescendum
814 924 1080 989 conuenientibus
1124 923 1285 1002 explorare
1300 921 1541 1003 interrogando,
1558 921 1615 986 sed
1629 922 1720 985 eliam
1734 921 1823 985 lactis
1837 932 2002 1014 exercen-

218 1012 415 1076 uenerubilis
429 1029 553 1086 senum,
571 1015 767 1088 pachomius,
784 1015 821 1076 in
836 1011 1005 1084 cellulam,
1022 1006 1081 1069 nbi
1125 1006 1166 1068 do
1181 1008 1314 1069 novitios
1328 1011 1404 1070 snos
1419 1010 1512 1087 longo
1538 1013 1677 1084 tempora
1699 1006 1729 1068 in
1751 1004 2004 1068 mortificatione

218 1101 428 1158 consueuerat
449 1098 637 1176 supplicare
659 1097 817 1174 Domino,
841 1110 874 1158 se
895 1095 1027 1170 recapit:
1052 1096 1081 1152 et
1127 1092 1320 1167 passionum.
1338 1090 1397 1153 Sed
1422 1105 1586 1171 pergamus
1603 1091 1634 1152 in
1657 1089 1839 1168 explicanda
1866 1087 2001 1150 risione

219 1180 372 1242 obserans
397 1183 515 1242 ostium
537 1180 652 1244 orabat
671 1183 816 1254 intente,
841 1185 870 1240 at
894 1175 1081 1240 obsecrabat
1126 1174 1295 1235 Pachumii.
1312 1173 1438 1238 lnralle
1450 1176 1500 1236 illa
1513 1174 1664 1253 protunda
1680 1179 1809 1254 quatuor
1822 1169 2002 1236 Monachu-

217 1263 392 1326 bominum
407 1271 570 1343 quatenus
585 1267 616 1326 ei
630 1267 813 1335 declararet
835 1267 956 1324 statum
971 1259 1079 1320 Manu
1125 1273 1193 1318 rum
1210 1273 1324 1335 genera
1337 1265 1463 1321 sanctus
1478 1257 1673 1333 Pachumins,
1690 1257 1775 1322 ridil:
1789 1259 1929 1334 primum
1949 1259 2000 1315 est
2027 1315 2028 1320 ,

218 1347 426 1426 charum,pni
440 1348 570 1423 futurus
586 1349 730 1416 cssotmul
744 1347 824 1427 quid
837 1350 909 1424 post
924 1347 994 1405 cius
1009 1342 1074 1403 obi·
1127 1356 1247 1416 eornm,
1264 1344 1316 1420 qui
1332 1343 1524 1405 conabantur
1537 1341 1731 1419 ascendere,
1757 1342 1813 1405 sed
1836 1338 2000 1420 impedie-

217 1435 299 1503 tunr,
319 1431 358 1490 in
373 1437 467 1491 tantu
481 1433 735 1510 conprepuliuna
749 1431 960 1509 continperot.
977 1428 1018 1488 lit
1039 1426 1079 1487 ab
1125 1423 1239 1486 bantur
1253 1429 1291 1487 ab
1315 1427 1365 1498 iis,
1392 1427 1443 1506 qui
1460 1426 1522 1489 illis
1537 1424 1765 1503 occurrebant,
1788 1425 1841 1504 qni
1855 1425 1947 1486 inter
1962 1437 2000 1483 su
2027 1451 2028 1464 ι

217 1513 299 1575 horu
310 1529 401 1574 nonu
414 1529 518 1591 usqne
533 1518 577 1577 ad
587 1518 674 1578 iilud
685 1522 891 1594 lcuapuspuo
906 1510 1081 1589 scutumqui
1125 1523 1189 1570 non
1204 1509 1436 1572 noverantiiuc
1451 1509 1605 1589 significat
1620 1524 1681 1571 non
1695 1509 1807 1571 deesse
1823 1510 1854 1571 iu
1873 1505 2001 1569 ordini·

217 1599 385 1660 nocturnis
401 1598 604 1668 orationihus
617 1605 783 1679 praeerat,
806 1614 915 1659 uocem
930 1595 1078 1667 mitteret,
1126 1592 1187 1654 bus
1201 1593 1356 1670 relaxaliS,
1374 1595 1425 1673 qui
1441 1595 1566 1670 cupiant
1590 1592 1762 1654 ascendere
1787 1591 1827 1656 ad
1849 1596 1998 1654 montem

218 1686 247 1742 et
262 1683 307 1743 ud
320 1697 429 1756 procos
451 1683 562 1744 solitus
584 1685 761 1758 emaituret,
788 1681 985 1742 instantiam
999 1689 1079 1739 suae
1125 1675 1336 1755 porrectionis:
1353 1679 1408 1740 sed
1424 1676 1638 1755 impediuntur
1649 1675 1738 1738 malis
1750 1675 1907 1756 exemplis
1920 1673 2001 1735 aliu·

216 1764 468 1842 supplicationis
484 1769 643 1840 exlendit.
664 1766 806 1845 dumque
826 1766 1018 1844 precaretur
1032 1767 1079 1822 al·
1127 1775 1206 1834 rum,
1224 1760 1277 1839 qni
1291 1761 1406 1834 verbis,
1423 1767 1454 1822 et
1467 1761 1556 1824 laetis
1573 1776 1589 1820 a
1604 1760 1688 1822 buno
1702 1759 1863 1839 proposito
1880 1757 1996 1820 resite-

217 1849 347 1920 tentius,
369 1848 474 1910 sabito
496 1851 584 1912 circu
605 1851 750 1912 medium
773 1857 901 1910 nocturn
921 1848 1080 1909 visionem
1126 1858 1161 1904 re
1175 1845 1403 1922 quodammodo
1419 1849 1546 1924 cogunt.
1563 1842 1713 1922 bicunlnr
1733 1849 1837 1908 aniam
1859 1841 1995 1904 istinun

217 1933 333 2005 cernit,
350 1948 436 2011 quau
451 1947 525 1994 enm
540 1937 638 1997 intutu
651 1935 842 2012 petitionem
855 1932 1027 2010 proprium
1039 1929 1079 1990 de
1126 1928 1308 1989 seinvicem
1324 1927 1602 2008 cognoscere,quia
1619 1931 1764 2005 putantur
1778 1926 1872 1991 amici
1888 1931 1921 1990 et
1937 1925 1998 1986 lra-

215 2020 305 2077 stulu
318 2023 522 2092 posterorum
535 2019 813 2098 saurcmplcntns
825 2017 982 2078 educeret.
999 2012 1080 2074 ilum
1128 2014 1204 2086 tres,
1220 2018 1250 2072 et
1266 2017 1339 2074 suni
1353 2015 1473 2089 hostes,
1490 2019 1520 2074 at
1536 2011 1667 2074 inimici.

217 2099 417 2160 monasteria
431 2115 495 2160 sua
508 2101 731 2164 uehementius
744 2096 1079 2170 dilatandumonnul-
1166 2093 1301 2156 Alterum
1315 2089 1415 2175 genas
1430 2102 1609 2166 artemam,
1634 2095 1686 2173 qni
1701 2096 1833 2159 mullum
1847 2093 1997 2158 laborant
2027 2099 2028 2112 ¹

217 2183 328 2261 iusque
342 2185 396 2261 pic
406 2188 548 2247 uicturos
565 2191 593 2246 ct
605 2187 809 2247 continenter
820 2180 1080 2264 apponiancplc-
1124 2177 1158 2239 in
1173 2179 1386 2255 ascendendo,
1402 2180 1460 2242 sed
1476 2178 1560 2242 brari
1583 2178 1766 2259 inligantur,
1795 2186 1827 2244 et
1842 2183 1998 2242 corruunt

216 2269 318 2327 atores
333 2267 432 2328 etium
446 2267 605 2344 plurimos
620 2270 748 2346 didicit,
765 2282 926 2346 suamque
940 2265 1079 2326 salutem
1126 2277 1227 2340 usque
1243 2263 1280 2323 ad
1296 2263 1425 2338 inieras,
1439 2261 1473 2325 ld
1486 2279 1557 2325 reru
1573 2261 1739 2343 signifieat,
1749 2263 1886 2327 inueniri
1902 2261 1995 2326 etiam

215 2350 348 2428 penitus
360 2365 427 2412 usse
440 2352 639 2428 perditurus,
658 2351 736 2414 haec
751 2353 816 2426 ille,
833 2352 885 2430 qni
902 2350 977 2412 satis
991 2364 1079 2426 aper·
1125 2345 1158 2407 itt
1173 2347 1336 2409 ordinibus
1352 2349 1516 2422 relaxatis,
1542 2346 1595 2424 qui
1617 2362 1679 2408 non
1701 2347 1801 2410 solum
1817 2346 1956 2426 cupiant
1967 2359 1995 2405 a·

215 2439 247 2494 ta
263 2434 430 2496 denunciat
446 2449 483 2493 ex
500 2437 629 2496 maxima
644 2435 864 2499 Monechorum
883 2432 1078 2496 multitudine
1125 2427 1279 2492 scandere
1294 2432 1331 2492 ad
1347 2428 1584 2510 perlectionem,
1599 2447 1634 2492 ac
1650 2430 1775 2509 plenam
1791 2432 1926 2512 regulae
1944 2429 1997 2491 ub-

217 2517 398 2590 nonnnllus,
415 2517 516 2590 idest,
535 2520 744 2596 paucissimos
759 2520 811 2598 pie
827 2519 1008 2592 victuros,et
1020 2516 1080 2575 sal·
1126 2515 1323 2592 serrantiam3
1340 2512 1397 2576 sed
1411 2515 1502 2576 etiam
1518 2514 1672 2594 incipiunt
1692 2514 1833 2578 laborare
1848 2515 1886 2578 in
1902 2528 1994 2594 supa·

216 2601 356 2676 nandos;
374 2601 525 2677 plurimus
539 2609 640 2665 aulem
657 2602 857 2683 neglecturus
872 2650 879 2676 ,
905 2609 936 2662 et
950 2599 1080 2662 salutem
1126 2598 1231 2660 randis
1246 2598 1515 2672 tentationibus,el
1529 2597 1749 2678 erhuguendis
1764 2599 1994 2678 cuncupiscen-

219 2684 407 2760 parditorus.
1126 2680 1191 2743 tiis:
1208 2683 1263 2743 sed
1278 2681 1352 2744 riuti
1365 2682 1490 2760 antiqua
1511 2682 1751 2754 consuetudine,
1774 2683 1905 2746 tandem
1920 2681 1995 2745 resi·

259 2765 362 2846 Pergit
377 2766 490 2828 deinde
506 2777 635 2844 auctor,
659 2776 689 2832 et
705 2770 853 2832 visionem
870 2769 968 2847 ipsam
985 2764 1081 2843 expli·
1125 2765 1205 2827 liunt
1220 2783 1235 2823 a
1250 2767 1333 2829 bono
1349 2765 1522 2846 proposit03
1546 2771 1577 2828 el
1592 2765 1630 2828 ad
1645 2767 1871 2846 sempiternum
1890 2765 1993 2830 interi·

218 2855 278 2908 cal:
299 2849 393 2927 Vidit,
412 2852 523 2928 iuquit,
540 2854 623 2916 siunt
638 2855 708 2932 ipse
721 2853 882 2926 admouit,
899 2849 1081 2914 multitudi·
1125 2853 1191 2909 lum
1205 2853 1309 2912 ruunt.

216 2945 292 2993 uam
307 2932 538 2998 monachorum
549 2938 586 2997 in
596 2938 681 2998 nulle
693 2938 840 3017 quadam
850 2935 1019 3014 profunda
1029 2948 1081 2993 su·
1166 2931 1302 2994 Pertium
1319 2937 1367 2996 est
1382 2930 1565 3010 eurnm‚qni
1580 2931 1718 2997 iacentes
1729 2938 1914 3012 gemunden
1930 2931 1993 3012 plo

217 3016 258 3076 tis
275 3023 371 3096 utque
387 3018 570 3098 calipinosa
585 3023 781 3098 constatura,
806 3021 942 3082 elalius
958 3017 1081 3080 cuinde
1125 3023 1216 3092 rant,
1239 3016 1271 3079 id
1293 3023 1341 3080 esi
1363 3017 1415 3096 qui
1430 3031 1470 3077 ne
1486 3021 1639 3079 conantur
1653 3016 1780 3095 quidem
1796 3017 1834 3080 ad
1853 3024 1990 3080 muntem

216 3098 297 3161 colb
313 3104 612 3174 consummante
626 3103 747 3180 aalma,
772 3103 854 3184 quia
868 3101 1082 3166 occumbunt
1125 3101 1320 3176 escendere,
1348 3110 1378 3162 et
1399 3116 1468 3163 cnm
1492 3099 1680 3164 exultatione
1696 3108 1820 3164 cantare
1835 3101 1992 3164 canticum

217 3197 260 3243 eac
275 3185 412 3246 aduersu
427 3184 564 3259 sibidio
577 3185 920 3267 inuicerndipnuscere
930 3189 1082 3264 putarant
1126 3182 1290 3260 graduum
1302 3186 1359 3248 sed
1374 3185 1476 3245 iacent
1487 3185 1518 3246 in
1532 3183 1729 3267 sterquilinio
1744 3201 1802 3248 sno
1814 3190 1990 3266 torpentes,

215 3281 277 3328 nec
291 3269 332 3329 de
344 3267 509 3346 profundo
521 3270 599 3342 illu,
629 3275 659 3332 at
678 3271 848 3333 tenebroso
864 3272 933 3333 loco
947 3283 1082 3348 prorsus
1126 3273 1157 3327 et
1172 3268 1297 3330 assidue
1313 3271 1463 3348 gemunt,
1487 3284 1523 3330 ac
1544 3267 1688 3348 plorant,
1712 3285 1774 3331 nun
1790 3275 1923 3347 peccata
1939 3283 1993 3330 sua

218 3365 390 3430 emerpere:
404 3351 487 3414 ulios
499 3359 609 3415 autern
619 3353 886 3430 trustruconatos
897 3370 978 3432 prae
990 3352 1081 3413 lussi-
1126 3351 1181 3412 sed
1198 3358 1423 3431 paupertatem,
1440 3351 1490 3412 nel
1503 3351 1718 3432 ignominiam,
1743 3353 1790 3414 rel
1812 3352 1943 3416 labores
1956 3355 1992 3414 ad

217 3435 333 3496 tudine
347 3449 454 3510 ruere,
479 3444 575 3516 utque
589 3439 635 3499 ud
648 3439 771 3516 inferus
791 3440 977 3516 peruenire:
995 3436 1078 3496 ulios
1126 3451 1205 3512 quos
1220 3434 1306 3498 inviti
1329 3453 1344 3496 a
1366 3433 1525 3497 Praeleatu
1551 3442 1719 3516 coguntur.
1744 3435 1767 3498 0
1789 3435 1870 3498 ritae
1893 3449 1993 3514 genus

217 3521 327 3579 antem
338 3519 482 3580 iacentes
496 3521 730 3600 miserabilius
743 3521 929 3603 lacrymosa
939 3535 1015 3582 uoco
1027 3519 1081 3580 de·
1125 3518 1314 3581 miserabile.
1327 3517 1376 3580 Illi
1389 3519 1457 3581 sine
1468 3517 1569 3582 divina
1586 3519 1800 3583 consolatione
1812 3517 1992 3599 affliguntur

215 3599 309 3678 itera:
326 3603 503 3666 nonnullus
517 3619 592 3666 aero
608 3620 682 3666 cnm
703 3607 852 3668 munima
880 3603 990 3666 labore
1005 3619 1081 3664 cun·
1125 3606 1155 3662 ei
1171 3603 1239 3664 sine
1254 3602 1338 3665 buno
1354 3602 1464 3664 merito
1479 3601 1666 3674 laborant,at
1679 3606 1726 3666 sic
1740 3608 1905 3666 transeunt
1921 3603 1991 3666 ala·

216 3687 384 3760 scandere,
401 3687 519 3764 quibus
534 3702 672 3750 ascensu
685 3689 757 3767 ipso
773 3689 835 3750 lusa
855 3690 1008 3766 protinas
1030 3702 1081 3748 uc·
1124 3684 1201 3748 bure
1217 3685 1255 3748 ad
1271 3687 1422 3762 dolorem,
1446 3693 1477 3747 et
1492 3702 1508 3748 a
1525 3686 1762 3750 mortificatione
1779 3687 1941 3768 temporali
1953 3685 1990 3749 ad

217 3767 379 3844 sumebat,
403 3771 442 3830 in
462 3787 530 3848 qua
544 3775 709 3834 constituti
729 3769 914 3850 referebant
929 3771 992 3832 Deo
1007 3787 1081 3850 pru-
1125 3776 1258 3831 mortem
1269 3770 1503 3848 sempiternam3
1520 3772 1571 3849 qni
1588 3771 1614 3833 si
1632 3771 1745 3834 uellent
1760 3787 1794 3834 ea
1810 3819 1819 3850 ,
1835 3785 1917 3851 qnae
1938 3787 1991 3851 pa·

217 3853 291 3920 tius,
308 3854 397 3931 quud
409 3854 546 3916 madere
559 3857 749 3934 potuissent,
764 3859 842 3918 heac
853 3863 901 3918 ast
915 3853 992 3933 risio
1004 3871 1075 3915 san·
1125 3853 1243 3914 liuntur
1257 3852 1495 3926 inriti,libeuler
1510 3869 1566 3932 pro
1583 3853 1703 3918 Christo
1718 3857 1904 3935 pati,iugnm
1920 3871 1990 3918 sua·

218 3935 259 3995 cti
273 3933 444 3998 Pachumii.
467 3936 511 3998 Ex
534 3955 593 4012 una
618 3939 775 4019 colligitur
790 3940 947 4018 primum,
966 3939 1080 4013 princi·
1124 3951 1173 4010 re,
1192 3944 1223 4000 el
1237 3953 1316 4000 unns
1332 3937 1400 3998 lere
1415 3939 1629 4016 experirentur
1646 3939 1676 4000 in
1692 3941 1807 4017 terris,
1833 3938 1989 4018 elingens

217 4018 302 4091 piam
312 4019 711 4100 relaxationisiicgulerium
722 4025 979 4086 osseeaecilatem
995 4037 1081 4082 men·
1123 4020 1295 4099 praemium
1309 4022 1505 4083 lucrarentur
1518 4019 1551 4082 in
1566 4022 1673 4084 caelis.

218 4097 268 4174 ris,
286 4109 318 4162 ui
332 4103 413 4164 idam
435 4105 620 4167 Pachomius
641 4107 872 4185 iuterpretatur.
896 4099 973 4168 Ideo
995 4103 1078 4166 enim
1167 4104 1313 4178 Quartum
1330 4119 1553 4184 gennseorum
1570 4111 1630 4184 est,
1647 4105 1809 4184 quisenta,
1828 4111 1859 4168 el
1873 4103 1987 4169 inuicto

217 4183 328 4247 dicitnr
343 4187 507 4248 multitudo
524 4189 744 4251 Monachoram
769 4193 831 4253 visa
857 4206 929 4253 esse
952 4191 984 4250 in
1000 4188 1080 4250 ralla
1125 4190 1229 4252 animo
1253 4188 1476 4268 aggrediuntur
1496 4188 1714 4252 ascensionem
1738 4190 1777 4252 de
1800 4189 1878 4252 valle
1892 4189 1988 4270 lacry-

218 4267 380 4346 prolnnda,
397 4272 562 4333 tenebrosa
579 4279 609 4334 et
624 4275 805 4354 caliginosa3
830 4277 899 4350 quia
913 4271 1079 4334 multitudo
1123 4287 1243 4334 marum
1259 4272 1297 4334 ad
1313 4278 1449 4334 montem
1463 4269 1584 4334 divinae
1597 4274 1867 4352 consolationis3et
1880 4287 1988 4336 omnes

216 4365 253 4412 ex
265 4359 370 4414 monte
382 4356 583 4431 perlectionis
596 4358 707 4418 cecidit
719 4357 756 4418 ad
770 4358 879 4418 vallem
894 4356 1079 4432 protundum
1124 4355 1320 4418 difficultates
1342 4355 1409 4418 lorii
1430 4355 1533 4417 animo
1560 4365 1731 4435 superant:
1753 4373 1790 4420 ac
1804 4357 1930 4421 tandem
1949 4357 1987 4420 ad

218 4434 330 4498 nimiae
348 4438 565 4511 relaxationis,
584 4442 750 4502 comitante
773 4455 828 4502 eus
844 4441 978 4520 caligine
995 4455 1081 4500 men·
1124 4448 1254 4502 mortem
1271 4453 1371 4516 usque
1386 4486 1394 4514 ,
1411 4437 1634 4517 perlectionem
1651 4442 1729 4504 ritae
1743 4442 1904 4514 sectando,
1920 4457 1990 4520 per·

217 4518 268 4580 tis:
285 4534 346 4581 nun
365 4523 448 4582 eninr
463 4523 615 4585 durateus
630 4523 719 4585 stella
732 4525 769 4584 ad
782 4526 979 4604 praesepium
994 4522 1080 4585 Chri·
1123 4530 1279 4586 severant.
1294 4521 1368 4584 Istis
1385 4525 1520 4585 occurrit
1532 4524 1583 4585 lux
1599 4524 1739 4602 copiosa,
1756 4525 1827 4601 qnia
1844 4524 1987 4604 paulatim

216 4601 267 4678 sti,
284 4603 314 4664 id
331 4610 390 4678 est,
408 4621 469 4666 non
485 4605 575 4669 traxit
590 4623 645 4668 eos
660 4607 759 4668 diviua
783 4609 903 4668 vocatio
925 4609 962 4668 ad
978 4607 1078 4668 hnmi-
1121 4606 1302 4687 purificatur
1316 4621 1369 4668 cor
1383 4621 1490 4668 eorum
1505 4621 1522 4668 a
1537 4606 1663 4670 nebulis
1674 4614 1860 4684 errorum,et
1871 4625 1985 4690 cognu-

216 4684 331 4748 liiatem
349 4686 461 4750 christi
478 4691 730 4762 sectandamscd
748 4692 881 4753 earnalis
896 4691 1077 4769 sensns,qni
1122 4693 1221 4766 scitur
1235 4693 1360 4767 venitm,
1374 4695 1406 4752 et
1420 4691 1532 4752 veritas
1546 4690 1669 4752 liberat.
1687 4690 1739 4755 Sia
1756 4693 1838 4755 enirn
1855 4691 1989 4771 loquitur

215 4777 520 4848 mentemexcaecat,
536 4774 622 4834 duxit
635 4768 770 4850 illos,rel
785 4775 822 4836 ad
838 4775 929 4836 uitam
942 4790 1077 4835 cummu-
1120 4773 1285 4851 Iluminas3
1302 4771 1503 4853 dupnuscetis
1515 4774 1706 4851 vamtatem,
1729 4781 1759 4839 et
1772 4776 1893 4840 uentus
1908 4775 1985 4840 libe·

215 4854 345 4926 (liorem,
363 4871 433 4918 curn
451 4861 560 4918 essent
573 4859 793 4937 pauperesve}
810 4861 847 4920 ed
864 4851 999 4921 honores
1014 4875 1076 4919 eur·
1119 4857 1206 4920 rabit
1220 4857 1453 4931 castimonia
1470 4857 1699 4937 purificantem
1714 4859 1910 4922 illuminante
1926 4860 1982 4923 bu·

214 4933 346 4998 biendus
360 4939 390 4999 iu
407 4939 592 5018 Religione,
617 4959 686 5002 cum
702 4943 733 5002 in
757 4943 863 5003 seculo
880 4959 941 5004 nun
957 4943 1076 5003 inueni·
1119 4941 1216 5018 mino,
1233 4941 1342 5018 incipit
1356 4941 1541 5020 intelligere,
1559 4942 1636 5005 nihil
1652 4958 1806 5007 asserere
1819 4959 1977 5023 magnum,

213 5027 304 5090 rent,
322 5037 380 5098 qna
398 5023 443 5082 nia
461 5031 590 5098 possent
607 5026 791 5087 ascendere:
817 5026 862 5088 rel
888 5027 947 5087 aliu
971 5025 1075 5103 aliquo
1121 5025 1198 5087 nihil
1215 5042 1286 5088 reru
1302 5041 1404 5098 suane,
1423 5025 1499 5086 nihil
1517 5041 1588 5086 uere
1604 5025 1679 5089 utile
1701 5027 1903 5099 huminibus,
1926 5027 1984 5091 nisi

215 5105 349 5166 bumana
362 5107 495 5169 ¹consiliu
512 5116 627 5170 restem
645 5115 781 5170 sanctem
804 5109 994 5182 induerunt,
1018 5107 1075 5170 sed
1120 5111 1248 5190 gratiam
1265 5108 1332 5184 Dei,
1350 5109 1380 5168 in
1398 5111 1456 5170 hac
1473 5109 1591 5170 mortali
1608 5111 1763 5188 vita,etiu
1779 5111 1981 5174 interuallum

215 5199 317 5249 mores
333 5204 393 5249 nun
411 5197 614 5254 mutauerant.
639 5194 676 5256 Et
691 5194 764 5270 qnid
786 5194 920 5266 mirum,
946 5196 971 5254 si
989 5193 1075 5254 multi
1120 5191 1440 5266 aeternam3liberator
1453 5191 1544 5254 laeile
1559 5191 1597 5253 ab
1611 5194 1882 5268 umore,etlimore
1897 5211 1983 5258 mon-

212 5277 330 5332 reslem
348 5271 525 5350 religiosam
550 5279 703 5354 induunt,
728 5284 759 5338 et
781 5294 884 5338 mores
907 5277 1073 5358 religiosos
1098 5279 1213 5360 dano,
1231 5287 1262 5338 et
1276 5275 1447 5354 ingreditur
1461 5275 1540 5336 riam
1557 5279 1655 5353 pacis,
1672 5293 1831 5358 perquam
1848 5279 1978 5342 ambulat

213 5369 273 5415 nou
290 5355 435 5430 induunt,
452 5362 520 5418 curn
538 5376 598 5421 non
616 5361 748 5438 Spiritus
772 5361 911 5432 homini,
935 5365 989 5423 sed
1005 5377 1071 5420 aar·
1120 5376 1262 5438 securus,
1281 5367 1311 5422 et
1326 5359 1584 5438 gandens,doneu
1598 5361 1758 5438 perveniat
1773 5361 1810 5424 ad
1827 5362 1978 5426 ciuitatem

212 5438 292 5500 ualis
314 5455 428 5501 sensus
443 5455 498 5502 eos
513 5445 549 5504 ad
567 5445 706 5504 ordinem
729 5445 908 5523 religiosum
926 5443 1072 5506 duxerit?
1120 5451 1258 5506 sanctum
1273 5442 1442 5504 Ierusalem
1458 5441 1636 5506 caelestem.
1659 5443 1697 5506 Ει
1720 5445 1910 5524 quantumin
1927 5463 1977 5512 ure

210 5517 248 5579 ltt
260 5525 341 5583 unde
359 5525 576 5588 contentiones
591 5543 647 5602 pro
663 5527 875 5606 praetenturis,
893 5535 923 5589 el
936 5527 1069 5588 inimici·
1119 5529 1250 5589 duorum
1267 5527 1402 5604 testium,
1420 5527 1601 5606 praesertim
1617 5529 1700 5590 omni
1716 5532 1899 5608 exceptione
1916 5545 1976 5594 ma·

211 5603 282 5677 tiae,
300 5623 335 5667 aa
351 5609 433 5670 rixae
445 5607 477 5669 in
492 5608 584 5672 dorna
600 5607 669 5685 Dei,
687 5628 765 5691 qnae
780 5617 828 5675 est
843 5613 952 5674 domus
968 5611 1066 5689 pacis,
1118 5611 1229 5684 iurum,
1243 5615 1302 5672 stat
1316 5625 1408 5674 omne
1423 5611 1562 5688 verbum,
1576 5612 1679 5690 placet
1693 5613 1808 5676 addere
1825 5613 1968 5679 visionem

209 5686 272 5758 uisi
284 5690 354 5769 qnia
370 5691 493 5772 plurimi
510 5711 570 5757 non
588 5693 677 5758 missi
692 5696 818 5758 suntab
835 5711 884 5774 eo,
902 5695 955 5776 qni
977 5693 1066 5773 dirit,
1117 5711 1144 5762 s.
1160 5693 1339 5774 drauclsci,
1365 5711 1455 5775 qoam
1478 5694 1516 5757 de
1538 5711 1707 5776 progressu
1723 5697 1843 5764 ordinis
1859 5700 1906 5762 sai
1922 5702 1976 5766 ali·
