4086 6258
274 277 331 336 310
875 277 922 334 ba
940 275 1083 336 enutrit
1101 273 1302 336 conbusta

200 411 316 474 otarius
330 427 359 476 ε.
377 408 549 490 cyprianus
577 407 617 470 de
632 407 834 473 diuturnitate
861 425 982 487 poenae
997 410 1072 472 Pur·
1118 407 1351 473 intermissione
1366 405 1574 472 laboraturum
1588 404 1637 470 sio
1653 451 1663 480 ,
1678 410 1828 484 utusque
1839 417 1998 498 somonam

203 496 312 572 galerii
330 495 472 570 loquens,
497 493 528 554 io
547 492 677 572 epistola
693 491 832 556 secunde
849 492 922 554 libri
948 493 1069 570 quarti,
1117 509 1242 572 capere,
1259 507 1362 570 neone
1375 494 1577 569 requiescere
1589 490 1818 569 possel‚mellet
1831 487 1885 552 ille
1898 501 1996 552 murt

204 577 250 639 sic
266 575 426 654 ait3Aliud
442 580 712 654 depraedantis
728 577 824 652 tonpe
840 583 983 652 tempure
998 592 1072 638 cru·
1117 577 1243 655 potius,
1260 593 1352 655 quam
1368 575 1414 638 sic
1430 575 1555 638 rivere:
1582 579 1614 638 et
1634 572 1662 636 si
1677 577 1763 653 optio
1779 573 1906 635 daretur
1921 615 1931 645 ,
1945 585 2000 632 an

208 661 331 722 ciclum
345 663 485 738 perpuri
500 661 561 723 diu
575 661 668 737 igne:
691 659 787 722 uliud
808 663 943 738 peccatu
958 661 1073 722 omniu
1118 660 1211 722 rellel
1224 661 1269 722 sic
1285 665 1328 721 tot
1343 675 1442 720 annos
1457 659 1581 734 virere,
1608 673 1646 719 co
1669 657 1818 720 iacturam
1833 653 1939 718 lacero
1953 671 2000 718 o·

201 746 354 822 pus-ione
368 759 537 821 purgasse.
555 741 640 811 Quod
657 747 748 804 etiam
765 741 965 804 confirmatur
981 758 1017 804 ει
1029 743 1073 803 ri·
1118 759 1235 805 murum
1252 743 1457 818 fortunarum,
1473 739 1708 820 promptissimo
1724 738 1852 816 auimo,
1871 752 1999 803 omnes

206 828 296 888 sione
313 826 345 888 b.
362 825 535 904 ludgardis
551 824 686 902 Virginis
699 826 930 894 sanctissimae,
945 833 976 884 et
992 825 1074 887 celc-
1115 824 1255 888 fortunas
1271 825 1433 901 obiiceret,
1450 831 1483 886 ut
1496 843 1514 890 a
1529 831 1589 886 tam
1604 822 1745 895 immani,
1763 829 1795 885 et
1810 829 1871 884 ιιιιι
1887 821 1998 885 conti·

202 909 368 978 berrimae,
387 910 476 970 culus
491 911 581 971 ritum
605 909 731 984 scripsit
757 907 811 970 illa
839 906 920 968 idem
936 907 1072 971 Thomas
1118 926 1181 972 ouo
1195 908 1304 972 dolore
1319 908 1516 972 liberaretur.
1533 906 1654 981 Quanto
1670 906 1762 986 igitur
1775 906 1875 984 magis
1890 906 1998 968 debe·

209 990 468 1066 Cantipratensis‚
491 991 545 1073 qui
561 991 687 1070 scripsit
702 991 792 1052 uitam
809 989 1003 1053 cbrisriauue
1017 992 1071 1053 mi·
1118 997 1164 1054 ret
1178 993 1385 1054 omnishomo
1400 990 1527 1069 sopiens
1542 992 1660 1069 eligere
1676 989 1900 1068 poenitentiam
1914 1004 1996 1052 cum

204 1073 365 1137 rabilisdt
378 1076 522 1150 quonism
540 1091 591 1136 res
608 1078 656 1136 est
671 1079 830 1151 magnast
841 1077 878 1134 ad
892 1073 1068 1154 exemplum
1117 1073 1270 1138 iruetibus
1284 1076 1364 1154 suis,
1380 1073 1434 1154 qui
1448 1077 1522 1136 suot
1537 1073 1845 1153 vigiliaemratioocs,
1864 1071 1991 1136 ieiunia
2026 1103 2027 1132 t

204 1157 412 1220 Praelnturum
426 1157 587 1220 Ecclesiae
603 1158 752 1234 prodesse
770 1159 1070 1236 potest,adscrlbam
1118 1157 1352 1232 eleemosinae,
1371 1175 1407 1220 ac
1422 1156 1617 1237 potissimum
1630 1158 1786 1238 lacrymae
1809 1171 1892 1236 quae
1906 1159 1990 1218 sunt

206 1239 266 1302 boc
282 1243 351 1303 loco
367 1240 458 1302 rerba
476 1244 542 1322 ipsa
560 1241 803 1318 caeterisquae
821 1239 976 1302 habentur
992 1242 1073 1304 libro
1117 1242 1206 1320 signa
1224 1240 1404 1304 verissimae
1417 1240 1652 1319 poenitentiae?

203 1325 347 1388 secundo
364 1326 442 1384 ritae
453 1341 481 1387 ε.
495 1325 667 1402 ludgardis
682 1323 764 1399 apud
778 1322 900 1384 Surium
918 1329 1001 1386 tomo
1015 1331 1074 1388 ler-
1160 1324 1248 1399 Quod
1265 1323 1293 1387 si
1306 1325 1345 1386 ad
1361 1324 1560 1389 acerbitatem
1577 1323 1740 1393 doiorum.
1757 1326 1789 1384 ει
1802 1321 1999 1386 diuturnita-

206 1405 259 1476 tis,
277 1409 314 1468 ad
332 1405 412 1468 diem
430 1405 508 1469 lunii
526 1406 818 1470 sextumdecimum.
835 1405 900 1468 Hoc
914 1407 981 1482 iere
996 1411 1074 1472 ient·
1120 1413 1180 1471 lem
1194 1424 1365 1486 poenarum
1381 1407 1511 1469 accedat
1527 1407 1615 1468 tertia
1629 1406 1803 1476 calamitas,
1820 1406 1906 1483 quod
1922 1405 1996 1468 cni·

202 1504 293 1566 pore,
311 1489 411 1565 inquit
426 1500 531 1554 auctor
547 1537 554 1556 .
571 1488 730 1551 Dominus
752 1488 966 1552 Innocentius
981 1489 1075 1572 Papo
1119 1507 1187 1552 mae
1205 1493 1233 1552 iu
1250 1490 1429 1571 Purgatorio
1451 1505 1487 1552 sa
1502 1491 1590 1569 ipsae
1614 1491 1717 1553 iurare
1744 1505 1806 1550 uun
1830 1495 1994 1567 possunt,

204 1574 328 1646 tertius,
343 1577 416 1651 post
431 1575 628 1636 celebratum
644 1572 865 1635 Luteronense
892 1570 1075 1636 Concilium
1119 1572 1258 1652 proiecto
1271 1591 1333 1636 non
1347 1589 1454 1652 parurn
1467 1577 1627 1638 excrescet
1638 1572 1802 1636 infelicius
1814 1573 1997 1635 animarum

205 1653 245 1716 nb
261 1655 322 1718 buc
337 1656 405 1717 uite
423 1656 591 1734 stipendia
608 1673 750 1735 mumque
767 1659 925 1734 apperuit
939 1656 1075 1721 uiaibitl-
1119 1657 1311 1727 carumdem,
1339 1657 1392 1718 bic
1417 1661 1499 1719 enim
1526 1657 1557 1719 io
1577 1656 1668 1720 terris
1688 1658 1738 1719 eir
1758 1655 1930 1734 qnisquam
1945 1659 1998 1716 cst

204 1743 252 1798 ter
265 1738 451 1818 Ludpordi.
467 1741 531 1802 illo
548 1746 668 1809 auteur,
691 1747 729 1802 ut
749 1739 833 1800 uidit
856 1737 1076 1818 noningenti
1119 1743 1179 1802 lam
1194 1739 1396 1810 miserabilis,
1412 1739 1464 1818 qul
1482 1756 1543 1802 non
1560 1739 1673 1817 possit,
1691 1740 1737 1801 ιει
1754 1739 1917 1818 iuglande.
1941 1738 1993 1799 ιει

203 1819 341 1900 namma
356 1825 518 1890 cunctum.
548 1823 700 1902 quisnam
717 1823 758 1882 sit
771 1825 999 1900 percontatur.
1015 1823 1075 1886 lic·
1118 1824 1307 1899 resistendo,
1325 1823 1372 1885 rel
1386 1821 1503 1884 amicos
1518 1821 1721 1900 requirendo,
1737 1822 1787 1883 ecl
1799 1820 1998 1900 appellando

204 1905 337 1982 spondit
352 1919 385 1965 se
402 1921 468 1967 esse
484 1903 712 1967 innocentium
729 1904 866 1981 Papum:
884 1909 914 1967 ct
927 1905 989 1967 illu
1000 1921 1074 1968 curn
1119 1906 1257 1969 adalind
1274 1905 1442 1980 iudicium,
1460 1905 1508 1968 rel
1523 1904 1770 1968 misericordiam
1787 1905 1919 1968 iudiciis
1937 1903 1997 1964 im·

202 1985 429 2065 pemitu‚Quid
440 1989 500 2050 boc
512 1989 689 2064 estiuquit.
701 2002 908 2048 communem
925 1988 1074 2052 omnium
1121 1989 1286 2068 plorando,
1312 1987 1361 2049 rel
1375 1989 1477 2066 aliqua
1495 1987 1553 2056 alia
1577 1989 1698 2050 ratione
1712 2003 1747 2049 so
1764 2004 1780 2049 a
1797 1985 1997 2050 cruciatibus

203 2076 352 2132 nostrum
370 2072 498 2132 Putrem
515 2078 581 2131 tum
604 2070 676 2132 dire
699 2071 870 2132 cruciarii
895 2070 1075 2148 Respondit
1121 2070 1226 2150 aliqua
1242 2088 1278 2133 aa
1294 2078 1380 2150 purte
1395 2071 1545 2134 liberere.
1560 2070 1598 2134 At
1614 2073 1645 2132 iu
1662 2069 1844 2149 Purgatorio
1861 2069 1946 2132 nibil
1963 2084 1995 2131 o·

204 2152 338 2215 illatres
355 2154 393 2215 ob
410 2170 528 2215 cousus
542 2155 592 2214 itu
607 2153 846 2231 concinnemus
861 2156 961 2215 etium
974 2162 1075 2217 ucter-
1121 2157 1227 2216 mnino
1244 2160 1397 2233 possunt,
1423 2153 1484 2216 nisi
1500 2153 1652 2232 patienter
1667 2153 1822 2230 supplicia
1841 2153 1992 2215 tolerare.

205 2236 258 2298 nis
274 2235 446 2313 suppliciis
460 2253 511 2298 me
525 2236 702 2298 iustissime
715 2236 1076 2316 oddimisseutnisiper
1118 2238 1253 2300 Possunt
1269 2237 1394 2315 quidem
1410 2237 1550 2300 virentes
1564 2235 1597 2299 in
1614 2251 1708 2298 carna
1729 2237 1829 2300 sanant
1845 2235 1996 2299 homines

204 2318 470 2380 intercessionem
483 2319 654 2397 piissimae
672 2317 790 2380 ‘Matris
812 2318 882 2391 lici,
896 2320 951 2382 cui
965 2319 1076 2384 Mona·
1120 2337 1176 2399 pro
1189 2319 1344 2382 deiunctis
1355 2335 1457 2392 orara,
1474 2325 1505 2383 el
1517 2321 1745 2398 eleemosynas,
1756 2327 1851 2398 atque
1866 2320 1930 2381 alia
1948 2335 1997 2380 aa·

203 2403 339 2464 sterium
355 2403 501 2477 condidi,
514 2402 552 2464 in
565 2401 719 2464 extremis
734 2417 785 2462 ane
799 2403 1022 2478 poenituisset.
1037 2405 1076 2468 Et
1121 2401 1287 2467 tisiacloria
1303 2419 1396 2480 opera
1410 2418 1465 2480 pro
1481 2401 1528 2466 eis
1544 2399 1657 2465 offerre
1669 2400 1825 2466 Domino:
1851 2401 1912 2465 sed
1929 2401 1995 2464 illis

205 2491 372 2548 ueternum
386 2487 523 2564 quidum
538 2492 674 2546 mortem
689 2482 849 2556 euusi‚acd
859 2486 973 2562 poenis
989 2493 1074 2550 utro·
1120 2502 1182 2549 nou
1199 2487 1285 2560 licet,
1301 2485 1361 2547 uisi
1377 2500 1414 2546 cr
1431 2484 1591 2564 priuilegio
1608 2483 1796 2562 particulari.
1812 2487 1901 2563 quod
1918 2503 1995 2563 pau·

206 2567 344 2630 cissimis
357 2583 460 2646 usque
473 2568 519 2630 ud
534 2567 658 2630 Iudicii
672 2567 760 2628 diem
776 2567 961 2632 cruciabor.
982 2567 1073 2644 Quod
1121 2569 1181 2644 cis,
1199 2576 1229 2631 et
1244 2567 1522 2645 rarononcadltur,
1538 2566 1718 2631 bominibus
1730 2574 1998 2648 apparerentque

206 2656 316 2713 autem
332 2652 377 2713 ud
392 2655 421 2712 te
437 2647 599 2729 suffragiu
612 2652 775 2728 petiturus
786 2652 898 2712 uenire
909 2655 1002 2728 potui
1017 2655 1076 2716 mi·
1120 2651 1159 2714 ab
1176 2651 1223 2714 eis
1239 2651 1385 2716 auxilium
1401 2652 1571 2730 postulare.

205 2731 240 2796 tn·
255 2749 276 2794 u
290 2749 350 2794 suo
365 2733 541 2808 iilioldutcr
552 2733 800 2796 misericordiae
812 2735 1076 2810 impetrauitilis
1161 2733 1332 2798 Miserrima
1345 2733 1439 2812 igilur
1453 2733 1575 2797 illarum
1592 2733 1764 2797 animarum
1788 2734 1931 2798 conditio
1949 2739 1997 2798 est

204 2815 299 2878 dictis
314 2817 481 2892 confestim
497 2817 685 2892 disparuit,
711 2816 899 2896 ludgardis
913 2833 986 2879 uero
1003 2820 1074 2883 eiua
1121 2817 1245 2897 quaein
1259 2815 1352 2878 taulis
1368 2819 1549 2889 tormentis,
1567 2833 1669 2894 nsque
1685 2817 1773 2894 ipsae
1801 2835 1860 2894 se,
1886 2833 1994 2894 neone

204 2900 430 2962 necessitatem
443 2898 622 2970 sororibus,
636 2903 673 2961 ut
688 2901 719 2959 ei
732 2905 970 2976 succurrerent,
986 2901 1074 2964 indi·
1122 2899 1230 2978 patris,
1247 2905 1298 2962 aut
1312 2897 1377 2973 lilii,
1394 2907 1447 2962 aut
1462 2899 1575 2977 iratris,
1588 2905 1641 2962 aut
1653 2900 1772 2972 metris,
1786 2907 1839 2963 aut
1855 2901 1993 2974 sororis,

205 2983 303 3043 acuit.
319 2981 421 3044 Porro
435 2983 615 3044 admodum
631 2981 746 3044 dolena
759 2984 863 3043 uicem
875 2984 958 3052 eius,
975 2984 1076 3046 mire·
1121 2990 1174 3046 aut
1188 2983 1345 3062 coniugis,
1361 2989 1413 3044 aut
1427 2982 1518 3045 amici
1534 2987 1667 3045 animam
1691 2984 1722 3044 in
1741 2987 1934 3063 purgatoriis
1950 2985 1997 3046 lo·

205 3062 264 3125 biti
277 3080 311 3125 sc
327 3065 477 3127 cruciatu
492 3065 583 3126 itlius
597 3080 701 3128 ceusu
713 3063 963 3144 offacitiiouerit
977 3067 1077 3130 tector
1121 3065 1179 3139 cis,
1196 3066 1256 3128 nlla
1272 3065 1392 3128 ratione
1406 3064 1511 3130 iurare
1527 3071 1672 3145 possunt.
1689 3066 1750 3128 Sed
1766 3068 1901 3130 tortasse
1918 3085 1998 3147 pan·

205 3163 265 3209 nus
282 3148 446 3210 reuelante
468 3147 662 3226 Ludpurda.
691 3153 752 3210 tres
767 3148 843 3209 ilios
867 3163 985 3212 causas
1006 3165 1077 3214 non
1120 3164 1175 3212 cae
1190 3151 1507 3226 sarracinescum
1523 3149 1554 3211 in
1570 3149 1752 3226 Purgatorio
1770 3150 1903 3229 degunt:
1922 3166 1997 3226 pro·

207 3229 378 3308 ignornrc3
401 3232 533 3308 sedpro
549 3231 634 3292 tanti
648 3226 814 3308 Pontificis
829 3233 1077 3297 reverentiore-
1122 3232 1196 3295 inde
1219 3246 1280 3293 uon
1303 3230 1407 3310 magni
1428 3231 1572 3294 iacienda
1597 3238 1670 3294 sunt
1692 3247 1798 3296 aarum
1821 3233 1999 3313 supplicia.

206 3313 290 3389 serra
305 3314 450 3376 uoluisse
466 3315 544 3375 baec
559 3315 625 3390 ille,
650 3314 733 3389 quod
752 3314 926 3392 exemplum
945 3331 994 3378 me
1009 3318 1076 3395 qui·
1122 3314 1189 3378 Imo
1205 3329 1277 3378 reru
1290 3313 1536 3378 innumerabiles
1550 3320 1625 3377 sunt
1639 3314 1761 3378 animae
1777 3316 1851 3379 illae
1866 3365 1874 3395 ‚
1891 3323 1926 3380 ut
1943 3333 1997 3380 so·

207 3395 278 3456 dem
296 3412 390 3473 saepe
403 3399 535 3458 marimo
549 3400 674 3472 bonore,
692 3401 723 3457 el
738 3400 871 3458 tremore
887 3396 1011 3461 allicere
1027 3416 1075 3463 so·
1122 3397 1173 3462 ius
1195 3412 1345 3460 uumerus
1360 3401 1420 3459 tam
1448 3399 1561 3478 iugens
1588 3395 1720 3462 sufficiat
1743 3400 1783 3462 ad
1811 3399 1998 3464 misericor·

207 3476 261 3541 let.
279 3477 310 3540 Si
325 3481 408 3541 enim
427 3486 489 3542 tam
504 3478 670 3542 laudabilis
684 3477 871 3551 Pontilex,et
886 3480 938 3556 oui
956 3481 986 3543 io
1004 3498 1077 3545 ocu·
1122 3480 1204 3543 diam
1220 3481 1486 3553 commovendam,
1503 3481 1595 3545 etlam
1611 3483 1638 3544 si
1655 3488 1762 3544 assant
1776 3485 1937 3562 supplicia
1955 3484 1999 3547 le·

206 3559 435 3634 behemicum,
454 3577 515 3624 nou
533 3562 661 3639 probus.
686 3566 717 3622 et
733 3562 998 3642 prudeussolum,
1017 3566 1075 3629 sed
1124 3564 1221 3627 viora.
1237 3561 1311 3625 liam
1334 3564 1428 3643 paulo
1444 3568 1515 3628 ante
1531 3580 1569 3628 cr
1585 3562 1713 3628 historie
1731 3565 1925 3630 uenerabilis
1941 3565 1999 3630 Bc·

206 3645 299 3704 ctiam
322 3651 473 3720 sauctus,
496 3651 527 3706 et
543 3642 713 3712 imitatione
728 3643 934 3722 dignissimus
950 3646 1077 3712 babitus
1123 3645 1181 3709 dae
1198 3647 1402 3724 cognorimus
1415 3647 1674 3711 innumerabilem
1690 3650 1865 3714 animarum
1889 3650 1999 3714 multi·

207 3729 332 3801 asidam
349 3743 456 3805 parum
474 3723 571 3790 abluit
586 3745 601 3788 a
619 3727 812 3806 gebennam
828 3731 976 3807 usquead
994 3733 1076 3793 diem
1125 3730 1264 3792 tudinem
1282 3728 1379 3792 tuisse
1400 3728 1431 3793 io
1447 3730 1628 3812 Purgatorio
1651 3749 1667 3794 a
1690 3731 1854 3797 Dritbamo
1877 3735 1993 3798 risam:

208 3807 319 3870 ludicii
343 3809 532 3889 purgatoriis
549 3809 704 3872 incendiis
720 3809 924 3874 atrocissimis
947 3815 1078 3892 punien-
1123 3819 1154 3875 ει
1168 3827 1206 3875 ex
1220 3812 1278 3876 rita
1294 3811 1326 3875 b.
1344 3811 1538 3878 christanae
1553 3815 1668 3894 pariter
1682 3816 1865 3895 accepimus
1880 3818 1999 3897 Purga-

208 3892 270 3954 dus
282 3895 340 3962 est,
359 3895 429 3976 quis
447 3892 604 3956 Praeiatus
621 3909 682 3956 non
701 3891 933 3970 trepidetiouis
949 3911 1010 3960 non
1027 3912 1078 3960 ac·
1124 3896 1193 3959 lorii
1205 3894 1308 3958 iocum
1321 3895 1867 3964 rasussimumretertumanimarun
1880 3900 1997 3966 luisse.

206 3971 405 4038 curatissime
417 3976 630 4038 conscientiae
643 3991 718 4038 suae
730 3981 852 4038 secreta
868 3975 1079 4060 rimeturtdgo
1122 3977 1229 4056 Neque
1245 3984 1347 4058 polest
1361 3978 1449 4042 aliter
1464 3979 1544 4056 lieri,
1562 3997 1632 4045 cum
1649 3982 1727 4045 nibil
1751 3985 1996 4060 coinquinatum

206 4057 288 4122 enlm
305 4055 395 4120 incita
408 4057 484 4120 mibi
498 4060 806 4138 persuadeo,tantum
822 4058 1001 4124 Pontificem
1016 4079 1077 4127 nun
1123 4060 1155 4126 in
1169 4062 1313 4142 Regnum
1329 4061 1486 4128 caelorum
1510 4063 1709 4138 admittatur,
1726 4067 1783 4129 sed
1800 4067 1861 4130 soll
1877 4067 1928 4132 illi
1943 4083 1997 4148 pa·

208 4140 347 4220 potuisse
365 4140 489 4204 lethalia
504 4148 634 4222 peccata
649 4142 920 4215 committere,uisi
935 4145 995 4208 sub
1007 4162 1078 4225 spe·
1124 4152 1246 4209 uctrara
1261 4145 1383 4210 ualeant
1396 4147 1435 4210 ad
1451 4154 1655 4228 conspectum
1671 4146 1728 4212 liei
1744 4147 1799 4230 qui
1813 4149 1868 4212 lux
1882 4156 1947 4227 εει,
1965 4151 1997 4214 in

207 4223 255 4286 eie
272 4223 346 4287 boni
362 4224 528 4302 deceptum
542 4225 581 4286 ab
597 4224 827 4302 adulatoribus,
853 4231 883 4288 el
898 4226 1080 4293 domesticis
1124 4245 1185 4309 qua
1203 4227 1350 4292 tenebrae
1367 4245 1428 4294 non
1441 4234 1516 4294 sunl
1532 4230 1624 4308 etiae,
1642 4237 1735 4311 alque
1751 4235 1788 4296 ad
1803 4232 1908 4297 locum
1928 4233 1997 4296 inli-

210 4307 248 4370 de
264 4306 379 4386 quibus
398 4308 429 4368 in
445 4306 614 4389 Evangelio
629 4307 755 4388 dicitur;
779 4308 913 4374 Inimici
936 4310 1080 4378 bominis
1125 4311 1208 4375 uitae
1219 4313 1374 4390 puritatis,
1392 4313 1452 4376 nial
1467 4311 1582 4393 iltioni
1597 4329 1668 4378 ιειε
1683 4316 1782 4379 ειιιειι
1795 4321 1827 4378 ει
1840 4315 2000 4380 immacu·

207 4390 376 4454 domestici
388 4394 470 4454 ctus.
488 4391 596 4469 traque
612 4390 674 4454 boc
696 4396 757 4454 tam
775 4407 888 4470 magno
913 4397 1079 4474 exemplo,
1123 4394 1176 4458 lati
1194 4401 1287 4470 sunt,
1315 4400 1346 4457 et
1367 4396 1404 4457 ad
1426 4397 1596 4477 gloriosum
1612 4397 1696 4460 illam
1712 4397 1884 4462 Ecclesiam
1900 4399 2000 4481 perti·

207 4471 367 4537 discamus
379 4489 488 4537 omues
499 4473 632 4538 sollicite
645 4472 775 4538 scrutari
787 4475 1011 4539 conscientiam
1026 4495 1078 4545 uu·
1125 4484 1213 4554 nant,
1230 4483 1261 4540 to
1278 4494 1337 4554 qua
1354 4494 1415 4542 nou
1430 4484 1479 4562 cst
1493 4481 1625 4556 macula,
1641 4496 1745 4560 unque
1761 4499 1849 4561 ruga.
1867 4481 1928 4558 Qui
1943 4502 1998 4550 au·

104 4593 107 4600 ·
207 4560 315 4635 stram,
333 4573 372 4618 na
387 4555 468 4621 iorta
479 4572 616 4630 ,erronea
631 4573 667 4620 ea
683 4559 736 4632 sit,
753 4574 824 4621 cum
840 4557 933 4622 uobis
947 4565 1079 4636 reola,et
1124 4565 1185 4625 tem
1201 4558 1356 4623 eiusmodi
1371 4567 1456 4632 sunt.
1473 4561 1624 4626 rarissimi
1639 4568 1726 4627 suntr
1743 4564 1875 4644 proinde
1891 4573 1999 4631 caete·

207 4655 282 4702 sana
299 4655 371 4702 asse
388 4638 539 4704 rideatur.
564 4639 625 4702 Sed
649 4640 687 4704 ad
710 4642 908 4716 institutum,
934 4644 1018 4706 unde
1033 4645 1079 4707 di·
1125 4644 1149 4707 ri
1167 4658 1290 4720 omnes,
1307 4643 1360 4719 uui
1375 4644 1413 4707 od
1429 4645 1600 4709 electorum
1625 4664 1787 4714 numerum
1804 4646 1993 4728 pertinent,

207 4721 307 4801 gressi
323 4740 444 4793 sumus,
462 4730 663 4786 reuertamur.
681 4724 851 4802 Purgatorii
869 4741 986 4803 poenas
1002 4727 1079 4790 ultra
1125 4725 1296 4805 perignem
1313 4723 1483 4805 Purgatorii
1501 4731 1764 4804 transeuntiluae
1776 4748 1846 4796 cum
1862 4734 1904 4795 ita
1917 4733 1997 4812 sint,

208 4805 331 4882 decem,
349 4811 401 4869 aut
415 4805 523 4886 uiginti
538 4822 637 4870 anuos
652 4807 789 4877 ειιειιιιι,
807 4813 838 4870 ει
852 4806 984 4871 ιοιιιεεε
999 4810 1076 4874 ultra
1126 4824 1260 4872 necessa
1274 4814 1346 4886 est,
1362 4812 1398 4872 ut
1412 4809 1562 4876 Columba
1584 4813 1714 4878 assidue
1734 4819 1838 4896 gemat
1859 4830 1917 4894 pro
1933 4821 1998 4880 tam

209 4892 346 4959 centum,
363 4894 395 4951 et
410 4891 490 4950 ultra
506 4889 591 4952 mille
608 4905 707 4952 annos
724 4893 888 4970 propagari
906 4907 999 4969 posse
1016 4910 1077 4957 uon
1124 4890 1230 4956 multis
1246 4891 1395 4955 membris
1410 4896 1477 4957 suis
1492 4911 1573 4972 guae
1599 4895 1637 4959 ad
1665 4899 1795 4975 patriam
1822 4899 1996 4964 caelestem

210 4968 340 5034 dubium
358 4977 417 5034 ast.
436 4971 496 5036 Sed
514 4976 581 5036 esto
597 4971 675 5035 iutra
693 4973 815 5049 dacem,
833 4979 884 5037 aut
901 4974 1006 5054 viginti
1023 4993 1078 5039 au·
1126 4974 1282 5038 immenso
1297 4974 1409 5040 ardore
1424 4976 1595 5059 suspirant,
1613 4985 1644 5044 et
1659 4979 1754 5044 simul
1776 4979 1807 5044 iu
1823 4981 1897 5061 igue
1913 4981 1997 5046 iulo·

210 5068 267 5116 nos
285 5054 466 5117 terminetur
482 5071 581 5134 poena
599 5055 769 5133 Purgatorii
784 5073 792 5133 ;
807 5055 878 5134 quis
901 5074 1033 5136 poenam
1049 5077 1079 5122 a·
1124 5057 1247 5120 larabili
1274 5058 1473 5138 delineatur,
1498 5068 1529 5126 ει
1549 5063 1662 5144 poeuis
1687 5063 1900 5130 acerbissimis
1925 5082 1997 5132 cru·

210 5133 416 5199 trucissimam
430 5138 499 5201 sine
513 5139 574 5203 ulla
588 5137 872 5214 intermissionem
888 5141 957 5203 sina
969 5142 1080 5221 requie
1125 5143 1257 5205 ciuntur.

211 5216 319 5314 viginti
334 5219 426 5282 aunis
443 5221 575 5285 tolerare
601 5211 726 5302 posset?
747 5221 820 5286 Nam
845 5239 977 5301 poenam
995 5225 1079 5289 iilam
1493 5261 1564 5325 GM>
1600 5263 1628 5324 Χ

210 5317 280 5364 sune
296 5303 543 5378 intermissione,
557 5303 1007 5386 stragulacruciareinlelligi
1025 5327 1080 5387 pc·
1166 5349 1168 5352 -
1311 5359 1314 5366 .
1415 5364 1422 5378 .
1558 5308 1576 5329 ”
1631 5307 1640 5327 ’

210 5389 272 5448 ιεει
286 5402 323 5449 ex
346 5385 489 5462 risione,
514 5404 606 5464 cuam
630 5404 668 5452 ex
688 5385 770 5450 Beda
793 5389 965 5452 venerabili
988 5392 1080 5467 paulu
1292 5359 1335 5463 9⁰
1351 5363 1576 5464 d⁰⁰¹m⁰s⁰m⁰
1589 5367 1846 5466 mmmmm

211 5474 283 5530 ante
299 5469 475 5532 retulimus.
493 5469 574 5532 Sane
589 5470 615 5532 si
632 5471 703 5547 ouis
718 5475 824 5535 certus
846 5479 950 5543 essct.
974 5490 1010 5538 se
1026 5491 1080 5553 pe·
1250 5464 1310 5528 ⁹¹⁴²
1331 5453 1377 5510 ‘⁸‘
1398 5449 1618 5546 mmmm
1642 5451 1766 5516 “mm
1787 5448 1856 5514 ⁰⁰¹·

214 5550 301 5627 dum,
316 5556 370 5614 aut
384 5553 536 5616 stomachi
553 5601 560 5624 ,
576 5553 624 5616 rel
639 5555 751 5632 capitis
767 5561 819 5618 ant
840 5557 1004 5633 dentium,
1028 5563 1081 5620 aut
1168 5561 1261 5626 Amor
1274 5562 1332 5626 Dei
1349 5568 1397 5626 ast
1412 5564 1562 5644 irriguum
1589 5565 1759 5646 superius,
1788 5564 1872 5629 uude
1894 5564 1996 5628 fluunt

218 5631 329 5700 calculi
346 5633 455 5702 dolore
481 5637 646 5704 continuos
671 5636 781 5722 viginti
805 5653 906 5708 annos
931 5639 1000 5706 siue
1016 5641 1078 5708 ulla
1128 5644 1235 5714 dulces
1250 5645 1427 5728 lacrymae,
1445 5664 1527 5730 quae
1542 5647 1768 5731 producentia
1785 5649 1911 5720 bertulo
1928 5664 1995 5716 cor·
