4080 6252
267 301 320 364 tillo
840 292 887 351 DE
907 289 1020 350 osric.
1041 287 1316 350 ebrudunensi.

197 418 353 500 miniani
374 417 530 482 iudicatis
551 421 693 480 terram:
717 413 838 478 seruile
859 413 995 477 Domino
1015 413 1054 477 in
1098 421 1178 481 stros
1193 415 1259 482 llai.
1275 415 1430 496 Principio
1445 413 1581 482 llinistar
1595 409 1701 487 dabat,
1718 411 1746 474 si
1767 411 1843 491 quid
1857 409 1957 492 sapit,

199 501 324 579 umore,
347 508 376 564 et
402 501 546 568 multale
571 501 602 563 ei
623 515 696 563 cum
720 502 865 562 tremore.
885 496 966 558 lltlo
990 495 1050 561 allo
1098 515 1160 562 noo
1175 517 1212 563 ex
1237 499 1336 579 capite
1362 516 1419 563 suo
1443 499 1530 580 leges
1551 495 1674 576 populis
1695 493 1782 572 darc,
1798 495 1856 560 sed
1870 496 1959 558 iuxta

196 585 314 664 psalmo
342 584 417 649 dicit
436 632 444 659 ,
465 583 664 666 Daumfiesss
692 582 749 663 qui
773 582 878 661 aufert
897 579 1049 658 spiritum
1097 584 1184 662 leges
1200 583 1259 646 sibi
1275 583 1385 664 allega
1400 585 1497 655 datas,
1511 582 1775 660 populosregere.
1788 579 1853 642 don
1865 578 1956 642 enim

197 665 397 750 Principum,
424 675 454 732 at
474 667 545 731 ideo
571 663 834 744 essellterribilam
856 664 936 742 apud
951 661 1051 742 Reges
1094 665 1229 745 Populus
1244 668 1368 745 proprio
1380 671 1411 730 et
1425 663 1563 728 absolute
1575 661 1723 740 suos,sed
1739 662 1873 742 pupulos
1885 660 1957 736 Dei,

197 756 308 830 terrae,
325 759 356 817 st
370 752 453 814 idem
468 752 536 828 lpse
551 749 644 813 David
657 747 786 812 llllosuo
798 745 1051 823 Calamoni,lunc
1094 750 1188 830 Regis
1203 751 1319 814 aeterni
1335 748 1552 830 gubernandos
1567 747 1715 826 suscepit.
1728 745 1827 820 Quare
1842 759 1957 810 cavare

198 833 328 911 primum
351 850 481 916 regnare
505 831 678 911 incipienti,
705 831 750 896 sic
764 831 886 895 loculus
908 837 967 908 ost,
983 831 1050 910 Epo
1096 834 1200 910 debet,
1217 850 1256 898 oa
1271 833 1386 911 aliquid
1407 834 1522 905 iubeat,
1545 830 1628 909 qnod
1642 829 1704 910 legi
1719 827 1841 894 divinae
1857 846 1953 910 repu-

194 917 365 997 inoredior
391 918 478 980 uiam
491 917 664 981 uniuersae
676 923 794 989 terroe,
811 914 1005 992 confortare,
1022 918 1052 976 et
1095 923 1180 997 puel.
1197 918 1234 980 ut
1247 917 1393 996 quoniam
1407 917 1506 996 Reges
1521 931 1583 979 non
1597 914 1697 978 solum
1709 913 1833 992 legibus
1844 917 1877 978 el
1888 913 1957 977 adl·

198 1007 261 1064 esto
278 1003 377 1074 sinet
392 1000 578 1079 absumant
593 999 756 1064 custodias
770 999 930 1062 mandata
944 996 1050 1061 Domi·
1095 1000 1164 1074 ctis,
1181 1001 1237 1064 sed
1254 1002 1346 1064 etlam
1361 1000 1502 1080 exemplo
1518 1006 1547 1062 et
1561 999 1650 1060 lactis
1664 996 1798 1075 Populos
1812 1003 1956 1079 reguut3

197 1083 236 1147 ni
249 1084 307 1148 ilai
320 1087 381 1159 tui,
396 1091 432 1148 ut
446 1083 590 1148 ambules
603 1085 642 1148 in
652 1085 713 1148 uiis
728 1083 810 1157 eius,
837 1088 867 1145 et
887 1081 1050 1146 custodias
1096 1084 1182 1148 valde
1196 1100 1304 1148 carere
1317 1083 1444 1161 debent,
1459 1099 1500 1146 ne
1511 1083 1570 1162 ipsi
1581 1083 1669 1162 leges
1681 1079 1875 1150 dirlmsulto
1888 1097 1958 1144 mo·

197 1170 397 1234 ceremonias
412 1168 493 1243 eius,
505 1175 535 1231 et
547 1167 695 1245 inducia,
722 1173 751 1229 et
773 1167 956 1230 testimonio
969 1170 1050 1229 sicut
1094 1169 1135 1230 do
1152 1168 1428 1248 transgrediantur.
1445 1166 1534 1230 certe
1546 1165 1632 1242 ,enin
1647 1164 1674 1225 si
1688 1163 1840 1243 Minister,
1857 1164 1957 1246 Regis

198 1251 355 1332 scriptum
369 1255 414 1314 eat
428 1253 466 1316 in
480 1251 670 1333 mpeliuysi.
687 1249 806 1324 Quibus
828 1249 929 1313 rerbis
943 1250 1004 1312 lter
1019 1265 1050 1312 o·
1096 1253 1232 1326 nominc,
1255 1250 1389 1314 edictum
1412 1249 1537 1330 publice
1559 1251 1720 1329 proponat,
1737 1262 1778 1310 ne
1800 1248 1885 1312 ullus
1900 1265 1957 1311 au-

195 1338 310 1412 ptimus
325 1339 356 1397 et
369 1333 618 1412 sapientissimus
629 1333 725 1397 fllium
744 1333 898 1414 admouet,
913 1340 945 1394 ut
960 1336 985 1396 si
1002 1348 1049 1396 ve·
1096 1335 1307 1398 deattrunsirs
1322 1333 1360 1396 ad
1375 1334 1495 1410 hostes,
1510 1340 1561 1397 out
1571 1347 1626 1396 eos
1637 1331 1743 1404 armis,
1755 1332 1804 1395 rel
1816 1347 1956 1396 comme·

195 1417 232 1480 lit
244 1416 375 1482 lelioitcr
389 1433 529 1499 regnare,
546 1419 608 1482 ileo
624 1417 697 1497 llepi
712 1416 828 1496 Regum
844 1416 976 1480 fideliter
986 1432 1050 1478 sar·
1094 1424 1163 1483 atus
1178 1419 1303 1483 iurare:
1330 1424 1414 1481 certe
1437 1419 1504 1497 ipse
1530 1415 1670 1486 minister
1676 1413 1795 1493 primus
1810 1431 1884 1480 esse
1898 1415 1955 1480 de·

195 1501 276 1564 rial:
290 1500 428 1583 etprima
444 1501 489 1564 illl
504 1518 577 1566 eura
606 1501 647 1565 sit
659 1507 692 1564 ut
707 1501 738 1561 ln
752 1500 792 1563 ils
807 1516 885 1580 quae
907 1501 943 1562 ad
969 1500 1050 1563 Reli·
1094 1501 1192 1565 botin
1208 1502 1308 1565 edicto
1323 1501 1478 1565 eiusmodi
1499 1499 1703 1564 observando.
1725 1495 1841 1562 liudem
1857 1500 1953 1580 igitur

198 1583 322 1664 pionem
341 1584 506 1663 pertinent,
524 1584 602 1648 nibil
618 1583 743 1647 omnino
757 1589 938 1663 praetereat.
956 1590 986 1646 el
999 1599 1050 1646 ex·
1095 1585 1197 1659 modo,
1213 1585 1328 1648 debent
1341 1583 1442 1664 Reges
1457 1593 1583 1660 terreae,
1599 1588 1633 1646 ut
1645 1580 1774 1648 llinislri
1795 1582 1867 1660 Ilei,
1883 1583 1953 1647 dili·

195 1668 299 1747 emplo
313 1683 371 1732 suo
387 1668 517 1748 populos
532 1667 591 1732 sibi
606 1667 764 1731 sublectos
780 1669 811 1728 in
835 1683 904 1729 sera
918 1666 1050 1745 Religio·
1093 1668 1276 1747 gentissime
1290 1683 1411 1739 carere,
1426 1683 1466 1731 ae
1477 1665 1635 1736 adulteria.
1652 1663 1699 1727 rel
1713 1665 1865 1743 sacrificia
1880 1665 1949 1730 villa

195 1766 236 1815 na
251 1751 427 1814 contiueat:
444 1750 557 1815 deindo
580 1752 665 1832 leges
688 1749 755 1828 llei,
778 1767 857 1829 quae
879 1747 917 1812 ad
934 1765 1047 1824 mures,
1094 1751 1295 1830 committant,
1313 1767 1352 1813 ne
1367 1751 1517 1829 peterent,
1534 1767 1573 1813 ne
1594 1748 1825 1826 blasphement,
1841 1765 1903 1813 nec
1924 1751 1947 1810 i·

193 1834 244 1898 vel
255 1833 368 1899 iudicia
383 1834 550 1912 pertinent,
565 1833 728 1914 diligenter
742 1827 902 1896 observet:
917 1849 952 1896 ae
964 1833 1050 1896 deni·
1095 1834 1196 1898 niusta
1218 1835 1312 1898 ullum
1328 1834 1523 1914 opprimant;
1539 1834 1675 1910 denique
1689 1847 1729 1893 ns
1744 1832 1824 1896 malo
1839 1847 1950 1896 axem-

195 1933 257 1998 que
272 1916 318 1982 sic
332 1918 401 1998 ipsa
414 1917 480 1982 uso
494 1917 666 1991 sublectus,
683 1922 713 1979 et
727 1917 880 1979 obediens
901 1933 972 1980 esse
987 1922 1050 1979 stu·
1095 1917 1147 1996 plo
1162 1933 1220 1982 suo
1234 1917 1367 1998 Populos
1381 1919 1419 1981 ad
1436 1917 1625 1996 peccandum
1641 1923 1819 1994 provocent.
1838 1917 1903 1980 lter
1918 1931 1950 1978 e·

193 2000 539 2080 doat,quamadmadum
552 2001 637 2080 eupit
651 1999 711 2062 sibi
725 1999 763 2063 ab
778 1999 967 2064 administris
983 2000 1048 2064 suis
1095 2001 1157 2063 uim
1172 2000 1255 2066 Deus
1271 2001 1397 2064 nimium
1420 2002 1573 2075 irascitur,
1596 2015 1666 2062 cum
1687 1997 1770 2062 ridet
1791 2014 1846 2063 sos
1869 2007 1949 2062 tran·

193 2092 346 2164 prompta,
363 2084 555 2163 taetitsrqua
565 2083 684 2148 serviri.
1095 2085 1197 2165 sgredi
1212 2085 1298 2166 leges
1313 2101 1397 2158 suas,
1414 2101 1492 2163 quos
1507 2083 1706 2148 administros
1726 2082 1822 2165 Regni
1834 2083 1885 2146 sul
1899 2099 1949 2146 es·

240 2167 299 2232 Sed
314 2170 572 2248 operaepretium
588 2173 636 2231 est
657 2165 826 2236 attendere.
844 2185 933 2246 ouem
955 2171 1050 2250 grasl-
1095 2183 1130 2231 se
1145 2168 1250 2242 soluit,
1268 2175 1299 2230 ut
1313 2170 1445 2247 pupulos
1459 2168 1490 2230 ln
1503 2165 1617 2239 officio,
1632 2170 1662 2227 el
1673 2165 1703 2226 ln
1716 2165 1819 2245 legum
1832 2165 1949 2228 divina·

194 2254 241 2314 ter
262 2251 412 2321 sapientia
429 2251 529 2314 dirius
542 2250 643 2328 llepes
663 2249 836 2324 admoneat,
859 2249 987 2330 Audite,
1003 2256 1047 2316 in·
1093 2266 1161 2314 rum
1177 2251 1391 2315 observatione
1406 2253 1596 2316 contineant.
1617 2246 1736 2312 Deinde
1756 2250 1886 2313 Ministri
1901 2251 1949 2312 rel

194 2334 271 2412 quil,
287 2334 388 2414 llepes
404 2342 433 2398 et
453 2335 633 2413 intellioite.
656 2335 769 2397 discite
789 2335 914 2418 iudices
934 2335 1050 2413 finium
1094 2333 1240 2398 Praelecti
1255 2334 1384 2415 Regum,
1398 2337 1424 2397 si
1446 2335 1521 2398 torte
1544 2335 1653 2396 divites
1673 2330 1948 2412 uerissimeque

193 2418 299 2480 terrae
314 2435 323 2478 ε
337 2417 486 2496 praebete
499 2432 596 2482 aures
615 2434 683 2490 uos,
700 2418 758 2496 qui
777 2419 945 2481 continetis
965 2423 1048 2484 mul·
1097 2418 1199 2481 sciunt
1213 2433 1249 2490 se
1265 2434 1325 2480 non
1348 2419 1406 2480 diu·
1423 2418 1455 2480 in
1469 2418 1574 2497 Regno
1589 2416 1718 2494 tuturos,
1736 2433 1805 2480 cum
1821 2431 1946 2479 sucees-

193 2501 362 2573 tltudines,
380 2507 409 2563 et
422 2501 557 2578 placetis
571 2499 660 2564 uobis
681 2501 718 2562 in
740 2499 840 2564 turbis
855 2503 1046 2581 notionum3
1097 2517 1197 2564 sorem
1218 2501 1303 2564 brari
1319 2510 1478 2565 uenturum
1501 2504 1663 2580 expectent
1681 2515 1690 2574 ;
1706 2507 1868 2578 propterea
1884 2516 1948 2562 nou

194 2585 354 2663 quoniam
366 2584 446 2648 data
460 2590 506 2648 est
519 2602 541 2656 a
552 2584 615 2648 ileo
627 2587 769 2663 potestas
781 2583 882 2660 nebu,
899 2590 929 2648 et
948 2589 1048 2651 uirtus
1099 2585 1221 2648 solliciti
1235 2593 1307 2648 sunt
1320 2585 1360 2648 da
1373 2584 1553 2649 coemendis
1567 2585 1601 2645 in
1626 2597 1663 2646 eo
1689 2582 1796 2662 Regno
1810 2583 1945 2661 palatiis,

194 2665 236 2730 ab
259 2665 433 2746 Altisdmo,
461 2669 520 2748 qni
546 2666 757 2747 interropobit
778 2677 1004 2750 operaoestro,
1018 2677 1047 2733 et
1099 2675 1150 2731 aul
1165 2663 1448 2748 rinei's,autapris,
1470 2672 1523 2731 aut
1543 2667 1651 2740 bortis,
1674 2681 1753 2748 quac
1773 2681 1881 2729 secum
1897 2682 1948 2728 au·

195 2754 408 2829 cogitationes
428 2749 637 2816 scrutabitur.
670 2749 828 2827 Quoniam
850 2768 923 2814 cum
945 2756 1050 2818 essetis
1095 2750 1175 2814 farre
1188 2757 1220 2814 at
1243 2758 1400 2828 asportare
1422 2767 1482 2814 non
1508 2756 1662 2830 possunt3
1688 2751 1745 2814 sed
1760 2749 1951 2827 pecuniaset

193 2831 552 2914 liinistrillepniillius,
565 2834 1052 2908 nonrectoiudicastismecuu·
1095 2849 1146 2897 res
1161 2835 1322 2912 pretiosas,
1351 2851 1430 2914 quac
1451 2834 1541 2898 lacils
1568 2835 1717 2912 asportari
1733 2838 1876 2911 possunt,
1895 2850 1947 2894 cu·

195 2916 337 2980 stodistis
350 2917 450 2994 lepem
464 2917 621 2992 iustitiae,
637 2933 741 2997 nequa
752 2919 929 2982 secundum
939 2922 1050 2984 uolun-
1097 2919 1214 2980 mutare
1230 2925 1388 2998 satagunt3
1413 2924 1444 2980 ut
1458 2934 1527 2980 uum
1543 2918 1749 2982 recedendum
1765 2916 1835 2988 erit,
1852 2919 1885 2978 et
1897 2931 1948 2996 pu

195 3004 295 3064 tatem
305 3000 363 3064 llei
373 2999 758 3064 ambulastiszllorrende
769 3006 799 3063 ct
809 3001 869 3063 cito
881 3004 1052 3082 apparebit
1095 2999 1376 3064 testas'snceessori
1392 3001 1551 3078 uadenda,
1574 2999 1684 3064 diuites
1705 3005 1897 3063 revertantur
1917 3000 1948 3061 iu

193 3082 294 3159 uobis,
321 3083 478 3162 qnoniam
501 3083 663 3148 iudicium
690 3084 902 3148 durissimum
916 3087 977 3156 bis,
994 3090 1051 3168 qui
1095 3086 1243 3163 patriam:
1269 3100 1371 3163 neque
1397 3084 1428 3146 id
1444 3085 1543 3148 solum
1568 3091 1676 3146 curant
1696 3083 1722 3147 si
1737 3082 1873 3162 sapiunt.
1890 3083 1947 3145 sed

195 3165 1050 3248 praesuntdetdnipuoenimconoaditurmisericor-
1094 3173 1178 3231 ulca
1203 3167 1302 3231 solum
1329 3173 1498 3246 asportent,
1526 3182 1605 3246 quse
1620 3166 1829 3232 institueratl
1852 3173 1945 3228 sunt:

194 3250 1047 3332 diazpctenusautempotenmrturmentapatimmr.
1093 3252 1230 3330 alloquin
1251 3250 1316 3314 Rex
1336 3265 1397 3314 uon
1419 3251 1520 3314 solum
1542 3265 1598 3312 eos
1614 3256 1765 3329 potestate
1785 3256 1815 3312 et
1828 3247 1949 3311 Praela-

196 3331 278 3396 Hasc
294 3334 445 3412 sapientia
460 3335 563 3398 divina
578 3336 680 3412 docet,
704 3351 781 3413 quae
802 3335 935 3398 breuiter
955 3340 1049 3418 expli·
1095 3341 1178 3398 utura
1193 3335 1301 3413 privat,
1316 3335 1371 3397 sed
1387 3333 1488 3397 omnia
1505 3333 1584 3396 male
1605 3341 1690 3414 parta
1711 3331 1820 3408 aulert,
1846 3337 1880 3395 at
1894 3347 1948 3394 eos

196 3418 295 3480 cende
310 3423 393 3481 sunt.
417 3417 548 3482 Primum
569 3417 774 3481 admonentur
794 3417 906 3497 Reges,
920 3427 953 3482 ut
967 3422 1049 3500 cogi·
1093 3423 1128 3480 ut
1138 3417 1271 3482 latrones
1286 3418 1333 3480 rel
1354 3419 1443 3480 morti
1466 3417 1567 3490 tradit,
1590 3418 1638 3480 rel
1654 3417 1825 3482 inexilium
1842 3414 1945 3489 mittit,

194 3503 271 3578 tent,
284 3501 510 3579 potestatemin
523 3501 1047 3579 allosbominesbabsreseaDeo,
1093 3507 1126 3563 ul
1142 3516 1260 3579 poenas
1283 3500 1369 3564 luant
1392 3501 1568 3579 provinciae
1594 3503 1681 3564 mala
1703 3499 1945 3562 administratae.

193 3599 391 3662 quocumque
406 3585 495 3648 titolo
508 3589 653 3664 regnent.
668 3585 754 3662 Nam,
772 3591 804 3648 ut
817 3585 981 3664 Apostolus
995 3589 1049 3650 do·
1093 3584 1251 3648 Basanon
1274 3599 1397 3664 semper
1418 3584 1516 3666 llcges
1530 3590 1631 3649 terrie
1643 3585 1678 3648 in
1697 3581 1872 3648 Praelectos
1887 3597 1949 3645 me·

193 3671 243 3730 cet
257 3667 288 3730 ln
304 3667 434 3744 epistola
450 3669 488 3730 ad
504 3667 658 3732 Romanos
672 3668 743 3731 lllon
756 3675 802 3731 est
814 3673 965 3747 potestas,
981 3673 1048 3736 nisi
1092 3668 1140 3730 los
1152 3673 1286 3733 statuere
1296 3674 1437 3748 possunt,
1447 3666 1519 3749 qula
1531 3665 1580 3732 sel
1591 3683 1697 3732 eorum
1709 3672 1835 3748 peccata
1848 3666 1948 3730 nesci·

194 3764 218 3811 a
229 3747 306 3814 ileo.
321 3749 395 3831 lpse
405 3750 488 3814 enlm
501 3754 589 3814 solus
604 3767 664 3814 non
676 3751 715 3815 ab
730 3751 788 3815 alio
800 3759 980 3830 potestatem
995 3755 1049 3818 ba·
1093 3760 1158 3827 unt,
1171 3753 1218 3816 nal
1233 3761 1315 3816 matu
1330 3751 1470 3831 palorum
1494 3757 1605 3824 tacent,
1626 3753 1674 3815 rel
1694 3755 1776 3816 certe
1797 3749 1861 3829 ipsi
1874 3765 1948 3828 quo·

193 3831 259 3913 bet,
276 3850 346 3897 eum
362 3850 455 3898 unus.
469 3835 537 3916 ipse
562 3835 602 3899 sit
622 3834 809 3916 Lepislator,
832 3839 862 3898 et
882 3835 998 3916 ludum,
1016 3845 1049 3902 ut
1070 3880 1072 3884 -
1093 3850 1153 3913 que
1167 3836 1222 3898 liei
1237 3843 1309 3899 suut
1332 3836 1484 3900 scelerum
1506 3836 1698 3899 multorum:
1725 3840 1757 3898 et
1771 3833 1844 3897 ideo
1858 3831 1946 3897 dissi·

193 3917 331 3998 loquitur
354 3916 521 3998 Apostolus
544 3918 693 3997 lacobus;
710 3919 740 3982 id
756 3925 814 3999 est,
830 3919 882 3999 qui
904 3923 1048 3986 omnibns
1092 3919 1209 3982 molant
1233 3925 1359 3998 paccata
1381 3918 1523 3990 aliorum,
1552 3933 1592 3980 na
1614 3920 1695 3998 ipsis
1723 3916 1945 3999 exprobrentur

192 4001 244 4066 dal
258 4001 358 4082 lepus
374 4007 406 4065 at
419 4016 529 4066 omues
544 4001 681 4081 iudicat3
698 4008 729 4066 el
743 4002 811 4082 lpse
826 4019 843 4066 a
864 4005 987 4068 namins
1003 4006 1062 4069 iu»
1092 4019 1160 4067 sua.
1174 4002 1212 4065 bl
1226 4002 1290 4065 liar
1305 4001 1422 4082 Regum
1436 4002 1522 4066 Deus
1536 4017 1639 4082 neque
1653 4007 1779 4083 peccate
1800 4001 1870 4064 ulla.
1884 4016 1946 4064 nou

193 4084 324 4164 dicatur,
341 4089 409 4148 ela
436 4085 563 4150 nemine
586 4085 686 4166 legam
712 4087 833 4166 ancipit.
862 4085 967 4168 ltaque
982 4089 1047 4151 sira
1092 4086 1186 4150 ridet.
1214 4099 1315 4166 neque
1341 4085 1509 4164 potentiam
1528 4083 1621 4149 ullius
1636 4086 1734 4159 timet,
1750 4099 1854 4161 usquc
1868 4084 1947 4148 inia-

194 4167 330 4250 Populus
341 4172 522 4249 potestatam
535 4185 622 4233 suam
637 4171 668 4232 ln
684 4169 854 4250 Principem
871 4171 1045 4250 transierat,
1092 4177 1159 4234 stus
1174 4177 1231 4241 est,
1248 4177 1283 4232 ut
1297 4168 1475 4233 iniustitiam
1499 4168 1627 4232 allorum
1650 4167 1847 4233 dissimulare
1860 4169 1945 4231 uelit.

193 4252 260 4317 sira
274 4267 330 4333 per
343 4252 578 4316 haereditariam
601 4255 833 4326 successionem
846 4261 983 4334 potestas
998 4273 1047 4320 ao·
1090 4251 1197 4332 ltaque
1212 4254 1309 4334 llegss
1332 4261 1440 4330 temus,
1458 4252 1528 4331 quia
1552 4249 1711 4338 Praefecti,
1727 4259 1758 4314 st
1772 4250 1900 4314 llinistrl
1915 4269 1945 4316 a·

194 4337 343 4416 quiritur,
355 4335 422 4400 sire
436 4336 503 4401 iura
514 4335 590 4401 belli
601 4337 714 4418 aliquis
724 4337 871 4417 Princeps
882 4337 934 4401 ilat
946 4357 954 4400 ι
968 4353 1048 4404 sem·
1091 4339 1148 4400 stis
1163 4339 1229 4415 bai,
1245 4339 1272 4399 si
1287 4335 1362 4417 quid
1377 4335 1498 4415 sepitis,
1514 4350 1729 4400 successorem
1745 4334 1883 4415 quotidie
1896 4349 1946 4398 er·

193 4435 251 4502 par
265 4417 324 4484 erit
339 4432 456 4496 rerum,
474 4435 535 4484 oon
550 4434 621 4484 esso
636 4427 832 4500 potestatem,
853 4421 915 4484 nisi
930 4438 945 4484 a
961 4423 1045 4502 beo;
1092 4427 1234 4500 pestate;
1250 4435 1318 4484 uum
1334 4420 1455 4493 timore,
1474 4423 1505 4481 et
1525 4425 1657 4484 tremore
1671 4419 1808 4498 Regnum
1823 4417 1881 4482 bei
1896 4419 1948 4481 ad-

194 4509 227 4566 et
241 4513 337 4567 unum
352 4502 449 4566 ileum
474 4518 547 4568 esse
571 4518 750 4584 supremum
778 4504 997 4584 bepislatorem
1018 4513 1049 4568 et
1093 4503 1272 4577 ministrate,
1299 4510 1453 4582 tamquam
1482 4501 1630 4566 rationem
1656 4502 1696 4566 de
1718 4502 1851 4581 ungulis
1871 4503 1946 4564 actis
1976 4511 1981 4524 ·

194 4584 343 4652 iudicem.
355 4583 434 4650 Hinc
445 4602 517 4650 raro
528 4586 647 4667 colligit
659 4587 801 4668 Sapiens,
811 4602 921 4652 omnes
934 4588 1046 4670 Reges,
1090 4587 1204 4650 restris*
1214 4585 1364 4649 reddituri
1377 4603 1386 4661 ;
1401 4585 1543 4665 quaerito
1557 4600 1595 4648 ex
1609 4591 1710 4650 restro
1723 4584 1833 4648 labora
1846 4585 1945 4648 iustus

194 4684 368 4750 omnesque
388 4668 548 4750 Principes
571 4669 727 4735 ministros
741 4671 895 4744 assaliat,
911 4677 939 4734 el
953 4672 1048 4739 abso
1091 4670 1222 4745 diritius,
1240 4684 1318 4748 quae
1333 4675 1406 4732 sunt
1426 4668 1510 4732 bona
1530 4669 1648 4732 marita.
1672 4669 1724 4732 Sic
1737 4669 1821 4731 enim
1837 4665 1900 4744 bel,
1913 4673 1946 4731 ut

194 4753 391 4828 iudicandos,
407 4768 444 4817 aa
457 4755 629 4836 praemium
644 4753 693 4821 rel
713 4769 842 4833 poenam
858 4761 1048 4834 sumpturos,
1093 4769 1162 4821 cum
1179 4752 1334 4818 desieritis
1348 4767 1420 4815 esse
1440 4750 1592 4814 Praelscti
1611 4752 1697 4832 liegii
1719 4752 1870 4825 interris,
1886 4750 1947 4829 ipsi

194 4842 288 4916 prout
313 4836 346 4899 in
367 4835 473 4918 bspuo
498 4837 554 4902 llei
580 4836 821 4903 administrando
835 4852 869 4902 se
883 4840 1046 4920 gesserint.
1072 4835 1167 4915 'Regi
1182 4835 1298 4916 Regum
1312 4833 1494 4898 felicissime
1516 4836 1713 4916 conregnatis
1733 4834 1767 4896 ln
1788 4834 1896 4898 caelis.
1912 4833 1947 4898 Id

194 4917 471 5001 anditpraarares,
487 4937 550 4984 non
565 4921 604 4984 de
619 4921 697 4985 solis
710 4921 809 4997 lactis,
832 4922 889 4988 sed
903 4923 993 4986 etiam
1008 4923 1048 4986 da
1092 4919 1174 4983 euim
1190 4920 1282 4982 nobis
1307 4918 1466 4998 promittit,
1494 4919 1546 4995 qui
1569 4934 1633 4982 nun
1654 4917 1800 4982 mentitur
1821 4917 1947 4994 spiritus

194 5002 433 5086 capitationibus
445 5003 646 5084 iudicandum
662 5011 693 5068 et
702 5006 848 5085 quonlam
862 5006 988 5070 multum
1001 5007 1047 5070 tn·
1091 5002 1164 5065 liei:
1180 5003 1215 5066 st
1228 5001 1471 5079 sustinebimus,
1488 5006 1518 5064 et
1537 5001 1822 5082 conrapnabirnus.
1840 5002 1878 5064 tit
1891 5003 1946 5066 ile·

193 5091 290 5152 tarast
317 5087 398 5152 inter
422 5092 547 5168 paiuata
574 5087 760 5168 Principum.
779 5096 810 5153 et
835 5089 1046 5168 Privatorum3
1091 5101 1180 5149 rum:
1199 5083 1260 5162 Qui
1271 5086 1386 5150 uicerit
1398 5084 1530 5148 daboei
1543 5085 1654 5151 sedero
1669 5099 1796 5150 mecum
1808 5087 1848 5150 in
1862 5084 1944 5149 tbro·

193 5171 276 5253 quod
302 5170 353 5234 illa
378 5171 415 5234 ad
431 5171 555 5251 multos,
570 5169 629 5235 ista
649 5169 688 5234 ad
707 5188 824 5253 paucos
849 5175 1046 5254 pertinacem
1090 5185 1134 5234 no
1156 5185 1238 5241 meo,
1260 5171 1343 5232 sicut
1364 5183 1421 5247 epo
1442 5168 1507 5232 uici
1527 5174 1557 5231 et
1579 5169 1651 5234 sedi
1664 5183 1739 5234 mom
1753 5168 1850 5236 Putre
1874 5185 1945 5234 meo

193 5253 334 5335 adiungit
347 5253 479 5334 Sapiens
492 5254 662 5320 terribilem
676 5255 861 5321 sententium
875 5256 970 5322 illam.
993 5255 1047 5323 lu·
1091 5253 1130 5318 in
1145 5252 1261 5317 turono
1276 5254 1358 5317 airus

193 5337 318 5402 dicium
339 5339 551 5404 dumorum
574 5337 636 5417 bia,
660 5339 717 5422 md
729 5346 900 5421 praesunt,
924 5339 994 5421 μοις
1014 5347 1046 5406 et
1448 5331 1530 5399 eni.
1546 5334 1588 5399 ll.

194 5418 339 5487 Potentes
350 5425 671 5519 potentertormenta
683 5425 862 5505 potientur.
1364 5457 1653 5544 DeeodemOffioio

237 5504 298 5569 Sed
312 5521 471 5571 ueniamus
482 5505 520 5570 ad
535 5521 582 5582 ea,
599 5514 764 5587 quaesunt
783 5507 912 5573 llinlstri
933 5509 1046 5588 princi·
1657 5503 1665 5524 ⁸

194 5585 275 5666 palis
288 5591 424 5670 propriu,
439 5607 510 5656 cum
523 5589 584 5654 ium
596 5605 634 5654 ex
644 5591 756 5658 diuinis
765 5592 864 5658 literis
875 5589 948 5656 satis
958 5607 1047 5671 apar-
1133 5588 1399 5653 Gonsiderarimus
1409 5583 1807 5668 Principemdbrlstlauum,
1817 5587 1849 5648 ut
1860 5579 1945 5646 Vica-

56 5723 64 5742 ,
193 5673 225 5736 ta
239 5671 480 5740 demonstratum
494 5673 545 5754 sit,
567 5672 668 5754 ltegsa
688 5675 849 5759 hominurn
875 5689 947 5741 assa
961 5675 1048 5740 llini-
1091 5672 1171 5739 rium
1185 5675 1218 5736 in
1233 5671 1454 5754 temporalibus
1465 5671 1519 5736 ilci
1533 5671 1627 5752 Regis
1639 5668 1755 5749 magui.
1769 5666 1857 5733 Nunc
1872 5681 1945 5732 uou-
