4080 6252
807 328 911 388 LIBER
932 326 1067 386 PRIMUS
1683 331 1734 388 dib

43 475 140 524 rores
155 465 353 550 suadeoque
368 457 500 520 iudicem
517 456 642 538 iuranl;
665 459 795 540 proinde
811 462 907 526 virtus
952 463 1096 539 periatur.
1114 461 1153 522 de
1179 475 1237 538 qua
1261 475 1293 524 re
1315 461 1406 540 paula
1423 467 1491 539 past
1507 475 1644 537 agemus.
1667 461 1803 526 Ecclesia
1862 501 1864 506 -

41 543 81 605 in
98 544 204 606 uitium
219 543 394 622 degenerat,
410 541 436 601 si
453 543 591 604 uirtutem
607 543 696 606 aliam
709 544 907 626 laeditrErgo
952 542 1088 622 denique
1104 543 1239 606 ildelium
1255 545 1391 606 omnium
1408 545 1501 606 llator
1514 546 1543 604 in
1559 545 1692 620 publicis
1708 549 1806 622 preci·

43 629 81 687 in
107 627 228 690 iniuriis
252 623 375 698 alienis,
404 623 566 688 clementia
581 640 652 688 xnou
680 625 852 700 lotdrrenit,
877 635 908 691 ιιι
953 628 1023 702 bus,
1041 629 1087 690 sic
1101 627 1342 688 misericordiam
1360 627 1564 703 praedicebat
1580 643 1646 686 cam
1661 628 1721 690 lleo
1736 644 1803 704 pro·

6 733 7 736 ¹
43 725 128 772 reus
143 709 283 773 absolute
299 722 360 768 oon
374 706 527 785 puniatur,
544 711 599 770 sud
617 715 649 769 ιιι
663 709 710 770 rel
727 725 763 772 ex
774 711 908 789 aequila-
952 709 1048 788 priam
1066 725 1137 772 csse
1154 707 1317 787 significet.
1333 709 1428 785 Deae,
1445 709 1555 786 inquit,
1572 712 1625 770 cai
1636 713 1807 788 propriam

42 797 82 854 te
104 807 204 871 paean
227 789 427 864 diminuatur,
449 789 496 851 rel
518 807 553 852 ex
575 807 730 855 consensu
753 791 831 856 eius.
856 796 908 872 aui
953 800 997 854 est
1012 793 1159 856 misereri
1172 806 1309 869 compar,
1326 800 1512 869 ctparcere.
1531 791 1808 858 llbirormiaere·

42 874 197 937 iniuriam
210 873 340 950 accepit,
358 887 482 950 prorsas
499 874 629 950 tollatur,
643 874 668 936 si
685 891 758 952 spes
771 879 861 947 adsit.
876 895 908 940 u·
952 876 994 943 ri.
1011 877 1048 938 od
1072 875 1332 949 misericordiam
1359 891 1426 944 ror.
1448 890 1593 951 parcere,
1616 874 1652 934 ad
1676 876 1810 938 olomeo·

46 955 142 1022 tilius
157 972 228 1019 esse
244 954 378 1018 loturum
396 970 497 1031 neque
517 955 605 1033 Reip.
630 955 818 1020 oblatarum.
836 959 911 1023 Cum
956 960 1026 1020 tiara
1041 963 1187 1037 pertinet.
1205 958 1255 1019 Sic
1271 958 1351 1018 enim
1375 955 1514 1018 Ecclesia
1531 970 1566 1019 en
1585 956 1696 1016 diuinis
1711 958 1810 1020 literis

45 1056 128 1102 vero
141 1039 252 1102 iniuria
270 1037 330 1114 ipsi
344 1034 477 1116 Principi
495 1038 569 1101 laeta
586 1045 645 1114 est,
670 1041 832 1104 laudabilis
847 1043 911 1106 cle·
954 1041 1077 1115 edocta,
1094 1040 1337 1102 miscricordiam
1361 1055 1429 1100 cam
1451 1037 1613 1100 clementia
1630 1039 1809 1118 coniungit:

46 1122 170 1184 mentia
193 1138 220 1184 ει
229 1121 261 1197 il,
278 1121 304 1184 si
322 1121 468 1197 Princeps
483 1121 606 1183 excelso
628 1122 731 1183 animo
746 1124 909 1187 vindictam
956 1139 1016 1184 non
1040 1129 1162 1202 separat
1185 1139 1274 1184 unam
1298 1123 1336 1182 ab
1359 1121 1465 1190 altera,
1482 1131 1513 1182 ut
1531 1120 1635 1182 vitium
1652 1131 1673 1182 a·
1690 1125 1811 1184 cirture.

46 1211 192 1285 respuam
210 1204 269 1267 nisi
285 1212 366 1264 sorte
384 1202 553 1280 periculam
569 1205 619 1274 sit,
634 1218 673 1266 na
697 1221 770 1268 rous
794 1222 830 1268 er
846 1208 913 1268 im·
954 1205 1060 1268 ¹Valeat
1075 1207 1166 1284 igitar
1181 1221 1250 1268 cum
1273 1210 1338 1268 suls
1360 1203 1471 1266 Stoicis
1495 1204 1623 1273 Seneca,
1647 1206 1698 1281 goi
1715 1203 1812 1264 bomi-

47 1290 197 1365 punitate
213 1286 346 1349 deterior
363 1285 427 1349 ilat.
442 1283 528 1347 Puac
543 1287 625 1348 enim
642 1289 781 1356 oeouitas
797 1295 912 1367 posta·
958 1306 1024 1358 aes.
1049 1305 1109 1351 non
1127 1294 1159 1350 ιιι
1177 1301 1319 1360 carneos,
1334 1288 1388 1348 sed
1406 1292 1438 1346 at
1452 1285 1566 1347 terreos
1588 1285 1811 1363 aegritudinem

50 1372 110 1446 lat,
128 1368 319 1448 ntPrinceps
334 1369 414 1430 sinat
439 1367 476 1431 ob
502 1369 666 1432 ordinariis
689 1369 848 1434 lodicibus
873 1372 912 1436 da
956 1375 1049 1434 animi
1066 1371 1182 1434 sentire
1199 1385 1260 1430 nan
1275 1359 1398 1443 patitur,
1416 1371 1445 1428 et
1462 1371 1491 1428 ia
1508 1367 1619 1428 onmis
1635 1369 1771 1444 ignibus,
1785 1375 1815 1430 et

50 1468 111 1518 reo
127 1469 257 1532 poenam
274 1451 406 1528 aliquam
422 1452 514 1514 sumi.
958 1459 987 1514 in
1005 1454 1073 1531 ipso
1089 1460 1175 1515 tauro
1198 1451 1366 1512 Phalaridis
1388 1450 1559 1528 sapientem
1583 1466 1671 1512 suum
1695 1452 1813 1523 lactari,

651 1599 654 1606 ,
787 1589 790 1596 ,
958 1545 987 1598 et
1003 1539 1117 1614 gestire
1133 1536 1303 1597 contendit.

398 1617 479 1682 CAP.
496 1617 573 1681 xvi.
1000 1621 1092 1683 Porro
1115 1615 1327 1679 misericordia
1358 1616 1451 1677 uirtus
1479 1615 1611 1684 erinna,
1643 1618 1815 1682 commanis

567 1775 569 1780 ,
959 1703 1083 1780 quidem
1106 1707 1152 1764 est
1180 1699 1312 1776 Principi
1340 1714 1409 1760 com
1437 1697 1563 1773 popolo.
1595 1698 1649 1758 sed
1668 1707 1767 1760 tamen
1785 1697 1815 1758 io

143 1781 187 1845 De
200 1777 422 1843 Misericordia
435 1777 581 1858 Principi
593 1778 777 1842 accessoria
792 1780 835 1842 ad
961 1786 1099 1862 Principe
1115 1784 1206 1858 longe
1222 1779 1354 1856 amplius
1369 1781 1482 1850 elucet,
1501 1787 1530 1840 ct
1544 1779 1574 1840 in
1599 1782 1659 1844 lleo
1675 1783 1721 1842 sic
1738 1781 1813 1842 emi·

325 1859 482 1942 regendos
496 1859 643 1938 populos.
961 1879 1024 1942 oet,
1039 1879 1070 1930 ut
1086 1869 1144 1943 ipsi
1163 1864 1283 1939 propria
1305 1863 1365 1923 dici
1384 1863 1492 1942 possit,
1516 1870 1548 1921 ut
1570 1864 1660 1940 paulo
1683 1871 1753 1925 ante
1775 1879 1816 1926 ex

300 1996 304 2004 .
687 2011 690 2016 ,
771 1998 777 2008 .
958 1967 1050 2028 prece
1074 1944 1287 2010 Ecclesiastico
1310 1945 1815 2013 deraonstrarimns,Soluseuim

101 2029 261 2091 Postrema
276 2027 386 2102 rictus,
403 2041 440 2090 ex
451 2025 501 2099 iis,
519 2042 596 2105 qaas
610 2027 852 2091 considerandas
867 2046 917 2094 so·
958 2033 1040 2096 Deos
1055 2045 1165 2094 omnes
1179 2029 1305 2090 omnino
1320 2028 1458 2108 misce-ias
1473 2027 1579 2088 tollere
1595 2032 1705 2104 potest,
1718 2027 1746 2090 el
1758 2028 1816 2090 tol·

55 2113 232 2190 scepimus,
249 2111 460 2174 misericordia
484 2117 541 2172 cst.
565 2109 625 2172 Sed
649 2117 811 2190 antequam
828 2113 867 2174 de
882 2130 916 2176 ea
961 2119 993 2178 bt
1009 2117 1178 2186 eliaru,non
1193 2125 1302 2172 omrres
1318 2111 1356 2172 ab
1368 2112 1512 2172 omnibus
1528 2111 1693 2179 rebas,sed
1711 2125 1819 2172 omnes

56 2195 202 2268 scribere
217 2193 415 2271 incipiamoS,
439 2193 625 2254 remoranda
641 2200 689 2255 εει
705 2195 871 2266 calumnia,
888 2209 919 2258 ut
961 2215 1036 2277 qaas
1051 2195 1221 2260 secundum
1238 2193 1418 2272 sapientiam
1435 2212 1519 2252 suern
1544 2193 1657 2256 indicet
1673 2209 1742 2256 esse
1764 2193 1818 2254 tol·

57 2279 109 2338 sic
136 2278 256 2356 loquar,
273 2275 423 2346 Senecae,
450 2275 502 2351 oui
529 2277 673 2350 quoniam
700 2276 920 2341 addrcruserat
961 2284 1080 2346 luendas.
1104 2276 1267 2340 Secundus
1283 2294 1297 2336 e
1314 2275 1378 2337 ileo
1402 2284 1447 2334 est
1466 2277 1633 2351 Princeps,
1658 2277 1710 2353 oui
1726 2277 1819 2338 molta

13 2413 22 2430 ,
58 2360 249 2438 disciplinae
262 2359 447 2440 Stoicoram3
460 2355 609 2420 asslrarare
626 2375 687 2419 nan
704 2359 854 2422 dubitarit
867 2363 920 2422 mi·
964 2380 1077 2446 genera
1095 2358 1307 2430 miseriorum,
1324 2374 1385 2418 non
1403 2360 1440 2416 ab
1458 2375 1529 2422 arro.
1547 2368 1597 2418 out
1612 2359 1708 2420 altaro
1725 2358 1821 2420 tronti·

59 2443 231 2506 sericordia
250 2447 311 2512 εει.
324 2441 389 2505 Sed·
401 2449 562 2518 antequam
587 2441 625 2503 dc
641 2457 675 2504 oa
692 2441 830 2504 scribere
847 2443 922 2506 inei·
964 2466 1015 2520 aa,
1029 2446 1083 2509 sed
1100 2445 1137 2504 ab
1153 2442 1281 2520 integris
1296 2440 1518 2504 ciuitatibusot
1535 2441 1699 2518 provinciis
1716 2441 1823 2502 tollere

59 2527 196 2602 plumas,
225 2527 409 2587 remerenda
434 2531 481 2590 est
506 2524 669 2596 calumnia,
695 2534 726 2585 ιιι
740 2528 786 2586 ειε
801 2525 919 2598 ianuar,
966 2535 1077 2609 potest,
1095 2533 1126 2590 et
1141 2540 1173 2587 ro
1188 2525 1252 2603 ipsa
1270 2525 1358 2589 tollit.
1376 2526 1497 2600 qoaado
1512 2524 1703 2586 sirnrlis'llea
1722 2527 1750 2584 ia
1769 2524 1822 2584 mi·

60 2609 214 2682 Senecae,
242 2605 294 2684 qui
316 2610 459 2680 quoniam
483 2608 625 2670 addictus
648 2615 711 2670 eret
736 2607 922 2687 disciplinae
966 2603 1154 2682 sericordia,
1169 2615 1200 2669 et
1214 2605 1463 2668 miserationibus
1480 2607 1543 2668 ilari
1560 2607 1674 2668 studet.
1692 2605 1825 2681 Quantas

60 2689 250 2767 Stoicoruro3
264 2685 415 2755 affirmare
427 2705 488 2756 aorr
504 2689 663 2765 dubitarit,
679 2689 921 2754 misericordiam
967 2696 1108 2760 miserius
1123 2707 1186 2752 ano
1202 2691 1295 2760 rerba
1309 2689 1457 2766 Princeps
1474 2690 1550 2750 tollit
1569 2708 1583 2748 e
1601 2692 1723 2767 populis
1740 2691 1822 2758 sais,

62 2789 128 2835 non
145 2775 286 2834 uirtutem
301 2787 385 2846 osso,
409 2779 464 2838 sad
480 2775 597 2835 nitram.
616 2772 666 2833 Sta
690 2773 771 2834 enim
789 2775 923 2849 loquitur
969 2778 1091 2858 quando
1115 2774 1230 2836 bellam
1248 2772 1421 2850 gestandae
1431 2787 1465 2832 ει
1484 2772 1693 2832 misericordia
1719 2772 1823 2848 populi

62 2858 97 2917 in
114 2855 192 2918 libro
208 2859 378 2932 posteriora
392 2857 430 2922 de
442 2856 641 2922 clementiae
657 2855 700 2916 Ad
714 2872 789 2918 rem.
803 2857 923 2935 inquit,
969 2864 1016 2924 sui
1032 2909 1039 2933 ‚
1064 2873 1171 2937 pacem
1188 2859 1411 2932 praeoccupat,
1436 2871 1475 2914 ne
1492 2857 1567 2913 mola
1592 2855 1826 2915 innumerabilia

70 2957 85 3000 ιι
103 2939 236 3016 ρειιιιιει
250 2937 399 3014 ιιοειεεο,
416 2939 649 3018 quaerereouid
663 2941 704 3000 sit
716 2939 924 3004 misericordia
971 2943 1075 3024 populi
1093 2957 1167 3002 suae
1180 2939 1286 3000 ditioni
1306 2937 1437 2998 sribircti
1453 2938 1651 3013 patientiores
1667 2937 1766 3000 betto?
1779 2937 1830 2998 Sic

70 3041 85 3082 ι
105 3023 244 3100 plerique
267 3033 348 3097 eam,
373 3031 404 3085 at
424 3025 564 3087 virtutem
587 3021 724 3097 laudant,
752 3029 782 3082 et
810 3023 925 3084 bonaur
972 3027 1062 3092 eliam
1085 3026 1227 3100 apaamn
1246 3020 1367 3082 miseria
1392 3021 1523 3096 populos
1540 3035 1614 3080 suos
1632 3021 1778 3094 Princeps
1795 3019 1830 3079 ll·

66 3127 80 3166 ιι
102 3107 257 3166 bominem
273 3111 382 3169 nocant
398 3105 629 3170 misericordem
645 3122 653 3178 ;
677 3107 753 3166 baec
769 3111 868 3166 autera
887 3106 927 3165 ri·
973 3107 1069 3180 beret,
1085 3103 1207 3182 qnando
1223 3103 1402 3163 imminente
1418 3103 1539 3162 caritate
1556 3117 1713 3176 annonae,
1732 3103 1830 3178 prori-

72 3207 86 3247 ιι
106 3187 180 3251 tium
204 3187 295 3246 animi
312 3193 370 3248 est.
400 3189 531 3266 Utraque
554 3187 634 3249 circo
650 3193 854 3248 severitatem.
872 3187 928 3248 cit·
973 3191 1076 3254 dentis
1092 3204 1148 3249 saa
1163 3184 1248 3251 latit.
1274 3191 1303 3246 at
1319 3201 1439 3246 carrona
1463 3186 1495 3246 in
1512 3188 1666 3262 provincia
1686 3201 1760 3252 sua,
1784 3185 1832 3246 rei

74 3291 89 3331 ιι
107 3285 206 3346 caque
223 3270 415 3332 elementiam
430 3272 528 3348 posita
541 3277 625 3343 sont,
641 3283 719 3346 qaae
732 3268 825 3331 vitare
838 3269 953 3350 debe,
975 3274 1095 3335 ciuitate
1110 3268 1267 3332 dbuudeli
1290 3266 1372 3328 Hatra
1390 3270 1511 3328 lerrdcm
1534 3267 1606 3328 olim
1623 3267 1775 3343 losephos
1797 3266 1828 3327 io

72 3373 86 3414 ιι
107 3369 188 3424 mus,
219 3367 258 3412 ue
281 3367 336 3429 per
358 3355 494 3433 speciem
519 3353 693 3414 severitatis
715 3353 744 3412 io
771 3353 932 3429 crudelita-
976 3358 1113 3434 Aegypto
1129 3350 1310 3430 promerdit,
1325 3350 1582 3412 andeSalraloris
1600 3350 1705 3410 mundi
1720 3363 1830 3410 nomeu

72 3456 85 3496 ιι
108 3442 193 3496 tem:
224 3449 300 3495 nera
317 3440 525 3515 perspectam
543 3435 736 3498 clementiae.
761 3436 790 3496 in
808 3434 932 3498 vmiseri·
977 3436 1132 3512 obtinuit,
1152 3435 1295 3512 quoniam
1312 3432 1472 3510 prudentia
1489 3451 1565 3508 esau,
1585 3449 1645 3494 non
1660 3433 1829 3510 Aegyptum

73 3540 87 3580 ιι
105 3518 241 3580 cordiam
259 3515 447 3595 incidamus,
464 3517 606 3598 elpedio
620 3522 702 3596 post,
719 3517 799 3597 Ergo
814 3518 932 3596 iacuit,
977 3530 1115 3591 trintum,
1138 3517 1298 3580 sedetiam
1316 3515 1437 3576 ricinos
1453 3515 1626 3591 provincias
1646 3516 1684 3576 ab
1700 3523 1833 3578 extrema

79 3621 92 3661 ιι
110 3599 367 3678 quemadmodum
390 3601 508 3682 Religio
532 3601 612 3662 Deos
635 3601 733 3676 colit,
756 3601 933 3678 superstitio
948 3673 953 3683 ¹
978 3604 1121 3666 trementi
1138 3601 1262 3676 penuria
1280 3597 1551 3665 liberarit.0:nltto
1564 3597 1683 3659 similes
1696 3598 1772 3660 alias
1789 3614 1835 3656 ra·

76 3703 89 3743 ιι
110 3685 216 3758 riolat;
233 3683 271 3742 ila
287 3681 483 3747 elementiam
499 3700 609 3748 omnes
624 3683 697 3746 boat
723 3685 934 3762 praesumare
979 3689 1079 3750 tiones
1095 3683 1276 3746 sublevandi
1295 3682 1409 3759 populo
1424 3681 1602 3742 economuni
1618 3682 1834 3754 miseriaouas

77 3763 348 3826 amisericordiam
372 3774 472 3830 auteur
490 3767 637 3830 vitabam.
650 3765 708 3842 ,Est
730 3766 812 3828 daim
829 3768 933 3829 uilium
981 3771 1128 3846 Princeps
1145 3767 1337 3837 misericors,
1359 3773 1389 3824 ol
1405 3766 1586 3841 populorum
1603 3778 1729 3824 suoram
1747 3779 1837 3822 raras

78 3869 90 3908 ιι
111 3846 213 3922 pusilli
237 3845 328 3908 animi
353 3851 389 3909 ad
413 3848 563 3930 speciem,
591 3850 762 3910 alienorum
786 3849 934 3912 nrnlrnuar
981 3861 1106 3921 amator,
1123 3851 1297 3923 excogitare
1311 3849 1432 3923 poterit.
1449 3845 1554 3921 Neque
1572 3846 1670 3906 solnm
1688 3845 1836 3926 populum

83 3952 95 3992 ιι
112 3929 314 3994 succidentis.
334 3927 436 4011 ltaque
453 3933 589 4012 pessima
606 3932 718 4006 calane
734 3930 934 3994 iamllrarissi·
981 3935 1235 4000 uniuersumserl
1252 3931 1341 3990 etiam
1358 3929 1497 4006 singalas
1511 3931 1548 3988 de
1563 3927 1676 4004 popolo
1692 3929 1838 4002 Princeps

79 4035 92 4076 ι
110 4031 155 4076 raa
170 4017 217 4076 est
229 4009 347 4074 alleec
360 4029 434 4077 sane
447 4007 745 4094 opiniocbristianis
758 4014 936 4078 bominibus
983 4020 1159 4082 misericors
1175 4032 1190 4074 a
1207 4011 1340 4074 miseriis
1356 4013 1446 4072 uariis
1462 4011 1614 4083 liberabit,
1630 4015 1655 4071 st
1674 4009 1840 4085 providerit

79 4099 205 4158 omnino
222 4095 365 4173 iuglande
390 4105 448 4173 εει,
466 4115 534 4162 euro
557 4097 712 4174 Scriptura
728 4097 829 4160 divina
846 4099 938 4168 misc·
982 4100 1139 4180 diligentia
1156 4095 1401 4168 summipotens
1417 4096 1838 4166 eaosasmisarorarn,oaam

79 4180 242 4243 ricordiam
260 4177 364 4240 multis
380 4180 409 4240 in
434 4182 522 4253 ιοειε,
546 4180 738 4256 amplissime
760 4180 885 4257 laudet;
907 4187 938 4244 ot
983 4185 1130 4248 citissime
1146 4178 1321 4254 expediere
1339 4182 1369 4236 ει
1383 4191 1444 4236 non
1461 4177 1669 4252 permittebat
1686 4191 1840 4252 pauperes

80 4261 140 4340 ipsi
156 4261 219 4324 ileo
233 4259 425 4340 lumiliaram,
442 4267 473 4324 el
487 4257 688 4338 gratissimam
703 4263 731 4322 in
745 4263 851 4338 primis
866 4279 937 4328 esse
983 4269 1158 4344 er'pemlant
1173 4265 1203 4323 iu
1222 4261 1326 4320 litibus
1342 4275 1435 4335 saepe
1459 4257 1554 4318 multo
1570 4257 1723 4334 amplias,
1748 4273 1838 4336 quarn

82 4353 230 4424 testetur3
258 4343 315 4419 ipsi
341 4344 535 4414 clementiae.
559 4363 648 4421 onam
673 4345 788 4406 Seneca
811 4346 934 4416 landet,
984 4351 1013 4411 id
1030 4350 1082 4422 sit,
1098 4344 1179 4423 quod
1197 4357 1379 4418 recuperare
1395 4340 1587 4402 desiderant.

81 4435 112 4490 nt
134 4427 277 4489 comitem
293 4425 486 4500 fidissimam,
511 4429 669 4506 adiungat.
690 4426 724 4489 In
748 4426 826 4490 libro
843 4427 937 4491 Exodi
1025 4431 1061 4492 Et
1083 4426 1226 4504 quoniam
1251 4423 1381 4500 Spiritus
1403 4430 1530 4485 sanctos
1556 4426 1586 4483 in
1610 4422 1722 4486 divinis
1746 4419 1842 4483 literis

82 4513 180 4574 llases
205 4508 291 4582 dicit,
316 4511 475 4575 ornamina
499 4510 580 4572 Deus
602 4511 800 4589 misericors,
825 4519 854 4572 cl
876 4513 937 4574 alo·
986 4512 1123 4576 encomio
1141 4515 1202 4572 lent
1217 4507 1327 4570 erinria
1345 4505 1575 4568 misericordiae
1592 4505 1793 4581 pnsutaornd
1808 4521 1841 4562 ea

85 4614 97 4655 ιι
116 4609 221 4668 ιιιειιε;
250 4593 381 4670 patiens,
399 4602 429 4654 et
445 4594 557 4656 multae
585 4593 802 4668 miserationis
821 4595 872 4672 poi
888 4613 940 4657 cn·
988 4596 1064 4658 nibil
1079 4591 1149 4654 addi
1166 4593 1278 4670 possit:
1295 4591 1465 4650 sententias
1481 4590 1595 4664 aliouct
1612 4589 1754 4660 aeleram,
1767 4596 1795 4646 et
1811 4583 1843 4646 b·

86 4697 99 4738 ιι
117 4678 213 4738 stadis
240 4674 493 4742 misericordiam,
508 4677 539 4738 in
567 4675 672 4752 millia,
697 4684 725 4737 el
746 4692 880 4738 rrrrsam
904 4681 942 4741 ia
987 4695 1056 4742 uem
1073 4675 1360 4751 disputationi,sire
1377 4674 1579 4733 cohortationi
1597 4673 1765 4746 imponam.
1782 4667 1843 4728 Pri-

88 4781 99 4821 ιι
120 4760 198 4823 libro
214 4761 357 4822 secanda
370 4761 494 4823 Esdrac
516 4759 666 4838 tammus,
684 4759 726 4818 To
743 4766 843 4820 eutem
861 4759 942 4824 boas
987 4779 1070 4830 rarum
1086 4759 1214 4836 incipiat
1229 4757 1343 4830 llases,
1361 4762 1389 4816 et
1407 4757 1506 4833 legem
1522 4755 1598 4815 ierat
1616 4757 1654 4814 rte
1671 4754 1844 4814 misericor·

12 4911 13 4932 χ
87 4864 100 4903 ιι
115 4844 307 4910 ειειιιειιε,ει
319 4843 752 4922 ιιιιεειιεειε,ιοιιιιιιιιιιιιιε,ει
765 4843 941 4905 ιιιιιιιιιειιιι-
987 4845 1033 4906 dia
1047 4860 1118 4920 erga
1138 4842 1317 4912 inimicumr,
1329 4840 1410 4900 unde
1427 4838 1712 4914 collimitanearum
1729 4836 1845 4896 miseri·

13 5225 16 5268 Ι

89 4946 102 4986 r
119 4923 294 4992 stitutionis.
308 4941 370 4988 oon
385 4927 576 5006 dereliquisti
593 4941 668 4986 eos:
687 4930 717 4986 et
730 4925 854 5002 quidem
872 4943 940 4989 curn
987 4929 1089 4988 reordla
1104 4929 1278 5001 requiretur
1292 4938 1362 4998 erga
1373 4923 1518 4982 miseram
1534 4919 1676 4980 coriticam.
1689 4919 1724 4979 Si
1736 4933 1845 4979 occorr-

90 5029 103 5069 ι.
124 5009 269 5070 ιἐεἰεεειιι
287 5008 345 5070 sibi
362 5010 487 5074 vitulum
511 5007 710 5077 conflantem,
728 5015 758 5068 et
779 5008 941 5084 dixissent,
987 5012 1082 5078 reris,
1099 5007 1299 5080 innuitboai
1313 5006 1443 5064 inimici
1458 5004 1583 5064 reama
1599 5004 1691 5062 osirro
1709 5001 1844 5072 errante

91 5113 102 5152 a
120 5091 183 5154 Iste
199 5097 245 5152 est
268 5087 362 5160 Deus,
382 5092 432 5166 oui
450 5091 553 5154 alluxit
575 5095 665 5154 tede
682 5092 828 5169 aegypto.
846 5091 942 5154 loreas
988 5092 1148 5155 reduced
1165 5105 1257 5158 corea,
1278 5093 1305 5150 et
1321 5089 1348 5146 si
1363 5087 1482 5148 uideris
1498 5087 1631 5146 asinam
1646 5087 1784 5146 odientis
1800 5084 1845 5148 ic.
1868 5085 1870 5096 '

13 5157 14 5182 ¹
90 5199 102 5238 ι
121 5187 249 5254 qaoque
272 5173 552 5254 Propheta-Deum
572 5175 618 5236 sic
634 5175 787 5252 legaiiter,
806 5173 856 5235 Sic
874 5179 941 5249 quia
989 5180 1095 5238 iacere
1109 5173 1169 5236 sab
1186 5187 1295 5246 onera,
1312 5185 1381 5230 aaa
1395 5167 1618 5246 pertransibis.
1635 5170 1692 5229 sed
1705 5167 1849 5230 stabiano·

92 5279 103 5318 a
124 5269 151 5319 to
176 5257 259 5318 Deus
284 5258 434 5328 alemena,
458 5264 488 5320 el
503 5259 747 5320 misericoraes:
767 5257 897 5332 patiens.
915 5267 945 5320 et
991 5259 1037 5322 bis
1054 5274 1128 5318 euna
1143 5272 1217 5318 cum
1235 5255 1453 5316 coeecnmlos
1469 5251 1507 5310 sil
1524 5259 1650 5312 sanctos
1666 5249 1792 5325 labem
1805 5244 1849 5304 di·
1890 5321 1892 5326 Ι

93 5361 106 5401 ιι
131 5340 244 5402 multae
272 5341 478 5404 miserationis
503 5359 530 5400 n.
554 5340 680 5402 Fallitur
706 5339 799 5418 igitur
828 5339 944 5404 Seneca
992 5345 1044 5416 cit,
1057 5340 1118 5415 Qui
1132 5340 1215 5400 tollit
1231 5339 1272 5400 ab
1288 5339 1392 5398 amieo
1407 5351 1465 5396 sao
1479 5333 1837 5396 arberieordiammimo

14 5441 15 5452 ¹
91 5433 160 5484 dom
176 5422 450 5488 misericordiema
475 5423 635 5486 clementia
658 5424 697 5483 ita
719 5427 851 5498 separet,
869 5425 946 5486 acsi
989 5441 1059 5488 rear
1075 5423 1203 5484 domiui
1220 5421 1428 5494 derelinquit.
1454 5417 1576 5478 Tertius
1592 5416 1706 5478 Drrnrd.
1732 5411 1783 5489 artri
1799 5413 1850 5471 de·

95 5508 174 5586 prior
189 5509 292 5570 uitium
309 5525 317 5584 ;
334 5507 484 5583 posterior
500 5505 562 5567 sola
580 5507 673 5566 rirlas
686 5511 780 5566 asset·
992 5507 1136 5570 scribens
1152 5504 1311 5566 bominem
1326 5504 1455 5574 instram,
1473 5501 1551 5562 inter
1564 5499 1620 5560 alla
1634 5498 1700 5561 eius
1713 5496 1851 5558 encomia
1874 5525 1876 5536 ·

135 5589 250 5654 ilcinde
277 5592 306 5652 in
330 5596 458 5664 utronno
475 5594 656 5651 testamento
677 5586 885 5650 misericordia
902 5589 947 5652 sic
994 5590 1080 5668 pouit
1096 5586 1357 5649 misericordiam.
1374 5583 1543 5646 lucmrdtrs
1559 5583 1670 5644 irorrro.
1691 5582 1748 5656 nari
1761 5579 1855 5638 rer'se·

97 5673 244 5742 laudatur.
262 5683 294 5736 ot
309 5674 354 5734 rix
370 5673 426 5734 alia
440 5673 533 5736 virtus
547 5678 588 5736 tol
601 5672 629 5732 in
645 5671 720 5734 labis
733 5671 888 5734 decantata
902 5689 934 5735 rc
992 5680 1093 5751 retem,
1110 5677 1138 5734 el
1156 5669 1351 5742 rorrrraodal,
1370 5672 1399 5726 rt
1416 5668 1532 5746 popolo
1546 5672 1626 5742 post,
1638 5664 1790 5738 dispersit
1804 5661 1855 5724 dc·

229 5775 381 5834 Bornturnm
397 5777 426 5831 l.
442 5777 485 5832 tl.
1683 5764 1713 5820 dl
