4086 6258
822 257 934 320 ldDth
952 259 1111 325 mHDS
1718 270 1770 334 aar

47 396 266 464 centesimum
278 396 581 462 decimumoctavum
593 395 929 484 scribtullartyrcsin·
975 407 1099 482 presul
1113 403 1294 468 ostenderet
1305 403 1359 468 illo
1374 418 1438 466 uno
1449 405 1576 468 nominc
1587 421 1639 470 res
1650 407 1729 476 duas
1744 411 1842 496 siqni-

13 473 14 492 ’
51 490 101 544 rer
117 485 200 546 duos
215 483 348 545 timores
362 479 561 555 constitutos,
585 482 717 546 alterum
733 485 925 564 carnillcum,
974 485 1073 562 licari,
1090 492 1210 549 sextum
1228 487 1344 551 donum
1359 486 1478 550 vocarit
1494 488 1653 565 pietatem,
1670 495 1840 574 septimum

13 567 14 582 ¹
49 565 185 630 alterum
205 566 384 644 gehennae,
402 566 631 643 contempsisse
647 567 788 630 timorem
806 570 927 635 carniu—
973 571 1139 649 appctlarit
1165 571 1321 634 timorem.
1335 569 1469 645 Quintus
1483 573 1574 634 timor
1585 571 1699 638 dicitur
1713 579 1839 646 initialis

50 663 125 712 cum
144 650 185 713 ob
201 647 343 711 timorem
361 647 539 726 gehennae.
563 648 697 713 Sanctus
718 649 927 732 Hieronymus
972 653 1026 734 qui
1043 654 1154 718 mixtas
1177 661 1225 716 cst
1239 655 1365 716 duobus
1387 654 1650 731 praecedentibus
1664 665 1680 717 ι·
1698 676 1768 722 narn
1785 664 1839 743 qai

13 799 14 806 χ
51 733 83 795 in
101 730 237 811 epistota
253 733 291 794 ad
307 731 509 793 Dusroonium
523 731 562 794 de
573 736 712 797 custodia
730 735 923 816 virginitatis,
972 735 1055 799 bunc
1071 739 1211 800 timorem
1228 737 1333 811 babet,
1351 737 1437 799 timet
1451 739 1621 814 culpamur
1637 755 1769 818 poenam
1781 750 1837 810 sed

49 815 166 880 scribit
180 815 249 894 ipse
265 814 304 877 dc
321 830 368 877 sc:
386 813 453 894 tipo
470 813 509 877 ob
523 814 693 894 penaunce
715 827 838 884 metum
853 839 924 887 eor·
972 821 1071 901 maqis
1095 821 1230 899 culpam,
1248 837 1340 900 quam
1354 835 1501 900 poenam.
1519 818 1637 883 Dicitur
1660 831 1762 886 antem
1777 827 1837 893 ini·

48 915 126 964 cere
139 897 248 975 latoio
264 903 313 960 est
324 897 461 961 orribilis
473 899 657 975 desertione
669 905 737 979 ipae
749 905 921 970 damnaui.
971 904 1053 966 tialis
1069 904 1140 978 quia
1156 905 1209 983 qui
1226 903 1287 965 boc
1309 907 1419 966 timore
1436 903 1595 978 praeditus
1618 911 1666 965 εει
1682 905 1838 974 inchoarit

47 982 83 1046 S.
102 983 299 1062 Augustinus
314 981 346 1044 in
362 980 442 1044 libro
457 980 618 1057 depretia,
638 985 779 1049 ettibero
795 989 922 1054 arbitrio
969 986 1191 1064 perfectionem
1209 984 1380 1056 eharitatis.
1405 989 1436 1048 el
1458 985 1606 1063 pietatis,
1624 986 1837 1056 Selinuntium

47 1069 155 1145 capita
167 1063 412 1140 ocurodecimo,
427 1069 458 1126 et
473 1062 674 1146 stiregorius
689 1069 770 1132 libro
782 1074 922 1136 secundo
970 1069 1163 1147 pervenitad
1179 1070 1264 1131 illurn
1281 1069 1465 1131 altissimum
1483 1067 1684 1145 perlectionts
1707 1075 1835 1152 gradum

49 1150 182 1212 bomilia
195 1150 401 1211 decimanona
415 1145 447 1209 iu
463 1146 658 1213 Ezechielem
675 1199 683 1223 ,
699 1169 761 1216 uon
778 1155 922 1219 dubitant
968 1154 1020 1232 qui
1038 1154 1119 1214 toras
1136 1153 1229 1214 mittit
1250 1168 1375 1214 omnem
1400 1151 1539 1214 timorem
1567 1166 1686 1229 poenae
1711 1156 1752 1217 de
1777 1173 1836 1238 qua

13 1299 14 1302 ,
50 1229 219 1305 affirmare,
238 1233 381 1294 timorem
398 1239 544 1293 aeternae
567 1248 709 1310 poenae,
737 1253 832 1301 unum
849 1257 921 1305 esse
967 1234 1161 1315 perlectionc
1177 1236 1315 1312 loquitur
1338 1240 1464 1296 sanctus
1487 1234 1623 1297 loannes
1646 1235 1677 1297 io
1701 1239 1835 1316 epistola

48 1332 87 1378 cx
102 1321 226 1394 sepiem
244 1313 379 1393 Spiritus
392 1312 493 1376 saneti
508 1316 611 1378 donis.
968 1317 1065 1396 prima
1083 1334 1153 1381 cum
1170 1319 1223 1379 ait:
1248 1317 1311 1396 Qui
1332 1318 1423 1380 timet
1441 1364 1449 1387 ,
1473 1331 1544 1378 nou
1565 1323 1612 1379 εει
1624 1319 1785 1398 perfectus
1799 1324 1839 1387 iu

13 1451 14 1474 ,
89 1397 148 1461 llis
164 1398 258 1477 igilur
274 1395 528 1476 praemissis,boc
543 1398 614 1461 loco
629 1399 691 1463 duo
707 1405 807 1466 solum
825 1405 918 1484 expli·
967 1402 1136 1468 charitate,
1153 1417 1223 1462 nam
1245 1399 1388 1478 perfecta
1409 1400 1555 1462 ebaritas
1575 1399 1664 1476 soros
1687 1404 1784 1466 mittit
1799 1407 1836 1470 u·-

13 1479 14 1540 1
50 1482 153 1546 canda
169 1489 253 1551 sunt,
272 1481 342 1556 quis
359 1481 401 1542 sit
415 1477 468 1542 ille
485 1479 586 1553 timor,
605 1501 699 1559 quam
710 1487 854 1565 producit
869 1504 921 1568 ge·
966 1499 1103 1554 morem,
1121 1483 1260 1546 Perfecta
1277 1483 1359 1544 enim
1377 1481 1512 1544 charitas
1525 1482 1564 1543 ita
1580 1481 1677 1546 lertur
1692 1485 1723 1547 in
1736 1486 1837 1552 Deum

13 1637 15 1656 ἱ
48 1567 178 1628 Ιιειιεε
193 1562 416 1632 consideratio,
433 1579 524 1642 quac,
543 1572 574 1624 ει
590 1574 701 1643 quanta
719 1569 758 1630 sit
775 1570 869 1634 buius
886 1571 920 1635 ti·
968 1575 1000 1628 ut
1015 1567 1217 1630 obliviscatur
1234 1564 1351 1644 proprii
1367 1564 1521 1627 commodi
1539 1610 1547 1636 ,
1565 1573 1595 1626 et
1610 1572 1723 1629 tantam
1741 1567 1836 1632 conit-

13 1695 16 1740 ,
50 1647 149 1711 moris
166 1647 295 1709 utilitas¹
320 1646 408 1720 Quod
426 1647 462 1706 ad
480 1644 612 1719 primum
630 1651 761 1724 attinet,
780 1654 919 1732 quinque
967 1653 1105 1712 dentiam
1129 1649 1211 1727 apud
1224 1647 1323 1710 Deum
1341 1649 1492 1726 acquirat,
1510 1652 1542 1708 ut
1558 1647 1616 1708 iarn
1633 1647 1712 1710 nibil
1730 1653 1836 1716 timeat

13 1779 15 1822 Ι
52 1727 917 1812 timoresdistinguunturaTbeotogis.naturalis,hu·
968 1731 1250 1796 nisiottensioncm
1266 1728 1589 1798 Deillaeotamalta
1614 1731 1836 1808 perlectioluil

13 1865 14 1892 ,
53 1828 182 1887 manus,
200 1813 335 1884 servilis,
353 1810 477 1884 dlialis,
497 1811 638 1876 initialis.
655 1815 807 1879 Naturalis
831 1822 921 1881 timor
966 1818 997 1876 in
1015 1814 1141 1894 Virgine
1157 1814 1301 1893 Deipara,
1319 1814 1351 1875 in
1366 1818 1475 1874 sancto
1491 1811 1637 1874 loannem
1652 1813 1834 1891 Baptista,in

13 1961 15 1976 ‚
49 1902 98 1960 εει
111 1897 290 1958 communis
301 1892 483 1956 bominibus
498 1910 567 1956 cum
583 1894 739 1970 bestiis‚et
751 1917 852 1977 neque
867 1903 920 1964 bo·
966 1897 1125 1973 ttpostolis
1140 1897 1310 1970 Domini,et
1328 1896 1359 1957 iu
1376 1893 1533 1971 aliquibus
1545 1893 1615 1956 aliis
1628 1900 1749 1974 maguis
1761 1902 1833 1962 ami-

13 1981 15 2074 ,
50 1994 126 2054 nus,
145 1993 249 2057 nequo
273 1977 375 2040 malos
389 1986 437 2038 est
452 1976 630 2050 moraliter,
659 1983 714 2043 sed
743 1984 921 2047 naturaliter
967 1981 1012 2043 cis
1027 1980 1156 2057 Dci,scd
1172 1978 1387 2058 utplurimum
1406 1977 1478 2040 iusti
1496 1992 1533 2039 ac
1548 1977 1591 2053 pit
1609 1977 1756 2043 homines
1772 1999 1834 2046 aon

13 2097 14 2154 p
54 2063 160 2124 bonus
178 2068 236 2136 est,
252 2067 346 2138 atque
360 2077 377 2120 a
393 2059 457 2121 Deo
470 2060 582 2121 insitus
599 2067 725 2126 naturae
741 2068 778 2126 ad
796 2069 920 2140 mala,et
966 2069 1132 2125 caruerunt
1145 2067 1253 2125 timore
1267 2061 1443 2140 gehennae,
1461 2066 1493 2122 al
1515 2058 1716 2137 perspicuum
1734 2072 1781 2128 est
1796 2083 1834 2129 cr

13 2181 16 2240 ι
53 2144 145 2206 noxia
162 2142 322 2222 fugienda.
335 2140 495 2204 ltumanus
512 2144 613 2220 timor,
631 2147 682 2222 qui
700 2155 730 2208 et
743 2149 919 2213 mundanus
966 2147 1017 2214 iis,
1035 2161 1115 2225 quac
1131 2162 1224 2224 supra
1249 2144 1408 2206 attulimus
1430 2157 1467 2204 cx
1489 2143 1607 2204 sanctis
1624 2141 1764 2208 Patribus
1779 2148 1833 2210 Ba·

13 2273 16 2320 ,
50 2226 113 2290 dici
132 2227 226 2295 solet,
243 2227 270 2288 is
293 2233 353 2301 εει,
371 2240 432 2302 quo
448 2226 547 2304 magis
563 2228 670 2290 timent
697 2230 841 2294 homines
857 2249 917 2294 ma·
966 2229 1050 2301 silio,
1064 2229 1240 2297 Ambrosio,
1254 2225 1457 2304 Hieronymo.
1472 2224 1655 2302 Augustino,
1671 2227 1831 2307 Gregorio,

13 2361 15 2406 ἱ
48 2311 113 2372 tum
131 2323 252 2384 poenae
268 2355 275 2384 ,
289 2323 379 2385 quam
396 2306 519 2383 culpae:
535 2309 583 2370 rel
606 2312 825 2376 detrimentum
843 2320 919 2377 lem·
966 2317 997 2373 ει
1010 2311 1180 2386 Bernardo;
1197 2311 1259 2372 imo
1271 2306 1364 2372 etiam
1379 2323 1416 2368 cx
1433 2305 1572 2383 Doride,
1597 2307 1751 2382 quidese
1768 2312 1832 2391 ait,

13 2445 16 2490 Ι
52 2391 173 2472 pornle,
188 2397 220 2454 et
233 2389 503 2468 corporale,quam
520 2391 739 2458 detrimentum
756 2398 919 2475 spirituale
965 2393 991 2456 A
1006 2395 1140 2457 iudiciis
1156 2395 1220 2456 tuis
1242 2393 1360 2468 timui,
1386 2395 1417 2452 et
1430 2403 1469 2450 ex
1484 2388 1564 2466 lob,
1589 2391 1639 2466 qui
1664 2391 1826 2476 clamabat:

13 2527 16 2572 ι
52 2482 82 2538 et
97 2479 286 2546 aeternum,
311 2480 404 2549 atqua
418 2469 471 2534 tric
487 2474 578 2536 timor
593 2478 694 2538 malus
720 2487 789 2553 est,
814 2489 919 2559 utpote
969 2475 1054 2553 Quid
1073 2476 1214 2554 (coium,
1239 2491 1315 2537 oum
1340 2473 1523 2536 ειιιτειεειιι
1544 2471 1834 2541 adiudicandum

13 2607 17 2654 Ι
52 2557 262 2631 inordinatus,
281 2563 311 2618 et
323 2557 449 2622 noxius,
465 2565 495 2616 et
511 2556 595 2620 radia
609 2560 756 2623 malorum
771 2564 919 2640 plurimo·
966 2559 1067 2622 Deus?
1082 2561 1221 2638 Denique
1234 2560 1259 2621 si
1277 2555 1428 2620 Dominus
1444 2556 1512 2633 ipse
1524 2553 1633 2616 laturis
1647 2555 1832 2637 martyribus

13 2693 16 2740 Ι
52 2638 242 2703 ιιιιιι.Τίιιιει
258 2638 381 2700 εειιίιίε
397 2639 511 2714 estqui
526 2641 613 2702 timet
628 2658 774 2719 poenam,
786 2653 815 2706 ει
832 2662 918 2723 prae·
967 2643 1131 2704 consilium
1149 2643 1253 2717 dabat,
1271 2647 1303 2702 ut
1318 2640 1494 2718 gebennam
1511 2637 1678 2716 timerent,
1696 2640 1829 2706 dicens:

51 2724 144 2802 cipue
161 2721 395 2802 sempiternam,
413 2727 443 2782 ει
463 2721 536 2785 ideo
548 2726 704 2786 retralrila
721 2731 917 2802 poccarosed
969 2725 1085 2787 timete
1100 2741 1187 2801 euna,
1204 2726 1262 2803 qui
1275 2727 1378 2804 potest
1392 2736 1523 2799 corprta,
1548 2725 1577 2782 et
1593 2723 1745 2786 animum
1759 2742 1831 2806 per·

13 2775 17 2906 t
52 2807 77 2868 si
95 2820 218 2882 poenae
232 2803 404 2882 periculum
423 2819 484 2865 non
500 2805 635 2880 adesset,
651 2807 742 2871 lar-ilc
758 2819 917 2887 peccalum
966 2809 1041 2871 dere
1055 2811 1093 2872 in
1107 2808 1303 2888 pebennonr:
1319 2805 1389 2883 quis
1402 2810 1542 2866 nostrum
1558 2804 1664 2890 dicere
1679 2806 1828 2880 audebit,

13 2931 16 2990 Ι
55 2886 274 2960 committeret,
290 2887 341 2948 bic
357 2889 447 2948 timor
462 2886 563 2951 bonos
580 2896 636 2960 est,
655 2897 685 2953 ει
700 2909 715 2952 a
733 2893 919 2971 Deo,quam·
966 2892 1026 2953 sibi
1043 2909 1104 2953 non
1128 2906 1200 2954 asse
1223 2906 1303 2967 opus
1318 2891 1428 2950 timere
1442 2885 1631 2964 sempiterna
1649 2890 1831 2967 supplicia?

56 2971 99 3034 ris
115 2970 146 3032 in
164 2977 328 3050 peccatore
344 2985 414 3030 oum
442 2969 521 3030 mala
549 2971 705 3037 uoluntate
732 2979 918 3044 coniunctus
965 2973 1028 3036 tarn
1044 2974 1159 3053 igitur,
1187 2979 1221 3036 ιι
1242 2973 1278 3034 ad
1300 2987 1366 3034 rem
1390 2975 1528 3032 nostram
1554 2971 1715 3033 ueniamus
1731 3019 1739 3047 ‚
1757 2989 1829 3038 eum

13 3027 18 3072 ¹
56 3052 237 3121 inreniatur,
251 3052 397 3116 videlicet
414 3054 577 3130 peccandi,
594 3055 621 3116 si
644 3064 751 3134 posset
764 3059 916 3137 impune:
966 3061 1134 3134 quaeritur,
1151 3059 1222 3136 (litte
1237 3055 1290 3118 ille
1302 3054 1457 3125 ῑὶῐῐιῡιδῑῑ,
1472 3067 1564 3127 tluem
1578 3053 1720 3130 Dimittit
1734 3057 1830 3134 qemi·

13 3109 18 3156 *
54 3135 207 3215 siquidem
224 3135 316 3199 timor
332 3135 391 3197 istc
407 3151 468 3197 non
486 3142 532 3196 est
545 3153 649 3214 causa,
669 3155 772 3218 neque
788 3143 918 3208 effectus
967 3147 1027 3212 tus,
1039 3147 1068 3202 et
1082 3139 1176 3202 fletus
1192 3145 1317 3200 exortus
1333 3151 1371 3199 ex
1385 3135 1591 3197 attentissima
1605 3136 1829 3202 consideratio·

14 3193 18 3322 f
57 3218 346 3293 metropoleorum,
364 3219 426 3280 imo
439 3233 507 3280 enm
525 3222 711 3299 comprimit,
737 3232 767 3286 ot
782 3235 916 3306 coercet,
967 3239 1005 3284 ne
1021 3221 1244 3300 suppliciorum
1262 3221 1427 3299 gehenuae
1441 3217 1533 3279 lacile
1549 3224 1597 3279 est
1617 3223 1828 3298 respondere,

57 3303 162 3364 sallom
176 3302 278 3379 quoad
294 3306 395 3363 actum
409 3301 640 3372 exterioremet
653 3309 791 3382 disponit
803 3313 840 3372 ad
855 3311 918 3390 pie·
966 3321 1037 3370 esse
1053 3307 1193 3367 timorem
1210 3303 1367 3374 servilem,
1385 3308 1416 3363 et
1427 3301 1568 3366 timorem
1585 3301 1814 3382 initialem,quo

14 3361 17 3406 ¹
58 3389 158 3461 tatem,
177 3391 209 3447 ει
223 3384 391 3458 perlectam
414 3386 664 3464 conversionem,
683 3407 718 3450 ac
734 3390 772 3452 de
789 3408 826 3454 co
842 3396 917 3457 scri·
964 3406 1032 3451 rum
1049 3394 1179 3465 uterquc
1202 3387 1379 3448 bonusest.
1805 3409 1808 3416 ¹

14 3442 17 3488 ¹
58 3473 138 3542 ptum
156 3465 357 3530 astrtnitiurn
369 3467 666 3546 coquenticalimor
678 3471 919 3551 Domini.Quar·
1006 3472 1152 3550 Sequitur
1167 3487 1250 3534 nunc
1265 3516 1273 3546 ,
1290 3473 1323 3532 ut
1338 3466 1530 3545 explicemus
1553 3463 1716 3528 utilitatem
1733 3469 1828 3540 ,liuius

14 3527 17 3604 i
55 3554 100 3614 tus
116 3555 164 3612 est
180 3550 270 3613 timor
284 3547 401 3626 filialis,
427 3558 553 3625 castus,
573 3561 602 3614 et
619 3558 845 3630 reverentialis,
864 3561 916 3637 qui
965 3556 1152 3630 timoris,qui
1169 3567 1206 3616 ex
1219 3551 1469 3615 consideratione
1483 3561 1652 3627 poenarum
1666 3549 1830 3630 gehennae

15 3609 17 3724 s
55 3633 186 3710 optimus
201 3639 261 3708 εει,
279 3639 309 3694 ει
325 3648 471 3712 maqnurn
496 3634 611 3698 donum
635 3637 770 3716 Spiritus
792 3643 914 3706 sancti:
965 3633 1390 3712 eruitur,quacsuatomnino
1403 3629 1770 3714 quatuor.Primautililas
1783 3639 1831 3698 εει

55 3715 109 3778 boc
121 3715 205 3778 enim
220 3715 329 3777 timore
344 3718 466 3793 culpam
482 3715 627 3781 timemus
640 3729 760 3798 patrare
776 3732 806 3786 et
819 3727 916 3802 parali
964 3723 1046 3798 quod
1062 3724 1152 3782 timor
1167 3720 1257 3782 ctiam
1273 3716 1407 3791 surrilis,
1425 3714 1477 3793 qui
1493 3719 1541 3775 εει
1557 3713 1682 3776 iniimus
1697 3714 1778 3777 inter
1794 3718 1829 3778 ti·

15 3779 17 3814 *
56 3813 159 3860 sumus
175 3797 331 3875 quidlibet
346 3802 405 3875 pati
424 3797 538 3875 potius,
556 3819 647 3877 quam
664 3811 693 3868 ut
709 3803 804 3869 Deum
819 3806 915 3870 olien-
964 3821 1067 3867 mores
1084 3804 1207 3878 bonos,
1231 3805 1271 3864 sit
1293 3798 1415 3861 initium
1432 3794 1603 3874 sapientiae
1618 3814 1627 3870 3
1651 3813 1731 3874 quae
1746 3808 1830 3874 certe

15 3859 17 3986 ἱ
57 3885 198 3944 ιειειιεε
221 3896 279 3944 nec
295 3897 511 3958 peccaremus,
536 3885 656 3948 etiamsi
679 3889 709 3950 id
726 3888 828 3952 tacere
845 3909 915 3969 pos·
964 3905 1074 3964 magna
1091 3887 1206 3948 utilitas
1224 3890 1294 3956 εει,
1317 3887 1347 3945 ει
1362 3881 1389 3943 si
1405 3878 1549 3959 pecuniis
1564 3879 1625 3939 erni
1643 3886 1761 3957 posset,
1780 3899 1830 3944 ex·

16 4009 17 4020 ,
57 3979 156 4026 semus
173 3965 313 4039 impune.
338 3963 454 4026 Dicitur
476 3970 578 4028 autom
604 3971 655 4031 tric
679 3970 767 4034 timor
790 3973 912 4051 dlialis,
963 3970 1084 4049 pediret
1095 3970 1197 4038 omnia
1210 3967 1346 4028 vendere
1360 3968 1391 4026 ει
1402 3967 1544 4024 timorem
1559 3960 1641 4023 bunc
1654 3967 1829 4041 emere,qui

15 4021 18 4068 '
57 4045 121 4122 quia
133 4051 183 4110 ast
197 4048 341 4123 proprias
358 4047 538 4118 Dliorom,ct
552 4055 743 4132 castus,quiu
759 4062 807 4120 εει
821 4074 915 4134 εροι-
961 4057 997 4116 nd
1011 4051 1080 4115 rem'
1090 4049 1346 4127 pretiosissimam
1359 4046 1438 4109 riam
1451 4041 1600 4119 aperitEl
1612 4043 1829 4124 quidemquod

56 4145 118 4201 sac,
135 4145 198 4192 non
214 4129 373 4190 adulterae
389 4138 419 4190 et
434 4136 659 4212 reaccendens,
674 4139 745 4214 quic
762 4145 810 4202 est
823 4143 914 4203 amici
961 4138 1052 4199 timor
1067 4136 1190 4197 Domini
1208 4134 1248 4193 sit
1264 4132 1385 4193 initium
1402 4128 1716 4206 sapientiaeseripsit
1732 4129 1825 4214 David

58 4211 219 4284 interioris,
236 4210 289 4288 qui
305 4212 439 4275 libenter
454 4215 526 4274 colit
541 4222 569 4277 et
592 4228 749 4282 reveretur
774 4227 914 4300 superio·
962 4221 992 4280 in
1010 4219 1151 4282 Psalmis:
1169 4215 1295 4292 scripsit
1310 4213 1454 4275 Salomon
1472 4209 1541 4272 eius
1557 4207 1639 4270 tilius
1652 4209 1682 4268 in
1701 4209 1826 4273 Procer-

57 4309 212 4371 rcm,quae
226 4293 280 4354 tria
294 4294 417 4356 nomina
435 4295 463 4354 in
478 4299 609 4361 eandem
624 4318 788 4379 personam
803 4309 916 4368 cadara
962 4303 1036 4380 biis3
1061 4299 1185 4379 scripsit
1202 4293 1440 4359 aeclesiasticus
1455 4294 1492 4354 ad
1522 4291 1642 4352 initium
1670 4292 1740 4352 tibri
1765 4293 1825 4355 sui.

16 4439 17 4446 ,
60 4382 196 4452 possunt:
213 4391 322 4440 sumus
338 4377 421 4440 enim
438 4377 491 4439 dlii
509 4380 562 4442 Dei
577 4428 585 4456 ,
603 4387 672 4459 quia
697 4401 752 4461 per
773 4390 915 4464 spiritum
962 4384 1081 4446 Dicitur
1102 4388 1204 4444 autem
1229 4381 1319 4440 timor
1340 4374 1465 4438 Domini
1481 4387 1552 4436 csse
1569 4371 1688 4434 initium
1705 4375 1829 4451 sapien·

59 4458 227 4539 adoptionis
241 4461 392 4522 baeradas
405 4461 474 4522 tacti
487 4477 643 4542 samosat
655 4470 777 4530 animae
794 4479 914 4534 nostrae
961 4471 1032 4536 liae.
1050 4465 1121 4547 quta
1138 4471 1210 4526 tnnc
1226 4465 1317 4524 tiemo
1333 4460 1441 4534 incipit
1456 4471 1586 4534 Sapere,
1611 4462 1640 4517 et
1655 4471 1760 4518 reuera
1785 4459 1827 4520 uti

61 4557 188 4618 sponsae
204 4541 317 4604 Gbristi
333 4549 408 4606 sunt
421 4543 503 4606 iuxta
518 4545 593 4608 illud
607 4551 756 4626 apostoli:
777 4554 915 4632 Despon·
963 4551 1077 4612 iudicio
1094 4547 1232 4616 rationis,
1251 4551 1281 4605 et
1295 4544 1429 4614 bene,ac
1444 4541 1602 4617 sapienter
1618 4537 1824 4618 intelligendo

17 4689 19 4704 ,
60 4624 92 4688 di
103 4641 156 4688 coa
166 4626 229 4689 uni
238 4624 309 4687 uiro
321 4627 483 4704 cirpinem
494 4637 618 4693 costam
632 4633 915 4701 conbiberedbriato
962 4635 1135 4694 discurrere
1152 4677 1158 4700 ,
1176 4629 1300 4707 qnando
1316 4623 1424 4704 incipit
1447 4621 1652 4701 magnifacere
1680 4637 1731 4701 res
1754 4637 1826 4684 vero

17 4763 20 4788 ,
61 4709 918 4793 clamicisumuseiusdcmcbristi‚qniait:lcmnon
963 4711 1366 4794 magnas,etparrllaeere
1390 4717 1663 4781 resaereparvas.
1688 4701 1825 4798 lit-quae

17 4793 18 4802 ’
64 4789 166 4853 dieorn
178 4805 235 4853 ιιοε
255 4805 376 4860 seruos,
391 4793 450 4855 aed
464 4796 598 4858 amicos.
621 4797 728 4876 Itaque
752 4805 842 4864 timor
857 4805 916 4866 iste
962 4805 1033 4860 sont
1049 4814 1100 4858 res
1115 4812 1185 4857 rere
1202 4807 1344 4872 magnae,
1360 4789 1422 4851 nisi
1438 4803 1490 4850 res
1505 4794 1650 4848 aeternae
1666 4785 1825 4874 beatitudo

17 4913 18 4916 ,
65 4869 158 4935 dltalis
174 4877 206 4934 et
220 4880 326 4937 castus
341 4891 401 4937 non
419 4877 578 4955 praevenit
594 4882 756 4957 pietatem,
781 4893 811 4946 ut
828 4887 918 4948 iiruor
963 4888 993 4943 ει
1007 4877 1168 4957 gebennat
1183 4889 1346 4954 quaerere
1361 4887 1481 4950 parrac,
1496 4869 1555 4930 nisi
1570 4882 1620 4930 res
1637 4871 1824 4944 temporales

18 5021 20 5034 ,
63 4954 197 5026 seruilis,
220 4956 276 5019 scd
300 4957 461 5020 comitatur
475 4966 512 5020 et
528 4977 596 5022 curn
622 4981 656 5026 ea
672 4968 870 5047 corriungitur
885 4975 917 5030 ul
963 4962 1275 5032 diuitiaesrotuptatcs
1291 4957 1414 5032 carnis,
1435 4953 1576 5048 bonores
1599 4950 1724 5012 mundi?
1746 4952 1825 5048 Audi

18 5105 19 5114 χ
64 5035 147 5100 ιιιιει
162 5053 342 5116 germanus,
360 5048 450 5102 natus
466 5057 503 5104 ει
520 5045 629 5108 eadem
646 5057 740 5111 rnatrc
756 5051 915 5123 charitate,
963 5046 1153 5124 Sapientem:
1172 5039 1416 5120 concupientis,
1434 5033 1740 5114 inquirendarum
1756 5049 1826 5098 crus

64 5133 134 5193 quac
148 5135 240 5184 causa
257 5126 316 5192 eal,
335 5132 367 5184 ut
382 5122 413 5184 in
432 5124 600 5202 seripturis
615 5133 734 5193 sanctis
751 5149 846 5203 saepe
862 5150 917 5208 pro
962 5145 1018 5192 cor
1038 5127 1178 5190 atulliiu
1192 5125 1329 5188 ειιιιειιε
1352 5121 1465 5195 iliius,
1495 5120 1546 5212 qui
1576 5117 1691 5176 babent
1715 5133 1768 5178 cor
1787 5119 1823 5178 ad

18 5203 20 5216 ’
64 5204 162 5265 illim
177 5219 210 5266 re
226 5203 417 5278 eretriantur
431 5211 523 5270 timor
538 5217 569 5270 ει
585 5211 731 5290 pietas,ut
746 5215 778 5275 in
795 5215 917 5278 Psalmo
963 5221 1101 5277 aeterna,
1119 5223 1198 5286 quae
1214 5213 1347 5281 estpars
1363 5204 1501 5274 dextera,
1520 5214 1552 5260 ιι
1569 5215 1628 5276 qua
1645 5207 1735 5260 crunt
1750 5215 1826 5260 ores

18 5283 20 5380 j
66 5281 123 5347 illo:
137 5285 256 5349 Bcctuc
270 5288 331 5352 uir.
348 5289 408 5369 qui
423 5289 512 5352 timet
526 5292 703 5359 Dominum
725 5301 763 5360 in
778 5300 918 5362 mondo·
964 5295 995 5356 ln
1012 5295 1062 5356 dic
1079 5291 1194 5363 iudicii,
1211 5289 1256 5352 illi
1273 5286 1408 5365 sapiunt:
1426 5283 1479 5362 qui
1494 5281 1611 5368 habent
1627 5296 1680 5344 cor
1695 5281 1733 5341 ad
1752 5289 1825 5374 tem-

18 5433 19 5442 ,
67 5367 176 5432 tiaeiuo
189 5369 273 5433 uolet
295 5371 418 5446 ainau,
435 5380 463 5432 et
480 5376 560 5450 apud
578 5377 710 5456 isaiam,
729 5381 779 5444 nbi
798 5398 918 5459 ponun·
964 5378 1174 5456 poraliaquac
1190 5382 1324 5451 estpars
1340 5368 1476 5436 sinistra,
1494 5367 1526 5427 in
1541 5381 1600 5442 (lut
1614 5362 1824 5457 arunt-hoedi,

19 5501 20 5544 ,
68 5454 110 5512 tur
123 5461 241 5530 septem
258 5453 339 5514 dona
355 5453 490 5529 Spiritus
506 5462 626 5534 sancti,
651 5478 711 5524 non
725 5468 797 5526 sunt
812 5464 843 5526 in
861 5465 918 5526 lle·
962 5459 1006 5522 llll
1023 5459 1197 5521 stultissimi
1215 5461 1309 5528 sunt;
1326 5453 1397 5530 quia
1411 5465 1464 5512 cor
1480 5448 1621 5527 ipsorum
1638 5451 1685 5508 εει
1701 5459 1838 5507 urrunnu·

19 5583 20 5610 ,
68 5527 153 5595 draeo
168 5533 276 5598 codice
289 5534 348 5595 nisi
365 5536 488 5596 nomina
506 5545 631 5602 sensui
647 5545 787 5606 nltirnnnr
804 5563 916 5608 noman
965 5544 1069 5604 tnle.el
1083 5549 1183 5602 tamen
1198 5539 1347 5600 adhaeret
1361 5533 1458 5597 rebus
1474 5531 1717 5610 perituris,quae
1733 5541 1840 5606 ‚quone

19 5617 22 5712 ἰ
69 5614 212 5693 videlicet,
230 5627 342 5695 pratas,
359 5619 409 5682 bis
425 5623 585 5696 ropetitur.
609 5625 668 5690 Sed
698 5635 802 5691 noster
827 5631 920 5692 inter·
964 5629 1003 5689 do
1020 5623 1147 5688 minime
1163 5621 1278 5701 cogitat
1303 5617 1407 5698 ipsum
1433 5615 1592 5680 deserunt.
1610 5613 1655 5673 da
1671 5627 1734 5674 non
1753 5611 1835 5678 stul.

203 5719 495 5784 enumerentur.
1584 5711 1620 5771 ὅθ
