<?xml version="1.0" encoding="UTF-8"?>
<!DOCTYPE html PUBLIC "-//W3C//DTD XHTML 1.0 Transitional//EN"
    "http://www.w3.org/TR/xhtml1/DTD/xhtml1-transitional.dtd">
<html xmlns="http://www.w3.org/1999/xhtml" xml:lang="en" lang="en">
 <head>
  <title>
</title>
<meta http-equiv="Content-Type" content="text/html;charset=utf-8" />
  <meta name='ocr-system' content='tesseract 3.04.00' />
  <meta name='ocr-capabilities' content='ocr_page ocr_carea ocr_par ocr_line ocrx_word'/>
</head>
<body>
  <div class='ocr_page' id='page_1' title='image "./operaomnia00sforgoog_0218.png"; bbox 0 0 4048 6242; ppageno 0'>
   <div class='ocr_carea' id='block_1_1' title="bbox 663 315 1725 430">
    <p class='ocr_par' dir='ltr' id='par_1_1' title="bbox 663 315 1725 430">
     <span class='ocr_line' id='line_1_1' title="bbox 663 315 1725 430; baseline 0.003 -10"><span class='ocrx_word' id='word_1_1' title='bbox 663 333 666 342; x_wconf 76' lang='grc'>’</span> <span class='ocrx_word' id='word_1_2' title='bbox 778 353 1083 430; x_wconf 62' lang='lat' dir='ltr'>mmmm</span> <span class='ocrx_word' id='word_1_3' title='bbox 1214 373 1217 386; x_wconf 89' lang='lat'>·</span> <span class='ocrx_word' id='word_1_4' title='bbox 1361 315 1364 320; x_wconf 7' lang='grc' dir='ltr'><em>Α</em></span> <span class='ocrx_word' id='word_1_5' title='bbox 1674 363 1725 424; x_wconf 82' lang='grc' dir='ltr'>ιε</span> 
     </span>
    </p>
   </div>
   <div class='ocr_carea' id='block_1_2' title="bbox 30 491 1860 5710">
    <p class='ocr_par' dir='ltr' id='par_1_2' title="bbox 30 491 1860 5710">
     <span class='ocr_line' id='line_1_2' title="bbox 41 491 1794 576; baseline 0 -18"><span class='ocrx_word' id='word_1_6' title='bbox 41 495 162 558; x_wconf 88' lang='lat' dir='ltr'>ratione</span> <span class='ocrx_word' id='word_1_7' title='bbox 177 493 331 572; x_wconf 78' lang='lat' dir='ltr'>usurparis,</span> <span class='ocrx_word' id='word_1_8' title='bbox 347 493 403 554; x_wconf 90' lang='lat' dir='ltr'>seri</span> <span class='ocrx_word' id='word_1_9' title='bbox 421 491 539 556; x_wconf 91' lang='lat' dir='ltr'>ratione</span> <span class='ocrx_word' id='word_1_10' title='bbox 554 493 698 574; x_wconf 83' lang='lat' dir='ltr'>spiritirs3</span> <span class='ocrx_word' id='word_1_11' title='bbox 714 493 798 570; x_wconf 79' lang='lat' dir='ltr'>Deras</span> <span class='ocrx_word' id='word_1_12' title='bbox 814 497 896 556; x_wconf 91' lang='lat' dir='ltr'>euim</span> <span class='ocrx_word' id='word_1_13' title='bbox 943 495 1168 572; x_wconf 89' lang='lat' dir='ltr'>multominus,</span> <span class='ocrx_word' id='word_1_14' title='bbox 1182 496 1257 576; x_wconf 83' lang='lat' dir='ltr'>quid</span> <span class='ocrx_word' id='word_1_15' title='bbox 1273 495 1449 560; x_wconf 78' lang='lat' dir='ltr'>adulatores</span> <span class='ocrx_word' id='word_1_16' title='bbox 1464 501 1634 576; x_wconf 88' lang='lat' dir='ltr'>proponant</span> <span class='ocrx_word' id='word_1_17' title='bbox 1648 514 1657 558; x_wconf 72' lang='grc' dir='ltr'>ε</span> <span class='ocrx_word' id='word_1_18' title='bbox 1671 493 1794 560; x_wconf 89' lang='lat' dir='ltr'>sadob-</span> 
     </span>
     <span class='ocr_line' id='line_1_3' title="bbox 39 575 1797 656; baseline 0.001 -17"><span class='ocrx_word' id='word_1_19' title='bbox 39 580 169 653; x_wconf 88' lang='lat' dir='ltr'>spiritus</span> <span class='ocrx_word' id='word_1_20' title='bbox 184 583 243 648; x_wconf 85' lang='grc' dir='ltr'>εει,</span> <span class='ocrx_word' id='word_1_21' title='bbox 262 593 321 637; x_wconf 92' lang='lat' dir='ltr'>non</span> <span class='ocrx_word' id='word_1_22' title='bbox 339 591 466 653; x_wconf 86' lang='lat' dir='ltr'>corpus.</span> <span class='ocrx_word' id='word_1_23' title='bbox 478 577 518 641; x_wconf 79' lang='lat' dir='ltr'>lta</span> <span class='ocrx_word' id='word_1_24' title='bbox 533 577 580 640; x_wconf 86' lang='lat' dir='ltr'>ibi</span> <span class='ocrx_word' id='word_1_25' title='bbox 591 586 636 642; x_wconf 90' lang='lat' dir='ltr'>est</span> <span class='ocrx_word' id='word_1_26' title='bbox 648 577 758 656; x_wconf 82' lang='lat' dir='ltr'>imago</span> <span class='ocrx_word' id='word_1_27' title='bbox 772 575 838 652; x_wconf 84' lang='lat' dir='ltr'>liei,</span> <span class='ocrx_word' id='word_1_28' title='bbox 852 576 899 638; x_wconf 90' lang='lat' dir='ltr'>ia·</span> <span class='ocrx_word' id='word_1_29' title='bbox 944 577 1110 641; x_wconf 87' lang='lat' dir='ltr'>surdescas</span> <span class='ocrx_word' id='word_1_30' title='bbox 1122 579 1174 641; x_wconf 90' lang='lat' dir='ltr'>his</span> <span class='ocrx_word' id='word_1_31' title='bbox 1189 579 1356 653; x_wconf 83' lang='lat' dir='ltr'>omnihus,</span> <span class='ocrx_word' id='word_1_32' title='bbox 1379 587 1410 643; x_wconf 91' lang='lat' dir='ltr'>et</span> <span class='ocrx_word' id='word_1_33' title='bbox 1425 580 1524 642; x_wconf 89' lang='lat' dir='ltr'>solum</span> <span class='ocrx_word' id='word_1_34' title='bbox 1540 578 1731 646; x_wconf 85' lang='lat' dir='ltr'>attandasad</span> <span class='ocrx_word' id='word_1_35' title='bbox 1747 594 1797 641; x_wconf 85' lang='lat' dir='ltr'>aa·</span> 
     </span>
     <span class='ocr_line' id='line_1_4' title="bbox 39 654 1798 746; baseline 0.001 -26"><span class='ocrx_word' id='word_1_36' title='bbox 39 663 105 735; x_wconf 80' lang='lat' dir='ltr'>quit</span> <span class='ocrx_word' id='word_1_37' title='bbox 121 661 156 722; x_wconf 89' lang='lat' dir='ltr'>S.</span> <span class='ocrx_word' id='word_1_38' title='bbox 175 661 322 734; x_wconf 83' lang='lat' dir='ltr'>Basilius,</span> <span class='ocrx_word' id='word_1_39' title='bbox 344 658 402 723; x_wconf 87' lang='lat' dir='ltr'>uhi</span> <span class='ocrx_word' id='word_1_40' title='bbox 423 665 469 722; x_wconf 88' lang='lat' dir='ltr'>esi</span> <span class='ocrx_word' id='word_1_41' title='bbox 489 661 535 732; x_wconf 84' lang='lat' dir='ltr'>id,</span> <span class='ocrx_word' id='word_1_42' title='bbox 559 662 647 740; x_wconf 86' lang='lat' dir='ltr'>quod</span> <span class='ocrx_word' id='word_1_43' title='bbox 665 654 807 742; x_wconf 79' lang='lat' dir='ltr'>implorat</span> <span class='ocrx_word' id='word_1_44' title='bbox 819 657 903 746; x_wconf 51' lang='lat' dir='ltr'>coifi</span> <span class='ocrx_word' id='word_1_45' title='bbox 943 661 1092 726; x_wconf 88' lang='lat' dir='ltr'>luntdtem</span> <span class='ocrx_word' id='word_1_46' title='bbox 1108 663 1227 726; x_wconf 78' lang='lat' dir='ltr'>homiui</span> <span class='ocrx_word' id='word_1_47' title='bbox 1238 661 1295 726; x_wconf 89' lang='lat' dir='ltr'>ilai</span> <span class='ocrx_word' id='word_1_48' title='bbox 1311 664 1367 739; x_wconf 86' lang='lat' dir='ltr'>iui;</span> <span class='ocrx_word' id='word_1_49' title='bbox 1382 669 1473 744; x_wconf 91' lang='lat' dir='ltr'>atque</span> <span class='ocrx_word' id='word_1_50' title='bbox 1488 663 1566 725; x_wconf 91' lang='lat' dir='ltr'>illud</span> <span class='ocrx_word' id='word_1_51' title='bbox 1583 663 1670 738; x_wconf 89' lang='lat' dir='ltr'>utile,</span> <span class='ocrx_word' id='word_1_52' title='bbox 1686 661 1798 740; x_wconf 88' lang='lat' dir='ltr'>gloria·</span> 
     </span>
     <span class='ocr_line' id='line_1_5' title="bbox 37 742 1798 824; baseline 0.001 -20"><span class='ocrx_word' id='word_1_53' title='bbox 37 745 208 808; x_wconf 86' lang='lat' dir='ltr'>uaanlitluc</span> <span class='ocrx_word' id='word_1_54' title='bbox 230 742 376 817; x_wconf 84' lang='lat' dir='ltr'>caeteris,</span> <span class='ocrx_word' id='word_1_55' title='bbox 400 742 531 822; x_wconf 87' lang='lat' dir='ltr'>imperat</span> <span class='ocrx_word' id='word_1_56' title='bbox 552 751 654 805; x_wconf 90' lang='lat' dir='ltr'>autem</span> <span class='ocrx_word' id='word_1_57' title='bbox 669 746 761 807; x_wconf 88' lang='lat' dir='ltr'>homo</span> <span class='ocrx_word' id='word_1_58' title='bbox 775 743 896 816; x_wconf 86' lang='lat' dir='ltr'>hestiis,</span> <span class='ocrx_word' id='word_1_59' title='bbox 914 745 920 758; x_wconf 96' lang='lat'>&#39;</span> <span class='ocrx_word' id='word_1_60' title='bbox 945 759 1016 805; x_wconf 87' lang='lat' dir='ltr'>suar</span> <span class='ocrx_word' id='word_1_61' title='bbox 1030 791 1038 818; x_wconf 92' lang='lat'>,</span> <span class='ocrx_word' id='word_1_62' title='bbox 1054 746 1245 824; x_wconf 88' lang='lat' dir='ltr'>appetibile,</span> <span class='ocrx_word' id='word_1_63' title='bbox 1268 746 1383 808; x_wconf 88' lang='lat' dir='ltr'>henum</span> <span class='ocrx_word' id='word_1_64' title='bbox 1404 745 1541 824; x_wconf 78' lang='lat' dir='ltr'>decidua</span> <span class='ocrx_word' id='word_1_65' title='bbox 1563 744 1646 806; x_wconf 91' lang='lat' dir='ltr'>omui</span> <span class='ocrx_word' id='word_1_66' title='bbox 1661 761 1699 806; x_wconf 82' lang='lat' dir='ltr'>err</span> <span class='ocrx_word' id='word_1_67' title='bbox 1714 747 1798 820; x_wconf 87' lang='lat' dir='ltr'>porta</span> 
     </span>
     <span class='ocr_line' id='line_1_6' title="bbox 39 825 1799 909; baseline -0.001 -22"><span class='ocrx_word' id='word_1_68' title='bbox 39 843 101 888; x_wconf 94' lang='lat' dir='ltr'>non</span> <span class='ocrx_word' id='word_1_69' title='bbox 121 843 177 904; x_wconf 89' lang='lat' dir='ltr'>per</span> <span class='ocrx_word' id='word_1_70' title='bbox 192 825 331 902; x_wconf 90' lang='lat' dir='ltr'>corporis</span> <span class='ocrx_word' id='word_1_71' title='bbox 346 825 497 901; x_wconf 84' lang='lat' dir='ltr'>memhm&#39;,</span> <span class='ocrx_word' id='word_1_72' title='bbox 508 838 587 904; x_wconf 81' lang='lat' dir='ltr'>ouen</span> <span class='ocrx_word' id='word_1_73' title='bbox 603 827 767 888; x_wconf 81' lang='lat' dir='ltr'>ualentiora</span> <span class='ocrx_word' id='word_1_74' title='bbox 783 829 898 894; x_wconf 82' lang='lat' dir='ltr'>suntin</span> <span class='ocrx_word' id='word_1_75' title='bbox 947 827 1000 888; x_wconf 90' lang='lat' dir='ltr'>tibi</span> <span class='ocrx_word' id='word_1_76' title='bbox 1017 843 1088 890; x_wconf 88' lang='lat' dir='ltr'>esse</span> <span class='ocrx_word' id='word_1_77' title='bbox 1105 826 1245 901; x_wconf 90' lang='lat' dir='ltr'>iudices,</span> <span class='ocrx_word' id='word_1_78' title='bbox 1270 830 1351 906; x_wconf 82' lang='lat' dir='ltr'>qaod</span> <span class='ocrx_word' id='word_1_79' title='bbox 1368 833 1417 909; x_wconf 82' lang='lat' dir='ltr'>esi</span> <span class='ocrx_word' id='word_1_80' title='bbox 1431 829 1587 891; x_wconf 89' lang='lat' dir='ltr'>canterma</span> <span class='ocrx_word' id='word_1_81' title='bbox 1603 826 1748 890; x_wconf 83' lang='lat' dir='ltr'>voluntati</span> <span class='ocrx_word' id='word_1_82' title='bbox 1763 843 1799 886; x_wconf 90' lang='lat' dir='ltr'>ec</span> 
     </span>
     <span class='ocr_line' id='line_1_7' title="bbox 39 908 1799 989; baseline -0.001 -19"><span class='ocrx_word' id='word_1_83' title='bbox 39 911 150 970; x_wconf 89' lang='lat' dir='ltr'>multis</span> <span class='ocrx_word' id='word_1_84' title='bbox 165 908 287 982; x_wconf 87' lang='lat' dir='ltr'>hestiis,</span> <span class='ocrx_word' id='word_1_85' title='bbox 310 923 400 985; x_wconf 81' lang='lat' dir='ltr'>quom</span> <span class='ocrx_word' id='word_1_86' title='bbox 418 911 449 970; x_wconf 93' lang='lat' dir='ltr'>in</span> <span class='ocrx_word' id='word_1_87' title='bbox 465 909 602 984; x_wconf 88' lang='lat' dir='ltr'>homine,</span> <span class='ocrx_word' id='word_1_88' title='bbox 619 911 675 972; x_wconf 91' lang='lat' dir='ltr'>sad</span> <span class='ocrx_word' id='word_1_89' title='bbox 692 925 746 988; x_wconf 89' lang='lat' dir='ltr'>per</span> <span class='ocrx_word' id='word_1_90' title='bbox 760 916 896 972; x_wconf 89' lang='lat' dir='ltr'>mentem</span> <span class='ocrx_word' id='word_1_91' title='bbox 944 909 1004 987; x_wconf 87' lang='lat' dir='ltr'>legi</span> <span class='ocrx_word' id='word_1_92' title='bbox 1020 910 1087 973; x_wconf 86' lang='lat' dir='ltr'>liei.</span> <span class='ocrx_word' id='word_1_93' title='bbox 1104 911 1186 975; x_wconf 82' lang='lat' dir='ltr'>llaec</span> <span class='ocrx_word' id='word_1_94' title='bbox 1208 916 1255 975; x_wconf 88' lang='lat' dir='ltr'>est</span> <span class='ocrx_word' id='word_1_95' title='bbox 1277 912 1426 989; x_wconf 86' lang='lat' dir='ltr'>sapientia</span> <span class='ocrx_word' id='word_1_96' title='bbox 1449 911 1653 984; x_wconf 85' lang='lat' dir='ltr'>sauctamm,</span> <span class='ocrx_word' id='word_1_97' title='bbox 1679 910 1718 971; x_wconf 91' lang='lat' dir='ltr'>dc</span> <span class='ocrx_word' id='word_1_98' title='bbox 1739 923 1799 984; x_wconf 83' lang='lat' dir='ltr'>auu</span> 
     </span>
     <span class='ocr_line' id='line_1_8' title="bbox 38 985 1801 1075; baseline -0.001 -21"><span class='ocrx_word' id='word_1_99' title='bbox 38 992 162 1054; x_wconf 87' lang='lat' dir='ltr'>reliana</span> <span class='ocrx_word' id='word_1_100' title='bbox 177 996 209 1054; x_wconf 91' lang='lat' dir='ltr'>et</span> <span class='ocrx_word' id='word_1_101' title='bbox 222 991 321 1052; x_wconf 82' lang='lat' dir='ltr'>lihero</span> <span class='ocrx_word' id='word_1_102' title='bbox 337 991 465 1075; x_wconf 81' lang='lat' dir='ltr'>arhttrio¹</span> <span class='ocrx_word' id='word_1_103' title='bbox 478 992 663 1069; x_wconf 84' lang='lat' dir='ltr'>praeditam·</span> <span class='ocrx_word' id='word_1_104' title='bbox 675 991 799 1054; x_wconf 84' lang='lat' dir='ltr'>Precest</span> <span class='ocrx_word' id='word_1_105' title='bbox 813 994 896 1054; x_wconf 91' lang='lat' dir='ltr'>euim</span> <span class='ocrx_word' id='word_1_106' title='bbox 943 994 1066 1070; x_wconf 87' lang='lat' dir='ltr'>scripsit</span> <span class='ocrx_word' id='word_1_107' title='bbox 1078 992 1225 1072; x_wconf 81' lang='lat' dir='ltr'>Sapiens:</span> <span class='ocrx_word' id='word_1_108' title='bbox 1239 994 1492 1074; x_wconf 87' lang='lat' dir='ltr'>Supersclolem</span> <span class='ocrx_word' id='word_1_109' title='bbox 1504 993 1682 1072; x_wconf 86' lang='lat' dir='ltr'>alopeciam</span> <span class='ocrx_word' id='word_1_110' title='bbox 1693 985 1801 1054; x_wconf 75' lang='lat' dir='ltr'>diluam</span> 
     </span>
     <span class='ocr_line' id='line_1_9' title="bbox 40 1073 1799 1156; baseline 0 -20"><span class='ocrx_word' id='word_1_111' title='bbox 40 1077 138 1137; x_wconf 87' lang='lat' dir='ltr'>homo</span> <span class='ocrx_word' id='word_1_112' title='bbox 152 1073 360 1137; x_wconf 84' lang='lat' dir='ltr'>animantibus</span> <span class='ocrx_word' id='word_1_113' title='bbox 384 1075 539 1148; x_wconf 89' lang='lat' dir='ltr'>caeteris,</span> <span class='ocrx_word' id='word_1_114' title='bbox 562 1089 623 1137; x_wconf 91' lang='lat' dir='ltr'>nco</span> <span class='ocrx_word' id='word_1_115' title='bbox 641 1090 707 1153; x_wconf 88' lang='lat' dir='ltr'>per</span> <span class='ocrx_word' id='word_1_116' title='bbox 732 1075 762 1136; x_wconf 93' lang='lat' dir='ltr'>ld</span> <span class='ocrx_word' id='word_1_117' title='bbox 781 1122 788 1144; x_wconf 84' lang='lat'>,</span> <span class='ocrx_word' id='word_1_118' title='bbox 816 1074 898 1153; x_wconf 85' lang='lat' dir='ltr'>auad</span> <span class='ocrx_word' id='word_1_119' title='bbox 942 1075 1055 1150; x_wconf 86' lang='lat' dir='ltr'>illam,</span> <span class='ocrx_word' id='word_1_120' title='bbox 1073 1085 1101 1137; x_wconf 89' lang='lat' dir='ltr'>et</span> <span class='ocrx_word' id='word_1_121' title='bbox 1115 1077 1271 1156; x_wconf 80' lang='lat' dir='ltr'>proposui</span> <span class='ocrx_word' id='word_1_122' title='bbox 1284 1081 1343 1154; x_wconf 80' lang='lat' dir='ltr'>pia</span> <span class='ocrx_word' id='word_1_123' title='bbox 1360 1078 1429 1140; x_wconf 90' lang='lat' dir='ltr'>luce</span> <span class='ocrx_word' id='word_1_124' title='bbox 1454 1075 1571 1140; x_wconf 83' lang='lat' dir='ltr'>habore</span> <span class='ocrx_word' id='word_1_125' title='bbox 1588 1076 1681 1138; x_wconf 85' lang='lat' dir='ltr'>illem</span> <span class='ocrx_word' id='word_1_126' title='bbox 1696 1122 1704 1145; x_wconf 84' lang='lat'>,</span> <span class='ocrx_word' id='word_1_127' title='bbox 1719 1088 1799 1154; x_wconf 81' lang='lat' dir='ltr'>qaa-</span> 
     </span>
     <span class='ocr_line' id='line_1_10' title="bbox 39 1157 1801 1239; baseline -0.001 -19"><span class='ocrx_word' id='word_1_128' title='bbox 39 1158 139 1220; x_wconf 87' lang='lat' dir='ltr'>hahet</span> <span class='ocrx_word' id='word_1_129' title='bbox 162 1157 418 1222; x_wconf 87' lang='lat' dir='ltr'>commuue&#39;oam</span> <span class='ocrx_word' id='word_1_130' title='bbox 440 1158 516 1230; x_wconf 74' lang='lat' dir='ltr'>litis:</span> <span class='ocrx_word' id='word_1_131' title='bbox 539 1158 595 1219; x_wconf 92' lang='lat' dir='ltr'>sed</span> <span class='ocrx_word' id='word_1_132' title='bbox 618 1163 673 1236; x_wconf 89' lang='lat' dir='ltr'>per</span> <span class='ocrx_word' id='word_1_133' title='bbox 695 1157 828 1236; x_wconf 80' lang='lat' dir='ltr'>id,‘auc</span> <span class='ocrx_word' id='word_1_134' title='bbox 853 1158 899 1220; x_wconf 92' lang='lat' dir='ltr'>dl·</span> <span class='ocrx_word' id='word_1_135' title='bbox 942 1158 1036 1220; x_wconf 73' lang='lat' dir='ltr'>uum</span> <span class='ocrx_word' id='word_1_136' title='bbox 1056 1159 1309 1239; x_wconf 82' lang='lat' dir='ltr'>iaecctippuibiia</span> <span class='ocrx_word' id='word_1_137' title='bbox 1332 1166 1377 1224; x_wconf 88' lang='lat' dir='ltr'>ast</span> <span class='ocrx_word' id='word_1_138' title='bbox 1399 1162 1509 1222; x_wconf 82' lang='lat' dir='ltr'>tramea</span> <span class='ocrx_word' id='word_1_139' title='bbox 1523 1159 1623 1222; x_wconf 83' lang='lat' dir='ltr'>illiers.</span> <span class='ocrx_word' id='word_1_140' title='bbox 1639 1157 1801 1222; x_wconf 75' lang='lat' dir='ltr'>Venerunt</span> 
     </span>
     <span class='ocr_line' id='line_1_11' title="bbox 38 1234 1723 1328; baseline 0.001 -26"><span class='ocrx_word' id='word_1_141' title='bbox 38 1239 211 1320; x_wconf 86' lang='lat' dir='ltr'>stinguitur</span> <span class='ocrx_word' id='word_1_142' title='bbox 234 1238 277 1303; x_wconf 88' lang='lat' dir='ltr'>ah</span> <span class='ocrx_word' id='word_1_143' title='bbox 301 1234 374 1314; x_wconf 84' lang='lat' dir='ltr'>allis,</span> <span class='ocrx_word' id='word_1_144' title='bbox 400 1245 430 1328; x_wconf 82' lang='grc' dir='ltr'>ει</span> <span class='ocrx_word' id='word_1_145' title='bbox 444 1255 500 1319; x_wconf 85' lang='lat' dir='ltr'>per</span> <span class='ocrx_word' id='word_1_146' title='bbox 515 1241 597 1319; x_wconf 89' lang='lat' dir='ltr'>quod</span> <span class='ocrx_word' id='word_1_147' title='bbox 613 1241 723 1304; x_wconf 87' lang='lat' dir='ltr'>similis</span> <span class='ocrx_word' id='word_1_148' title='bbox 739 1239 836 1304; x_wconf 87' lang='lat' dir='ltr'>lactus</span> <span class='ocrx_word' id='word_1_149' title='bbox 852 1244 900 1304; x_wconf 90' lang='lat' dir='ltr'>est</span> <span class='ocrx_word' id='word_1_150' title='bbox 944 1245 1055 1303; x_wconf 87' lang='lat' dir='ltr'>autem</span> <span class='ocrx_word' id='word_1_151' title='bbox 1069 1241 1150 1306; x_wconf 84' lang='lat' dir='ltr'>milti</span> <span class='ocrx_word' id='word_1_152' title='bbox 1164 1244 1277 1307; x_wconf 85' lang='lat' dir='ltr'>omnic</span> <span class='ocrx_word' id='word_1_153' title='bbox 1291 1241 1378 1306; x_wconf 86' lang='lat' dir='ltr'>hona</span> <span class='ocrx_word' id='word_1_154' title='bbox 1391 1245 1516 1322; x_wconf 81' lang='lat' dir='ltr'>pariter</span> <span class='ocrx_word' id='word_1_155' title='bbox 1530 1241 1723 1314; x_wconf 74' lang='lat' dir='ltr'>consitat,</span> 
     </span>
     <span class='ocr_line' id='line_1_12' title="bbox 41 1320 1801 1403; baseline -0.002 -18"><span class='ocrx_word' id='word_1_156' title='bbox 41 1325 123 1388; x_wconf 83' lang='grc' dir='ltr'>Ιιεε.</span> <span class='ocrx_word' id='word_1_157' title='bbox 289 1351 308 1372; x_wconf 31' lang='grc' dir='ltr'>ε-</span> <span class='ocrx_word' id='word_1_158' title='bbox 678 1331 680 1338; x_wconf 83' lang='grc'><em>’</em></span> <span class='ocrx_word' id='word_1_159' title='bbox 756 1395 758 1398; x_wconf 48' lang='grc'><strong>,</strong></span> <span class='ocrx_word' id='word_1_160' title='bbox 984 1322 1079 1388; x_wconf 88' lang='lat' dir='ltr'>Parro</span> <span class='ocrx_word' id='word_1_161' title='bbox 1096 1327 1319 1402; x_wconf 74' lang='lat' dir='ltr'>iustitia,&#39;auac</span> <span class='ocrx_word' id='word_1_162' title='bbox 1335 1327 1428 1388; x_wconf 87' lang='lat' dir='ltr'>altera</span> <span class='ocrx_word' id='word_1_163' title='bbox 1449 1341 1520 1403; x_wconf 90' lang='lat' dir='ltr'>pers</span> <span class='ocrx_word' id='word_1_164' title='bbox 1535 1328 1583 1386; x_wconf 91' lang='grc' dir='ltr'>εει</span> <span class='ocrx_word' id='word_1_165' title='bbox 1598 1320 1801 1399; x_wconf 87' lang='lat' dir='ltr'>pulcluiiudi·</span> 
     </span>
     <span class='ocr_line' id='line_1_13' title="bbox 79 1401 1800 1488; baseline -0.001 -20"><span class='ocrx_word' id='word_1_166' title='bbox 79 1406 175 1486; x_wconf 82' lang='lat' dir='ltr'>Erige</span> <span class='ocrx_word' id='word_1_167' title='bbox 197 1421 293 1479; x_wconf 89' lang='lat' dir='ltr'>uuna,</span> <span class='ocrx_word' id='word_1_168' title='bbox 316 1403 414 1466; x_wconf 89' lang='lat' dir='ltr'>aalma</span> <span class='ocrx_word' id='word_1_169' title='bbox 438 1419 517 1472; x_wconf 87' lang='lat' dir='ltr'>mea.</span> <span class='ocrx_word' id='word_1_170' title='bbox 541 1405 675 1468; x_wconf 82' lang='lat' dir='ltr'>mentem</span> <span class='ocrx_word' id='word_1_171' title='bbox 691 1405 727 1466; x_wconf 93' lang='lat' dir='ltr'>ad</span> <span class='ocrx_word' id='word_1_172' title='bbox 743 1406 900 1484; x_wconf 72' lang='lat' dir='ltr'>exemplar</span> <span class='ocrx_word' id='word_1_173' title='bbox 944 1405 1188 1485; x_wconf 89' lang='lat' dir='ltr'>nisspiritualis,</span> <span class='ocrx_word' id='word_1_174' title='bbox 1205 1405 1315 1470; x_wconf 86' lang='lat' dir='ltr'>omnes</span> <span class='ocrx_word' id='word_1_175' title='bbox 1332 1401 1462 1486; x_wconf 83' lang='lat' dir='ltr'>quide&#39;m</span> <span class='ocrx_word' id='word_1_176' title='bbox 1479 1407 1606 1488; x_wconf 79' lang='lat' dir='ltr'>virtutes</span> <span class='ocrx_word' id='word_1_177' title='bbox 1621 1405 1800 1485; x_wconf 89' lang='lat' dir='ltr'>complecti·</span> 
     </span>
     <span class='ocr_line' id='line_1_14' title="bbox 39 1487 1802 1569; baseline -0.001 -17"><span class='ocrx_word' id='word_1_178' title='bbox 39 1496 142 1568; x_wconf 91' lang='lat' dir='ltr'>tuum,</span> <span class='ocrx_word' id='word_1_179' title='bbox 159 1493 191 1553; x_wconf 89' lang='grc' dir='ltr'>ει</span> <span class='ocrx_word' id='word_1_180' title='bbox 205 1489 316 1569; x_wconf 86' lang='lat' dir='ltr'>cogito,</span> <span class='ocrx_word' id='word_1_181' title='bbox 339 1503 431 1550; x_wconf 89' lang='lat' dir='ltr'>amne</span> <span class='ocrx_word' id='word_1_182' title='bbox 454 1487 568 1550; x_wconf 88' lang='lat' dir='ltr'>bonurn</span> <span class='ocrx_word' id='word_1_183' title='bbox 581 1489 728 1568; x_wconf 88' lang='lat' dir='ltr'>imaginis</span> <span class='ocrx_word' id='word_1_184' title='bbox 744 1489 775 1550; x_wconf 93' lang='lat' dir='ltr'>in</span> <span class='ocrx_word' id='word_1_185' title='bbox 791 1489 900 1552; x_wconf 89' lang='lat' dir='ltr'>simili·</span> <span class='ocrx_word' id='word_1_186' title='bbox 943 1493 1013 1565; x_wconf 87' lang='lat' dir='ltr'>tar,</span> <span class='ocrx_word' id='word_1_187' title='bbox 1038 1503 1117 1566; x_wconf 83' lang='lat' dir='ltr'>quae</span> <span class='ocrx_word' id='word_1_188' title='bbox 1138 1491 1326 1554; x_wconf 79' lang='lat' dir='ltr'>veluntatem</span> <span class='ocrx_word' id='word_1_189' title='bbox 1349 1497 1479 1566; x_wconf 88' lang='lat' dir='ltr'>eruant,</span> <span class='ocrx_word' id='word_1_190' title='bbox 1496 1497 1526 1551; x_wconf 91' lang='lat' dir='ltr'>et</span> <span class='ocrx_word' id='word_1_191' title='bbox 1542 1491 1705 1566; x_wconf 89' lang='lat' dir='ltr'>perticiunt</span> <span class='ocrx_word' id='word_1_192' title='bbox 1720 1534 1728 1563; x_wconf 93' lang='lat'>,</span> <span class='ocrx_word' id='word_1_193' title='bbox 1744 1487 1802 1551; x_wconf 89' lang='lat' dir='ltr'>sori</span> 
     </span>
     <span class='ocr_line' id='line_1_15' title="bbox 41 1569 1802 1651; baseline -0.002 -17"><span class='ocrx_word' id='word_1_194' title='bbox 41 1573 153 1635; x_wconf 88' lang='lat' dir='ltr'>tudine</span> <span class='ocrx_word' id='word_1_195' title='bbox 174 1571 213 1635; x_wconf 90' lang='lat' dir='ltr'>ad</span> <span class='ocrx_word' id='word_1_196' title='bbox 229 1570 386 1647; x_wconf 85' lang='lat' dir='ltr'>exemplar</span> <span class='ocrx_word' id='word_1_197' title='bbox 407 1586 498 1633; x_wconf 91' lang='lat' dir='ltr'>suum</span> <span class='ocrx_word' id='word_1_198' title='bbox 520 1571 654 1649; x_wconf 70' lang='lat' dir='ltr'>peditum</span> <span class='ocrx_word' id='word_1_199' title='bbox 677 1585 761 1633; x_wconf 87' lang='lat' dir='ltr'>esse.</span> <span class='ocrx_word' id='word_1_200' title='bbox 777 1571 850 1633; x_wconf 86' lang='lat' dir='ltr'>llam</span> <span class='ocrx_word' id='word_1_201' title='bbox 872 1569 899 1634; x_wconf 91' lang='lat' dir='ltr'>sl</span> <span class='ocrx_word' id='word_1_202' title='bbox 946 1571 1113 1650; x_wconf 86' lang='lat' dir='ltr'>praecipue</span> <span class='ocrx_word' id='word_1_203' title='bbox 1135 1573 1315 1637; x_wconf 88' lang='lat' dir='ltr'>charitatem</span> <span class='ocrx_word' id='word_1_204' title='bbox 1330 1617 1339 1644; x_wconf 88' lang='lat'>,</span> <span class='ocrx_word' id='word_1_205' title='bbox 1355 1577 1435 1651; x_wconf 83' lang='lat' dir='ltr'>quae</span> <span class='ocrx_word' id='word_1_206' title='bbox 1449 1579 1547 1634; x_wconf 88' lang='lat' dir='ltr'>mator</span> <span class='ocrx_word' id='word_1_207' title='bbox 1562 1577 1592 1635; x_wconf 91' lang='lat' dir='ltr'>et</span> <span class='ocrx_word' id='word_1_208' title='bbox 1606 1573 1691 1634; x_wconf 84' lang='lat' dir='ltr'>radix</span> <span class='ocrx_word' id='word_1_209' title='bbox 1707 1577 1755 1634; x_wconf 90' lang='lat' dir='ltr'>est</span> <span class='ocrx_word' id='word_1_210' title='bbox 1769 1585 1802 1632; x_wconf 92' lang='lat' dir='ltr'>a·</span> 
     </span>
     <span class='ocr_line' id='line_1_16' title="bbox 40 1650 1860 1738; baseline -0.002 -20"><span class='ocrx_word' id='word_1_211' title='bbox 40 1656 122 1718; x_wconf 88' lang='lat' dir='ltr'>lartc</span> <span class='ocrx_word' id='word_1_212' title='bbox 139 1653 279 1718; x_wconf 89' lang='lat' dir='ltr'>delcrma</span> <span class='ocrx_word' id='word_1_213' title='bbox 300 1653 341 1716; x_wconf 92' lang='lat' dir='ltr'>sit</span> <span class='ocrx_word' id='word_1_214' title='bbox 365 1650 545 1733; x_wconf 81' lang='lat' dir='ltr'>eiamptcr,</span> <span class='ocrx_word' id='word_1_215' title='bbox 574 1653 665 1738; x_wconf 85' lang='lat' dir='ltr'>quale</span> <span class='ocrx_word' id='word_1_216' title='bbox 691 1654 805 1716; x_wconf 89' lang='lat' dir='ltr'>diaboli</span> <span class='ocrx_word' id='word_1_217' title='bbox 822 1651 903 1734; x_wconf 41' lang='lat' dir='ltr'>‘ingl</span> <span class='ocrx_word' id='word_1_218' title='bbox 946 1655 1063 1717; x_wconf 89' lang='lat' dir='ltr'>maium</span> <span class='ocrx_word' id='word_1_219' title='bbox 1079 1656 1235 1735; x_wconf 87' lang='lat' dir='ltr'>rlrtutum,</span> <span class='ocrx_word' id='word_1_220' title='bbox 1252 1661 1283 1720; x_wconf 91' lang='grc' dir='ltr'>ει</span> <span class='ocrx_word' id='word_1_221' title='bbox 1297 1658 1337 1719; x_wconf 91' lang='lat' dir='ltr'>de</span> <span class='ocrx_word' id='word_1_222' title='bbox 1352 1671 1410 1735; x_wconf 85' lang='lat' dir='ltr'>qua</span> <span class='ocrx_word' id='word_1_223' title='bbox 1427 1653 1460 1717; x_wconf 83' lang='lat' dir='ltr'>S.</span> <span class='ocrx_word' id='word_1_224' title='bbox 1473 1653 1664 1734; x_wconf 75' lang='lat' dir='ltr'>Augustinus</span> <span class='ocrx_word' id='word_1_225' title='bbox 1681 1655 1711 1715; x_wconf 92' lang='lat' dir='ltr'>la</span> <span class='ocrx_word' id='word_1_226' title='bbox 1727 1654 1800 1716; x_wconf 90' lang='lat' dir='ltr'>libr.</span> <span class='ocrx_word' id='word_1_227' title='bbox 1859 1723 1860 1728; x_wconf 7' lang='grc' dir='ltr'>η</span> 
     </span>
     <span class='ocr_line' id='line_1_17' title="bbox 41 1736 1803 1817; baseline -0.002 -16"><span class='ocrx_word' id='word_1_228' title='bbox 41 1738 151 1816; x_wconf 88' lang='grc' dir='ltr'>εειει,</span> <span class='ocrx_word' id='word_1_229' title='bbox 179 1741 242 1800; x_wconf 91' lang='lat' dir='ltr'>tum</span> <span class='ocrx_word' id='word_1_230' title='bbox 261 1736 352 1798; x_wconf 89' lang='lat' dir='ltr'>etiarn</span> <span class='ocrx_word' id='word_1_231' title='bbox 369 1736 483 1799; x_wconf 91' lang='lat' dir='ltr'>bonum</span> <span class='ocrx_word' id='word_1_232' title='bbox 507 1736 652 1816; x_wconf 87' lang='lat' dir='ltr'>imaginis</span> <span class='ocrx_word' id='word_1_233' title='bbox 675 1741 724 1800; x_wconf 89' lang='lat' dir='ltr'>est</span> <span class='ocrx_word' id='word_1_234' title='bbox 748 1738 904 1817; x_wconf 84' lang='lat' dir='ltr'>exemplar</span> <span class='ocrx_word' id='word_1_235' title='bbox 945 1737 984 1800; x_wconf 90' lang='lat' dir='ltr'>de</span> <span class='ocrx_word' id='word_1_236' title='bbox 999 1743 1064 1798; x_wconf 87' lang='lat' dir='ltr'>act.</span> <span class='ocrx_word' id='word_1_237' title='bbox 1080 1744 1112 1801; x_wconf 91' lang='grc' dir='ltr'>ει</span> <span class='ocrx_word' id='word_1_238' title='bbox 1126 1742 1221 1817; x_wconf 89' lang='lat' dir='ltr'>gratia</span> <span class='ocrx_word' id='word_1_239' title='bbox 1243 1745 1379 1802; x_wconf 85' lang='lat' dir='ltr'>extrerrre</span> <span class='ocrx_word' id='word_1_240' title='bbox 1402 1738 1440 1800; x_wconf 91' lang='lat' dir='ltr'>ita</span> <span class='ocrx_word' id='word_1_241' title='bbox 1465 1737 1621 1814; x_wconf 79' lang='lat' dir='ltr'>loquitur:</span> <span class='ocrx_word' id='word_1_242' title='bbox 1646 1737 1803 1800; x_wconf 88' lang='lat' dir='ltr'>inchoata</span> 
     </span>
     <span class='ocr_line' id='line_1_18' title="bbox 42 1817 1801 1900; baseline -0.002 -17"><span class='ocrx_word' id='word_1_243' title='bbox 42 1833 137 1884; x_wconf 89' lang='lat' dir='ltr'>suum</span> <span class='ocrx_word' id='word_1_244' title='bbox 154 1819 295 1883; x_wconf 90' lang='lat' dir='ltr'>delorma</span> <span class='ocrx_word' id='word_1_245' title='bbox 315 1823 385 1898; x_wconf 87' lang='lat' dir='ltr'>apte</span> <span class='ocrx_word' id='word_1_246' title='bbox 400 1825 646 1896; x_wconf 87' lang='lat' dir='ltr'>repraesenure.</span> <span class='ocrx_word' id='word_1_247' title='bbox 669 1817 778 1897; x_wconf 82' lang='lat' dir='ltr'>ltaque</span> <span class='ocrx_word' id='word_1_248' title='bbox 801 1819 903 1882; x_wconf 88' lang='lat' dir='ltr'>delur·</span> <span class='ocrx_word' id='word_1_249' title='bbox 945 1819 1801 1900; x_wconf 78' lang='lat' dir='ltr'>choritas‚iaolaoatciusiiticcsicprccectcclrcritcs,</span> 
     </span>
     <span class='ocr_line' id='line_1_19' title="bbox 40 1899 1802 1984; baseline 0 -20"><span class='ocrx_word' id='word_1_250' title='bbox 40 1905 134 1964; x_wconf 81' lang='lat' dir='ltr'>mites</span> <span class='ocrx_word' id='word_1_251' title='bbox 152 1905 185 1964; x_wconf 90' lang='lat' dir='ltr'>in</span> <span class='ocrx_word' id='word_1_252' title='bbox 201 1902 369 1978; x_wconf 87' lang='lat' dir='ltr'>exemplari</span> <span class='ocrx_word' id='word_1_253' title='bbox 385 1947 393 1976; x_wconf 92' lang='lat'>,</span> <span class='ocrx_word' id='word_1_254' title='bbox 423 1899 602 1964; x_wconf 76' lang='lat' dir='ltr'>deformius</span> <span class='ocrx_word' id='word_1_255' title='bbox 621 1903 697 1979; x_wconf 88' lang='lat' dir='ltr'>erit,</span> <span class='ocrx_word' id='word_1_256' title='bbox 723 1901 901 1965; x_wconf 73' lang='lat' dir='ltr'>deformius</span> <span class='ocrx_word' id='word_1_257' title='bbox 942 1911 1096 1984; x_wconf 84' lang='lat' dir='ltr'>prouectu</span> <span class='ocrx_word' id='word_1_258' title='bbox 1109 1905 1236 1968; x_wconf 86' lang='lat' dir='ltr'>iustitia</span> <span class='ocrx_word' id='word_1_259' title='bbox 1251 1911 1296 1968; x_wconf 92' lang='lat' dir='ltr'>ast</span> <span class='ocrx_word' id='word_1_260' title='bbox 1310 1923 1318 1966; x_wconf 91' lang='lat'>:</span> <span class='ocrx_word' id='word_1_261' title='bbox 1334 1903 1475 1982; x_wconf 70' lang='lat' dir='ltr'>perlaeta</span> <span class='ocrx_word' id='word_1_262' title='bbox 1490 1903 1643 1978; x_wconf 83' lang='lat' dir='ltr'>charitas,</span> <span class='ocrx_word' id='word_1_263' title='bbox 1658 1902 1802 1982; x_wconf 72' lang='lat' dir='ltr'>perfecta</span> 
     </span>
     <span class='ocr_line' id='line_1_20' title="bbox 37 1983 1800 2074; baseline -0.002 -25"><span class='ocrx_word' id='word_1_264' title='bbox 37 1988 68 2049; x_wconf 92' lang='lat' dir='ltr'>in</span> <span class='ocrx_word' id='word_1_265' title='bbox 85 1987 227 2068; x_wconf 76' lang='lat' dir='ltr'>imagine</span> <span class='ocrx_word' id='word_1_266' title='bbox 243 1983 439 2074; x_wconf 74' lang='lat' dir='ltr'>pulchritudo</span> <span class='ocrx_word' id='word_1_267' title='bbox 455 1983 525 2063; x_wconf 89' lang='lat' dir='ltr'>crit.</span> <span class='ocrx_word' id='word_1_268' title='bbox 542 1985 602 2046; x_wconf 84' lang='lat' dir='ltr'>Sed</span> <span class='ocrx_word' id='word_1_269' title='bbox 618 1987 643 2047; x_wconf 91' lang='lat' dir='ltr'>st</span> <span class='ocrx_word' id='word_1_270' title='bbox 657 1985 815 2064; x_wconf 86' lang='lat' dir='ltr'>exemplar</span> <span class='ocrx_word' id='word_1_271' title='bbox 826 2001 902 2063; x_wconf 81' lang='lat' dir='ltr'>quo·</span> <span class='ocrx_word' id='word_1_272' title='bbox 944 1986 1069 2064; x_wconf 75' lang='lat' dir='ltr'>tustino</span> <span class='ocrx_word' id='word_1_273' title='bbox 1085 1995 1141 2049; x_wconf 84' lang='lat' dir='ltr'>est:</span> <span class='ocrx_word' id='word_1_274' title='bbox 1159 1989 1302 2070; x_wconf 79' lang='lat' dir='ltr'>namqui</span> <span class='ocrx_word' id='word_1_275' title='bbox 1313 1987 1432 2066; x_wconf 80' lang='lat' dir='ltr'>diligit,</span> <span class='ocrx_word' id='word_1_276' title='bbox 1445 1986 1715 2066; x_wconf 79' lang='lat' dir='ltr'>tcpcmtmpteoiu</span> <span class='ocrx_word' id='word_1_277' title='bbox 1728 1987 1800 2062; x_wconf 87' lang='lat' dir='ltr'>quia</span> 
     </span>
     <span class='ocr_line' id='line_1_21' title="bbox 38 2065 1802 2152; baseline -0.001 -22"><span class='ocrx_word' id='word_1_278' title='bbox 38 2083 102 2146; x_wconf 81' lang='lat' dir='ltr'>que</span> <span class='ocrx_word' id='word_1_279' title='bbox 117 2071 161 2130; x_wconf 89' lang='lat' dir='ltr'>sit</span> <span class='ocrx_word' id='word_1_280' title='bbox 174 2068 354 2139; x_wconf 90' lang='lat' dir='ltr'>iormesum,</span> <span class='ocrx_word' id='word_1_281' title='bbox 368 2065 590 2147; x_wconf 70' lang='lat' dir='ltr'>protiosissimo</span> <span class='ocrx_word' id='word_1_282' title='bbox 604 2070 662 2129; x_wconf 85' lang='lat' dir='ltr'>crit</span> <span class='ocrx_word' id='word_1_283' title='bbox 673 2069 820 2146; x_wconf 88' lang='lat' dir='ltr'>imago,si</span> <span class='ocrx_word' id='word_1_284' title='bbox 835 2067 902 2145; x_wconf 89' lang='lat' dir='ltr'>pul·</span> <span class='ocrx_word' id='word_1_285' title='bbox 947 2069 1218 2133; x_wconf 85' lang='lat' dir='ltr'>ditectiomclum</span> <span class='ocrx_word' id='word_1_286' title='bbox 1231 2075 1488 2150; x_wconf 83' lang='lat' dir='ltr'>coaeparatur:</span> <span class='ocrx_word' id='word_1_287' title='bbox 1505 2076 1535 2152; x_wconf 80' lang='lat' dir='ltr'>pt</span> <span class='ocrx_word' id='word_1_288' title='bbox 1552 2069 1621 2131; x_wconf 90' lang='lat' dir='ltr'>ideo</span> <span class='ocrx_word' id='word_1_289' title='bbox 1630 2066 1802 2147; x_wconf 88' lang='lat' dir='ltr'>plenitudo</span> 
     </span>
     <span class='ocr_line' id='line_1_22' title="bbox 41 2149 1801 2230; baseline -0.002 -17"><span class='ocrx_word' id='word_1_290' title='bbox 41 2151 257 2214; x_wconf 85' lang='lat' dir='ltr'>claritudinem</span> <span class='ocrx_word' id='word_1_291' title='bbox 274 2150 459 2228; x_wconf 86' lang='lat' dir='ltr'>exemplaris</span> <span class='ocrx_word' id='word_1_292' title='bbox 479 2150 711 2229; x_wconf 87' lang='lat' dir='ltr'>pulchritudine</span> <span class='ocrx_word' id='word_1_293' title='bbox 725 2167 793 2224; x_wconf 89' lang='lat' dir='ltr'>sue,</span> <span class='ocrx_word' id='word_1_294' title='bbox 809 2165 903 2230; x_wconf 83' lang='lat' dir='ltr'>quam</span> <span class='ocrx_word' id='word_1_295' title='bbox 947 2149 1026 2229; x_wconf 83' lang='lat' dir='ltr'>lepis</span> <span class='ocrx_word' id='word_1_296' title='bbox 1042 2155 1087 2214; x_wconf 84' lang='lat' dir='ltr'>est</span> <span class='ocrx_word' id='word_1_297' title='bbox 1102 2152 1241 2226; x_wconf 86' lang='lat' dir='ltr'>dilectio,</span> <span class='ocrx_word' id='word_1_298' title='bbox 1265 2158 1298 2214; x_wconf 95' lang='lat' dir='ltr'>ut</span> <span class='ocrx_word' id='word_1_299' title='bbox 1313 2153 1419 2223; x_wconf 86' lang='lat' dir='ltr'>decuit</span> <span class='ocrx_word' id='word_1_300' title='bbox 1433 2151 1599 2230; x_wconf 78' lang='lat' dir='ltr'>Apostolus</span> <span class='ocrx_word' id='word_1_301' title='bbox 1614 2195 1622 2221; x_wconf 86' lang='lat'>‚</span> <span class='ocrx_word' id='word_1_302' title='bbox 1638 2158 1668 2213; x_wconf 92' lang='grc' dir='ltr'>ει</span> <span class='ocrx_word' id='word_1_303' title='bbox 1684 2157 1801 2222; x_wconf 84' lang='grc' dir='ltr'>εοειεε,</span> 
     </span>
     <span class='ocr_line' id='line_1_23' title="bbox 42 2231 1803 2314; baseline -0.001 -18"><span class='ocrx_word' id='word_1_304' title='bbox 42 2236 182 2310; x_wconf 79' lang='lat' dir='ltr'>maxime</span> <span class='ocrx_word' id='word_1_305' title='bbox 197 2233 263 2300; x_wconf 93' lang='lat' dir='ltr'>tleri</span> <span class='ocrx_word' id='word_1_306' title='bbox 280 2235 391 2312; x_wconf 89' lang='lat' dir='ltr'>poterit</span> <span class='ocrx_word' id='word_1_307' title='bbox 405 2231 552 2296; x_wconf 88' lang='lat' dir='ltr'>imitetur:</span> <span class='ocrx_word' id='word_1_308' title='bbox 569 2236 640 2296; x_wconf 87' lang='lat' dir='ltr'>etsi</span> <span class='ocrx_word' id='word_1_309' title='bbox 656 2235 757 2314; x_wconf 85' lang='lat' dir='ltr'>imago</span> <span class='ocrx_word' id='word_1_310' title='bbox 774 2246 902 2296; x_wconf 89' lang='lat' dir='ltr'>sensam</span> <span class='ocrx_word' id='word_1_311' title='bbox 968 2233 1265 2300; x_wconf 83' lang='lat' dir='ltr'>aisemctoeroam</span> <span class='ocrx_word' id='word_1_312' title='bbox 1277 2235 1359 2309; x_wconf 82' lang='lat' dir='ltr'>cios,</span> <span class='ocrx_word' id='word_1_313' title='bbox 1372 2235 1402 2295; x_wconf 88' lang='lat' dir='ltr'>ld</span> <span class='ocrx_word' id='word_1_314' title='bbox 1415 2234 1623 2310; x_wconf 65' lang='lat' dir='ltr'>esumandau</span> <span class='ocrx_word' id='word_1_315' title='bbox 1636 2236 1716 2304; x_wconf 88' lang='lat' dir='ltr'>eius,</span> <span class='ocrx_word' id='word_1_316' title='bbox 1729 2245 1803 2296; x_wconf 87' lang='lat' dir='ltr'>uere</span> 
     </span>
     <span class='ocr_line' id='line_1_24' title="bbox 38 2249 1803 2404; baseline -0.001 -24"><span class='ocrx_word' id='word_1_317' title='bbox 38 2317 189 2402; x_wconf 75' lang='lat' dir='ltr'>haberat,</span> <span class='ocrx_word' id='word_1_318' title='bbox 213 2316 290 2378; x_wconf 89' lang='lat' dir='ltr'>uilril</span> <span class='ocrx_word' id='word_1_319' title='bbox 313 2317 411 2393; x_wconf 86' lang='lat' dir='ltr'>magis</span> <span class='ocrx_word' id='word_1_320' title='bbox 432 2322 578 2394; x_wconf 70' lang='lat' dir='ltr'>optaret,</span> <span class='ocrx_word' id='word_1_321' title='bbox 596 2307 856 2395; x_wconf 80' lang='lat' dir='ltr'>euamperpetao</span> <span class='ocrx_word' id='word_1_322' title='bbox 871 2331 903 2380; x_wconf 87' lang='lat' dir='ltr'>a·</span> <span class='ocrx_word' id='word_1_323' title='bbox 947 2249 984 2380; x_wconf 50' lang='grc' dir='ltr'>2η</span> <span class='ocrx_word' id='word_1_324' title='bbox 1011 2317 1072 2378; x_wconf 83' lang='grc' dir='ltr'>ιιοε</span> <span class='ocrx_word' id='word_1_325' title='bbox 1095 2317 1238 2390; x_wconf 79' lang='lat' dir='ltr'>charitas</span> <span class='ocrx_word' id='word_1_326' title='bbox 1263 2305 1323 2381; x_wconf 81' lang='lat' dir='ltr'>tici</span> <span class='ocrx_word' id='word_1_327' title='bbox 1343 2316 1584 2404; x_wconf 73' lang='lat' dir='ltr'>perfecisset.</span> <span class='ocrx_word' id='word_1_328' title='bbox 1612 2322 1645 2379; x_wconf 93' lang='grc' dir='ltr'>ει</span> <span class='ocrx_word' id='word_1_329' title='bbox 1668 2315 1803 2393; x_wconf 83' lang='lat' dir='ltr'>loquitur</span> 
     </span>
     <span class='ocr_line' id='line_1_25' title="bbox 39 2395 1801 2480; baseline -0.003 -16"><span class='ocrx_word' id='word_1_330' title='bbox 39 2400 188 2479; x_wconf 81' lang='lat' dir='ltr'>sempter</span> <span class='ocrx_word' id='word_1_331' title='bbox 209 2413 299 2461; x_wconf 89' lang='lat' dir='ltr'>suum</span> <span class='ocrx_word' id='word_1_332' title='bbox 323 2398 476 2476; x_wconf 75' lang='lat' dir='ltr'>aspicere,</span> <span class='ocrx_word' id='word_1_333' title='bbox 500 2402 531 2462; x_wconf 89' lang='lat' dir='ltr'>et</span> <span class='ocrx_word' id='word_1_334' title='bbox 546 2397 582 2462; x_wconf 88' lang='lat' dir='ltr'>ad</span> <span class='ocrx_word' id='word_1_335' title='bbox 599 2399 682 2462; x_wconf 90' lang='lat' dir='ltr'>illius</span> <span class='ocrx_word' id='word_1_336' title='bbox 704 2401 903 2463; x_wconf 88' lang='lat' dir='ltr'>imitationem</span> <span class='ocrx_word' id='word_1_337' title='bbox 948 2399 981 2464; x_wconf 87' lang='lat' dir='ltr'>S.</span> <span class='ocrx_word' id='word_1_338' title='bbox 997 2398 1143 2464; x_wconf 90' lang='lat' dir='ltr'>loannes.</span> <span class='ocrx_word' id='word_1_339' title='bbox 1162 2403 1220 2480; x_wconf 83' lang='lat' dir='ltr'>Qui</span> <span class='ocrx_word' id='word_1_340' title='bbox 1234 2417 1309 2479; x_wconf 87' lang='lat' dir='ltr'>crgo</span> <span class='ocrx_word' id='word_1_341' title='bbox 1330 2401 1436 2463; x_wconf 85' lang='lat' dir='ltr'>rolant</span> <span class='ocrx_word' id='word_1_342' title='bbox 1457 2399 1624 2476; x_wconf 85' lang='lat' dir='ltr'>examplari</span> <span class='ocrx_word' id='word_1_343' title='bbox 1641 2397 1744 2460; x_wconf 83' lang='lat' dir='ltr'>divino</span> <span class='ocrx_word' id='word_1_344' title='bbox 1760 2395 1801 2458; x_wconf 91' lang='lat' dir='ltr'>si·</span> 
     </span>
     <span class='ocr_line' id='line_1_26' title="bbox 41 2479 1804 2562; baseline -0.003 -15"><span class='ocrx_word' id='word_1_345' title='bbox 41 2498 76 2547; x_wconf 86' lang='lat' dir='ltr'>se</span> <span class='ocrx_word' id='word_1_346' title='bbox 92 2495 300 2562; x_wconf 89' lang='lat' dir='ltr'>componere,</span> <span class='ocrx_word' id='word_1_347' title='bbox 317 2487 349 2544; x_wconf 87' lang='lat' dir='ltr'>et</span> <span class='ocrx_word' id='word_1_348' title='bbox 364 2479 410 2543; x_wconf 92' lang='lat' dir='ltr'>illi</span> <span class='ocrx_word' id='word_1_349' title='bbox 425 2497 516 2560; x_wconf 84' lang='lat' dir='ltr'>quem</span> <span class='ocrx_word' id='word_1_350' title='bbox 532 2480 688 2544; x_wconf 85' lang='lat' dir='ltr'>simillima</span> <span class='ocrx_word' id='word_1_351' title='bbox 700 2481 781 2545; x_wconf 86' lang='lat' dir='ltr'>llari.</span> <span class='ocrx_word' id='word_1_352' title='bbox 948 2483 1038 2544; x_wconf 84' lang='lat' dir='ltr'>miles</span> <span class='ocrx_word' id='word_1_353' title='bbox 1054 2481 1132 2554; x_wconf 87' lang='lat' dir='ltr'>lieri,</span> <span class='ocrx_word' id='word_1_354' title='bbox 1151 2484 1279 2546; x_wconf 86' lang='lat' dir='ltr'>obedire</span> <span class='ocrx_word' id='word_1_355' title='bbox 1293 2484 1409 2545; x_wconf 89' lang='lat' dir='ltr'>dehent</span> <span class='ocrx_word' id='word_1_356' title='bbox 1422 2480 1537 2544; x_wconf 87' lang='lat' dir='ltr'>dicenti</span> <span class='ocrx_word' id='word_1_357' title='bbox 1552 2499 1560 2540; x_wconf 75' lang='grc' dir='ltr'>ι</span> <span class='ocrx_word' id='word_1_358' title='bbox 1577 2481 1681 2544; x_wconf 80' lang='lat' dir='ltr'>Estote</span> <span class='ocrx_word' id='word_1_359' title='bbox 1695 2481 1804 2542; x_wconf 87' lang='lat' dir='ltr'>imita·</span> 
     </span>
     <span class='ocr_line' id='line_1_27' title="bbox 80 2561 1805 2648; baseline -0.002 -20"><span class='ocrx_word' id='word_1_360' title='bbox 80 2565 254 2644; x_wconf 81' lang='lat' dir='ltr'>Exemplar</span> <span class='ocrx_word' id='word_1_361' title='bbox 269 2571 367 2640; x_wconf 86' lang='lat' dir='ltr'>tuum,</span> <span class='ocrx_word' id='word_1_362' title='bbox 381 2563 621 2632; x_wconf 71' lang='lat' dir='ltr'>ceninenses</span> <span class='ocrx_word' id='word_1_363' title='bbox 636 2570 694 2638; x_wconf 83' lang='lat' dir='ltr'>est,</span> <span class='ocrx_word' id='word_1_364' title='bbox 708 2562 907 2642; x_wconf 83' lang='lat' dir='ltr'>paloorttudc</span> <span class='ocrx_word' id='word_1_365' title='bbox 950 2569 1034 2628; x_wconf 88' lang='lat' dir='ltr'>tores</span> <span class='ocrx_word' id='word_1_366' title='bbox 1049 2561 1107 2630; x_wconf 86' lang='lat' dir='ltr'>ilai</span> <span class='ocrx_word' id='word_1_367' title='bbox 1126 2568 1211 2629; x_wconf 80' lang='lat' dir='ltr'>sicut</span> <span class='ocrx_word' id='word_1_368' title='bbox 1230 2565 1292 2648; x_wconf 66' lang='lat' dir='ltr'>(itti</span> <span class='ocrx_word' id='word_1_369' title='bbox 1312 2563 1518 2637; x_wconf 68' lang='lat' dir='ltr'>operiosius,</span> <span class='ocrx_word' id='word_1_370' title='bbox 1539 2562 1570 2624; x_wconf 79' lang='lat' dir='ltr'>et</span> <span class='ocrx_word' id='word_1_371' title='bbox 1588 2563 1753 2632; x_wconf 77' lang='lat' dir='ltr'>caractere</span> <span class='ocrx_word' id='word_1_372' title='bbox 1766 2564 1805 2626; x_wconf 87' lang='lat' dir='ltr'>io</span> 
     </span>
     <span class='ocr_line' id='line_1_28' title="bbox 37 2645 1805 2732; baseline -0.003 -21"><span class='ocrx_word' id='word_1_373' title='bbox 37 2645 176 2722; x_wconf 80' lang='lat' dir='ltr'>indulte,</span> <span class='ocrx_word' id='word_1_374' title='bbox 200 2647 273 2721; x_wconf 84' lang='lat' dir='ltr'>lum,</span> <span class='ocrx_word' id='word_1_375' title='bbox 295 2647 334 2710; x_wconf 84' lang='lat' dir='ltr'>ln</span> <span class='ocrx_word' id='word_1_376' title='bbox 353 2661 421 2732; x_wconf 80' lang='lat' dir='ltr'>quc</span> <span class='ocrx_word' id='word_1_377' title='bbox 441 2645 591 2710; x_wconf 84' lang='lat' dir='ltr'>tenchrae</span> <span class='ocrx_word' id='word_1_378' title='bbox 611 2663 681 2711; x_wconf 85' lang='lat' dir='ltr'>nau</span> <span class='ocrx_word' id='word_1_379' title='bbox 700 2651 778 2712; x_wconf 87' lang='lat' dir='ltr'>sunt</span> <span class='ocrx_word' id='word_1_380' title='bbox 791 2648 903 2711; x_wconf 71' lang='lat' dir='ltr'>circes</span> <span class='ocrx_word' id='word_1_381' title='bbox 949 2645 1134 2711; x_wconf 84' lang='lat' dir='ltr'>dilectione.</span> <span class='ocrx_word' id='word_1_382' title='bbox 1151 2649 1250 2713; x_wconf 79' lang='lat' dir='ltr'>titirus</span> <span class='ocrx_word' id='word_1_383' title='bbox 1265 2648 1348 2712; x_wconf 89' lang='lat' dir='ltr'>culm</span> <span class='ocrx_word' id='word_1_384' title='bbox 1363 2650 1467 2727; x_wconf 88' lang='lat' dir='ltr'>imegd</span> <span class='ocrx_word' id='word_1_385' title='bbox 1486 2651 1538 2709; x_wconf 91' lang='grc' dir='ltr'>εει</span> <span class='ocrx_word' id='word_1_386' title='bbox 1551 2645 1668 2723; x_wconf 78' lang='lat' dir='ltr'>tetris,</span> <span class='ocrx_word' id='word_1_387' title='bbox 1686 2645 1805 2708; x_wconf 87' lang='lat' dir='ltr'>etima-</span> 
     </span>
     <span class='ocr_line' id='line_1_29' title="bbox 40 2729 1804 2810; baseline -0.001 -18"><span class='ocrx_word' id='word_1_388' title='bbox 40 2733 137 2793; x_wconf 90' lang='lat' dir='ltr'>cuius</span> <span class='ocrx_word' id='word_1_389' title='bbox 155 2730 418 2808; x_wconf 88' lang='lat' dir='ltr'>palchritudinem</span> <span class='ocrx_word' id='word_1_390' title='bbox 435 2729 487 2793; x_wconf 86' lang='lat' dir='ltr'>Sol</span> <span class='ocrx_word' id='word_1_391' title='bbox 504 2737 535 2792; x_wconf 91' lang='grc' dir='ltr'>ει</span> <span class='ocrx_word' id='word_1_392' title='bbox 549 2731 631 2793; x_wconf 88' lang='lat' dir='ltr'>huoa</span> <span class='ocrx_word' id='word_1_393' title='bbox 648 2733 907 2804; x_wconf 65' lang='lat' dir='ltr'>mirantum&#39;ucut</span> <span class='ocrx_word' id='word_1_394' title='bbox 949 2729 1033 2808; x_wconf 84' lang='lat' dir='ltr'>ginis</span> <span class='ocrx_word' id='word_1_395' title='bbox 1055 2735 1150 2794; x_wconf 90' lang='lat' dir='ltr'>totum</span> <span class='ocrx_word' id='word_1_396' title='bbox 1173 2733 1311 2807; x_wconf 90' lang='lat' dir='ltr'>henum,</span> <span class='ocrx_word' id='word_1_397' title='bbox 1334 2736 1368 2794; x_wconf 90' lang='lat' dir='ltr'>ut</span> <span class='ocrx_word' id='word_1_398' title='bbox 1388 2745 1481 2810; x_wconf 86' lang='lat' dir='ltr'>supra</span> <span class='ocrx_word' id='word_1_399' title='bbox 1503 2729 1659 2805; x_wconf 83' lang='lat' dir='ltr'>diximus,</span> <span class='ocrx_word' id='word_1_400' title='bbox 1681 2731 1730 2792; x_wconf 86' lang='grc' dir='ltr'>εει</span> <span class='ocrx_word' id='word_1_401' title='bbox 1746 2742 1804 2792; x_wconf 89' lang='lat' dir='ltr'>sua</span> 
     </span>
     <span class='ocr_line' id='line_1_30' title="bbox 38 2812 1421 2892; baseline 0.001 -18"><span class='ocrx_word' id='word_1_402' title='bbox 38 2814 172 2875; x_wconf 83' lang='lat' dir='ltr'>lucilius</span> <span class='ocrx_word' id='word_1_403' title='bbox 196 2812 457 2892; x_wconf 89' lang='lat' dir='ltr'>pulchritudinem</span> <span class='ocrx_word' id='word_1_404' title='bbox 481 2813 555 2875; x_wconf 90' lang='lat' dir='ltr'>tanti</span> <span class='ocrx_word' id='word_1_405' title='bbox 578 2813 762 2892; x_wconf 81' lang='lat' dir='ltr'>exemplaris</span> <span class='ocrx_word' id='word_1_406' title='bbox 781 2813 904 2882; x_wconf 68' lang='lat' dir='ltr'>imitari,</span> <span class='ocrx_word' id='word_1_407' title='bbox 950 2813 1119 2890; x_wconf 87' lang='lat' dir='ltr'>exemplari</span> <span class='ocrx_word' id='word_1_408' title='bbox 1135 2830 1206 2879; x_wconf 88' lang='lat' dir='ltr'>esse</span> <span class='ocrx_word' id='word_1_409' title='bbox 1221 2814 1421 2878; x_wconf 89' lang='lat' dir='ltr'>simillimam.</span> 
     </span>
     <span class='ocr_line' id='line_1_31' title="bbox 41 2893 1805 2978; baseline -0.002 -20"><span class='ocrx_word' id='word_1_410' title='bbox 41 2897 198 2974; x_wconf 84' lang='lat' dir='ltr'>illiusque</span> <span class='ocrx_word' id='word_1_411' title='bbox 222 2893 456 2958; x_wconf 85' lang='lat' dir='ltr'>similitudinem</span> <span class='ocrx_word' id='word_1_412' title='bbox 483 2897 728 2972; x_wconf 81' lang='lat' dir='ltr'>concupiscere,</span> <span class='ocrx_word' id='word_1_413' title='bbox 752 2901 782 2957; x_wconf 91' lang='lat' dir='ltr'>et</span> <span class='ocrx_word' id='word_1_414' title='bbox 804 2895 906 2958; x_wconf 89' lang='lat' dir='ltr'>modis</span> <span class='ocrx_word' id='word_1_415' title='bbox 990 2894 1058 2959; x_wconf 85' lang='lat' dir='ltr'>tlsl</span> <span class='ocrx_word' id='word_1_416' title='bbox 1075 2896 1153 2959; x_wconf 88' lang='lat' dir='ltr'>hace</span> <span class='ocrx_word' id='word_1_417' title='bbox 1168 2899 1259 2978; x_wconf 88' lang='lat' dir='ltr'>piane</span> <span class='ocrx_word' id='word_1_418' title='bbox 1271 2897 1494 2976; x_wconf 85' lang='lat' dir='ltr'>intelligeres,</span> <span class='ocrx_word' id='word_1_419' title='bbox 1517 2895 1616 2956; x_wconf 90' lang='lat' dir='ltr'>anima</span> <span class='ocrx_word' id='word_1_420' title='bbox 1631 2939 1640 2970; x_wconf 91' lang='lat'>,</span> <span class='ocrx_word' id='word_1_421' title='bbox 1657 2899 1688 2957; x_wconf 92' lang='lat' dir='ltr'>et</span> <span class='ocrx_word' id='word_1_422' title='bbox 1703 2901 1805 2976; x_wconf 78' lang='lat' dir='ltr'>ereru-</span> 
     </span>
     <span class='ocr_line' id='line_1_32' title="bbox 39 2975 1805 3064; baseline -0.003 -23"><span class='ocrx_word' id='word_1_423' title='bbox 39 2979 197 3042; x_wconf 90' lang='lat' dir='ltr'>orunihus</span> <span class='ocrx_word' id='word_1_424' title='bbox 210 2993 377 3056; x_wconf 88' lang='lat' dir='ltr'>procurare</span> <span class='ocrx_word' id='word_1_425' title='bbox 391 2978 504 3052; x_wconf 81' lang='lat' dir='ltr'>valeas,</span> <span class='ocrx_word' id='word_1_426' title='bbox 514 2980 545 3039; x_wconf 93' lang='lat' dir='ltr'>tn</span> <span class='ocrx_word' id='word_1_427' title='bbox 562 2993 620 3054; x_wconf 82' lang='lat' dir='ltr'>uua</span> <span class='ocrx_word' id='word_1_428' title='bbox 634 2994 668 3041; x_wconf 89' lang='lat' dir='ltr'>re</span> <span class='ocrx_word' id='word_1_429' title='bbox 683 2983 742 3040; x_wconf 91' lang='lat' dir='ltr'>tota</span> <span class='ocrx_word' id='word_1_430' title='bbox 759 2978 906 3056; x_wconf 84' lang='lat' dir='ltr'>peucetio</span> <span class='ocrx_word' id='word_1_431' title='bbox 952 2977 1029 3064; x_wconf 85' lang='lat' dir='ltr'>pleri</span> <span class='ocrx_word' id='word_1_432' title='bbox 1047 2984 1097 3040; x_wconf 92' lang='lat' dir='ltr'>tua</span> <span class='ocrx_word' id='word_1_433' title='bbox 1114 2995 1169 3054; x_wconf 90' lang='lat' dir='ltr'>per</span> <span class='ocrx_word' id='word_1_434' title='bbox 1182 2997 1274 3046; x_wconf 82' lang='lat' dir='ltr'>rensc</span> <span class='ocrx_word' id='word_1_435' title='bbox 1289 2979 1482 3060; x_wconf 89' lang='lat' dir='ltr'>sapientiae,</span> <span class='ocrx_word' id='word_1_436' title='bbox 1500 2977 1652 3058; x_wconf 79' lang='lat' dir='ltr'>ceraeque</span> <span class='ocrx_word' id='word_1_437' title='bbox 1668 2975 1805 3038; x_wconf 89' lang='lat' dir='ltr'>iustitiae</span> 
     </span>
     <span class='ocr_line' id='line_1_33' title="bbox 40 3058 1806 3140; baseline -0.003 -15"><span class='ocrx_word' id='word_1_438' title='bbox 40 3070 105 3135; x_wconf 89' lang='lat' dir='ltr'>tua,</span> <span class='ocrx_word' id='word_1_439' title='bbox 123 3067 191 3129; x_wconf 81' lang='lat' dir='ltr'>tcta</span> <span class='ocrx_word' id='word_1_440' title='bbox 207 3063 335 3135; x_wconf 90' lang='lat' dir='ltr'>utilitas,</span> <span class='ocrx_word' id='word_1_441' title='bbox 352 3066 433 3123; x_wconf 90' lang='grc' dir='ltr'>ιειεε</span> <span class='ocrx_word' id='word_1_442' title='bbox 448 3061 661 3134; x_wconf 90' lang='lat' dir='ltr'>haucr,tctum</span> <span class='ocrx_word' id='word_1_443' title='bbox 678 3063 905 3140; x_wconf 78' lang='lat' dir='ltr'>goudiumtou</span> <span class='ocrx_word' id='word_1_444' title='bbox 950 3060 1213 3139; x_wconf 85' lang='lat' dir='ltr'>palchritudinem</span> <span class='ocrx_word' id='word_1_445' title='bbox 1239 3064 1352 3126; x_wconf 85' lang='lat' dir='ltr'>struitis</span> <span class='ocrx_word' id='word_1_446' title='bbox 1376 3059 1484 3125; x_wconf 84' lang='lat' dir='ltr'>silacia</span> <span class='ocrx_word' id='word_1_447' title='bbox 1503 3108 1513 3137; x_wconf 92' lang='lat'>,</span> <span class='ocrx_word' id='word_1_448' title='bbox 1540 3062 1679 3138; x_wconf 84' lang='lat' dir='ltr'>placeres</span> <span class='ocrx_word' id='word_1_449' title='bbox 1704 3058 1806 3122; x_wconf 91' lang='lat' dir='ltr'>oculis</span> 
     </span>
     <span class='ocr_line' id='line_1_34' title="bbox 40 3139 1805 3225; baseline -0.003 -18"><span class='ocrx_word' id='word_1_450' title='bbox 40 3147 150 3222; x_wconf 82' lang='lat' dir='ltr'>quies,</span> <span class='ocrx_word' id='word_1_451' title='bbox 167 3149 265 3207; x_wconf 89' lang='lat' dir='ltr'>totum</span> <span class='ocrx_word' id='word_1_452' title='bbox 289 3143 422 3222; x_wconf 81' lang='lat' dir='ltr'>dentque</span> <span class='ocrx_word' id='word_1_453' title='bbox 444 3144 559 3206; x_wconf 88' lang='lat' dir='ltr'>bouum</span> <span class='ocrx_word' id='word_1_454' title='bbox 583 3151 666 3204; x_wconf 92' lang='lat' dir='ltr'>tuum</span> <span class='ocrx_word' id='word_1_455' title='bbox 685 3146 819 3222; x_wconf 87' lang='lat' dir='ltr'>pesitum</span> <span class='ocrx_word' id='word_1_456' title='bbox 835 3151 904 3206; x_wconf 86' lang='lat' dir='ltr'>cst:</span> <span class='ocrx_word' id='word_1_457' title='bbox 945 3139 1063 3206; x_wconf 86' lang='lat' dir='ltr'>&#39;summi</span> <span class='ocrx_word' id='word_1_458' title='bbox 1079 3145 1182 3225; x_wconf 85' lang='lat' dir='ltr'>liegis,</span> <span class='ocrx_word' id='word_1_459' title='bbox 1207 3152 1319 3225; x_wconf 82' lang='lat' dir='ltr'>quanta</span> <span class='ocrx_word' id='word_1_460' title='bbox 1336 3161 1412 3224; x_wconf 90' lang='lat' dir='ltr'>pace</span> <span class='ocrx_word' id='word_1_461' title='bbox 1427 3142 1599 3211; x_wconf 81' lang='lat' dir='ltr'>trucacrtsl</span> <span class='ocrx_word' id='word_1_462' title='bbox 1614 3159 1676 3220; x_wconf 82' lang='lat' dir='ltr'>auo</span> <span class='ocrx_word' id='word_1_463' title='bbox 1690 3141 1805 3221; x_wconf 90' lang='lat' dir='ltr'>gaudia</span> 
     </span>
     <span class='ocr_line' id='line_1_35' title="bbox 39 3223 1805 3306; baseline -0.003 -15"><span class='ocrx_word' id='word_1_464' title='bbox 39 3227 147 3306; x_wconf 81' lang='lat' dir='ltr'>cogita</span> <span class='ocrx_word' id='word_1_465' title='bbox 170 3223 439 3306; x_wconf 87' lang='lat' dir='ltr'>pulchritudinem</span> <span class='ocrx_word' id='word_1_466' title='bbox 454 3225 506 3289; x_wconf 83' lang='lat' dir='ltr'>liei</span> <span class='ocrx_word' id='word_1_467' title='bbox 530 3227 716 3304; x_wconf 86' lang='lat' dir='ltr'>exemplaris</span> <span class='ocrx_word' id='word_1_468' title='bbox 738 3228 792 3306; x_wconf 88' lang='lat' dir='ltr'>tui,</span> <span class='ocrx_word' id='word_1_469' title='bbox 810 3229 845 3288; x_wconf 89' lang='lat' dir='ltr'>ln</span> <span class='ocrx_word' id='word_1_470' title='bbox 857 3241 905 3290; x_wconf 90' lang='lat' dir='ltr'>sa·</span> <span class='ocrx_word' id='word_1_471' title='bbox 949 3227 1122 3290; x_wconf 74' lang='lat' dir='ltr'>exultares?</span> <span class='ocrx_word' id='word_1_472' title='bbox 1136 3245 1226 3306; x_wconf 81' lang='lat' dir='ltr'>guam</span> <span class='ocrx_word' id='word_1_473' title='bbox 1243 3228 1333 3292; x_wconf 84' lang='lat' dir='ltr'>laclia</span> <span class='ocrx_word' id='word_1_474' title='bbox 1346 3229 1447 3290; x_wconf 90' lang='lat' dir='ltr'>amula</span> <span class='ocrx_word' id='word_1_475' title='bbox 1461 3225 1565 3289; x_wconf 90' lang='lat' dir='ltr'>mundi</span> <span class='ocrx_word' id='word_1_476' title='bbox 1579 3225 1805 3303; x_wconf 86' lang='lat' dir='ltr'>oblectamenta</span> 
     </span>
     <span class='ocr_line' id='line_1_36' title="bbox 40 3308 1807 3392; baseline -0.003 -20"><span class='ocrx_word' id='word_1_477' title='bbox 40 3311 164 3390; x_wconf 88' lang='lat' dir='ltr'>pientia</span> <span class='ocrx_word' id='word_1_478' title='bbox 192 3315 224 3372; x_wconf 88' lang='lat' dir='ltr'>at</span> <span class='ocrx_word' id='word_1_479' title='bbox 247 3310 406 3372; x_wconf 85' lang='lat' dir='ltr'>sanctitate</span> <span class='ocrx_word' id='word_1_480' title='bbox 433 3309 618 3392; x_wconf 83' lang='lat' dir='ltr'>consistere.</span> <span class='ocrx_word' id='word_1_481' title='bbox 642 3308 906 3386; x_wconf 85' lang='lat' dir='ltr'>Quomodo-caim</span> <span class='ocrx_word' id='word_1_482' title='bbox 951 3311 1197 3373; x_wconf 76' lang='lat' dir='ltr'>contemneres?</span> <span class='ocrx_word' id='word_1_483' title='bbox 1217 3316 1321 3374; x_wconf 90' lang='lat' dir='ltr'>contro</span> <span class='ocrx_word' id='word_1_484' title='bbox 1345 3325 1439 3384; x_wconf 86' lang='lat' dir='ltr'>acra,</span> <span class='ocrx_word' id='word_1_485' title='bbox 1463 3311 1489 3372; x_wconf 91' lang='lat' dir='ltr'>sl</span> <span class='ocrx_word' id='word_1_486' title='bbox 1512 3310 1691 3388; x_wconf 86' lang='lat' dir='ltr'>cogitares,</span> <span class='ocrx_word' id='word_1_487' title='bbox 1713 3321 1807 3384; x_wconf 85' lang='lat' dir='ltr'>quarn</span> 
     </span>
     <span class='ocr_line' id='line_1_37' title="bbox 42 3388 1806 3473; baseline -0.004 -17"><span class='ocrx_word' id='word_1_488' title='bbox 42 3392 252 3472; x_wconf 81' lang='lat' dir='ltr'>pulchritudo</span> <span class='ocrx_word' id='word_1_489' title='bbox 277 3391 417 3469; x_wconf 89' lang='lat' dir='ltr'>corporis</span> <span class='ocrx_word' id='word_1_490' title='bbox 431 3407 468 3454; x_wconf 80' lang='grc' dir='ltr'>ει</span> <span class='ocrx_word' id='word_1_491' title='bbox 484 3393 681 3470; x_wconf 86' lang='lat' dir='ltr'>proportione</span> <span class='ocrx_word' id='word_1_492' title='bbox 697 3391 905 3455; x_wconf 87' lang='lat' dir='ltr'>membrorum</span> <span class='ocrx_word' id='word_1_493' title='bbox 951 3391 1153 3456; x_wconf 82' lang='lat' dir='ltr'>uehementer</span> <span class='ocrx_word' id='word_1_494' title='bbox 1174 3394 1351 3473; x_wconf 80' lang='lat' dir='ltr'>indignetur</span> <span class='ocrx_word' id='word_1_495' title='bbox 1364 3393 1472 3469; x_wconf 89' lang='lat' dir='ltr'>Deus,</span> <span class='ocrx_word' id='word_1_496' title='bbox 1490 3409 1558 3454; x_wconf 93' lang='lat' dir='ltr'>curu</span> <span class='ocrx_word' id='word_1_497' title='bbox 1575 3389 1677 3465; x_wconf 86' lang='lat' dir='ltr'>ridet,</span> <span class='ocrx_word' id='word_1_498' title='bbox 1699 3388 1806 3468; x_wconf 89' lang='lat' dir='ltr'>imagi·</span> 
     </span>
     <span class='ocr_line' id='line_1_38' title="bbox 40 3472 1807 3553; baseline -0.003 -15"><span class='ocrx_word' id='word_1_499' title='bbox 40 3484 71 3538; x_wconf 89' lang='grc' dir='ltr'>ει</span> <span class='ocrx_word' id='word_1_500' title='bbox 94 3475 217 3539; x_wconf 89' lang='lat' dir='ltr'>calaris</span> <span class='ocrx_word' id='word_1_501' title='bbox 239 3477 388 3536; x_wconf 84' lang='lat' dir='ltr'>suertutc</span> <span class='ocrx_word' id='word_1_502' title='bbox 408 3480 588 3553; x_wconf 82' lang='lat' dir='ltr'>consurgit:</span> <span class='ocrx_word' id='word_1_503' title='bbox 613 3473 659 3536; x_wconf 91' lang='lat' dir='ltr'>sic</span> <span class='ocrx_word' id='word_1_504' title='bbox 681 3476 712 3536; x_wconf 92' lang='lat' dir='ltr'>ia</span> <span class='ocrx_word' id='word_1_505' title='bbox 735 3475 907 3542; x_wconf 79' lang='lat' dir='ltr'>substantia</span> <span class='ocrx_word' id='word_1_506' title='bbox 951 3473 1030 3536; x_wconf 87' lang='lat' dir='ltr'>uem</span> <span class='ocrx_word' id='word_1_507' title='bbox 1045 3489 1130 3537; x_wconf 87' lang='lat' dir='ltr'>suern</span> <span class='ocrx_word' id='word_1_508' title='bbox 1154 3475 1334 3538; x_wconf 86' lang='lat' dir='ltr'>destitutam·</span> <span class='ocrx_word' id='word_1_509' title='bbox 1352 3477 1421 3538; x_wconf 89' lang='lat' dir='ltr'>loce</span> <span class='ocrx_word' id='word_1_510' title='bbox 1441 3473 1611 3553; x_wconf 87' lang='lat' dir='ltr'>sapientias</span> <span class='ocrx_word' id='word_1_511' title='bbox 1625 3520 1633 3544; x_wconf 91' lang='lat'>,</span> <span class='ocrx_word' id='word_1_512' title='bbox 1648 3478 1681 3533; x_wconf 88' lang='lat' dir='ltr'>el</span> <span class='ocrx_word' id='word_1_513' title='bbox 1695 3472 1807 3533; x_wconf 84' lang='lat' dir='ltr'>deaure</span> 
     </span>
     <span class='ocr_line' id='line_1_39' title="bbox 41 3553 1809 3639; baseline -0.004 -19"><span class='ocrx_word' id='word_1_514' title='bbox 41 3556 339 3637; x_wconf 89' lang='lat' dir='ltr'>spirituali,calaris</span> <span class='ocrx_word' id='word_1_515' title='bbox 354 3557 733 3639; x_wconf 84' lang='lat' dir='ltr'>suarltaslurseptentiac</span> <span class='ocrx_word' id='word_1_516' title='bbox 746 3564 909 3628; x_wconf 80' lang='lat' dir='ltr'>estmem·</span> <span class='ocrx_word' id='word_1_517' title='bbox 952 3556 1099 3627; x_wconf 88' lang='lat' dir='ltr'>iustitiae,</span> <span class='ocrx_word' id='word_1_518' title='bbox 1121 3558 1297 3637; x_wconf 83' lang='lat' dir='ltr'>inquinari,</span> <span class='ocrx_word' id='word_1_519' title='bbox 1315 3556 1455 3635; x_wconf 76' lang='lat' dir='ltr'>laudari,</span> <span class='ocrx_word' id='word_1_520' title='bbox 1473 3554 1647 3628; x_wconf 86' lang='lat' dir='ltr'>obscurari,</span> <span class='ocrx_word' id='word_1_521' title='bbox 1664 3561 1695 3618; x_wconf 91' lang='lat' dir='ltr'>et</span> <span class='ocrx_word' id='word_1_522' title='bbox 1708 3553 1809 3615; x_wconf 90' lang='lat' dir='ltr'>humi·</span> 
     </span>
     <span class='ocr_line' id='line_1_40' title="bbox 43 3637 1838 3722; baseline -0.001 -20"><span class='ocrx_word' id='word_1_523' title='bbox 43 3644 178 3706; x_wconf 78' lang='lat' dir='ltr'>lusorum</span> <span class='ocrx_word' id='word_1_524' title='bbox 202 3639 359 3718; x_wconf 89' lang='lat' dir='ltr'>proportio</span> <span class='ocrx_word' id='word_1_525' title='bbox 380 3640 495 3722; x_wconf 84' lang='lat' dir='ltr'>iustitia</span> <span class='ocrx_word' id='word_1_526' title='bbox 516 3644 586 3701; x_wconf 81' lang='lat' dir='ltr'>est:</span> <span class='ocrx_word' id='word_1_527' title='bbox 609 3640 665 3705; x_wconf 92' lang='lat' dir='ltr'>sed</span> <span class='ocrx_word' id='word_1_528' title='bbox 688 3655 743 3718; x_wconf 92' lang='lat' dir='ltr'>per</span> <span class='ocrx_word' id='word_1_529' title='bbox 763 3639 907 3703; x_wconf 85' lang='lat' dir='ltr'>iustitiam</span> <span class='ocrx_word' id='word_1_530' title='bbox 952 3655 1024 3703; x_wconf 86' lang='lat' dir='ltr'>num</span> <span class='ocrx_word' id='word_1_531' title='bbox 1037 3639 1067 3700; x_wconf 92' lang='lat' dir='ltr'>in</span> <span class='ocrx_word' id='word_1_532' title='bbox 1082 3645 1164 3702; x_wconf 86' lang='lat' dir='ltr'>tante</span> <span class='ocrx_word' id='word_1_533' title='bbox 1177 3642 1452 3722; x_wconf 87' lang='lat' dir='ltr'>hoaurepusltum‚</span> <span class='ocrx_word' id='word_1_534' title='bbox 1467 3637 1806 3707; x_wconf 86' lang='lat' dir='ltr'>utsimtlisossctllea‚</span> <span class='ocrx_word' id='word_1_535' title='bbox 1835 3695 1838 3700; x_wconf 18' lang='lat' dir='ltr'>l</span> 
     </span>
     <span class='ocr_line' id='line_1_41' title="bbox 43 3715 1808 3804; baseline -0.003 -18"><span class='ocrx_word' id='word_1_536' title='bbox 43 3742 107 3786; x_wconf 89' lang='lat' dir='ltr'>nau</span> <span class='ocrx_word' id='word_1_537' title='bbox 124 3729 228 3786; x_wconf 84' lang='lat' dir='ltr'>atrius</span> <span class='ocrx_word' id='word_1_538' title='bbox 242 3715 342 3802; x_wconf 76' lang='lat' dir='ltr'>aliqiia</span> <span class='ocrx_word' id='word_1_539' title='bbox 359 3723 573 3799; x_wconf 83' lang='lat' dir='ltr'>particularis,</span> <span class='ocrx_word' id='word_1_540' title='bbox 587 3724 642 3785; x_wconf 90' lang='lat' dir='ltr'>sed</span> <span class='ocrx_word' id='word_1_541' title='bbox 659 3724 709 3783; x_wconf 91' lang='lat' dir='ltr'>illa</span> <span class='ocrx_word' id='word_1_542' title='bbox 726 3724 909 3786; x_wconf 80' lang='lat' dir='ltr'>universalis</span> <span class='ocrx_word' id='word_1_543' title='bbox 951 3723 1139 3804; x_wconf 82' lang='lat' dir='ltr'>comparari</span> <span class='ocrx_word' id='word_1_544' title='bbox 1151 3719 1409 3788; x_wconf 60' lang='lat' dir='ltr'>naec‘iumeutie</span> <span class='ocrx_word' id='word_1_545' title='bbox 1422 3720 1663 3802; x_wconf 79' lang='lat' dir='ltr'>insipientibus,</span> <span class='ocrx_word' id='word_1_546' title='bbox 1678 3726 1707 3780; x_wconf 91' lang='grc' dir='ltr'>ει</span> <span class='ocrx_word' id='word_1_547' title='bbox 1717 3720 1808 3782; x_wconf 83' lang='lat' dir='ltr'>siuri-</span> 
     </span>
     <span class='ocr_line' id='line_1_42' title="bbox 43 3803 1808 3886; baseline -0.002 -20"><span class='ocrx_word' id='word_1_548' title='bbox 43 3807 247 3886; x_wconf 82' lang='lat' dir='ltr'>iatetligitur,</span> <span class='ocrx_word' id='word_1_549' title='bbox 263 3821 343 3881; x_wconf 81' lang='grc' dir='ltr'>,εεεε</span> <span class='ocrx_word' id='word_1_550' title='bbox 361 3807 487 3868; x_wconf 83' lang='lat' dir='ltr'>virtutes</span> <span class='ocrx_word' id='word_1_551' title='bbox 502 3821 610 3868; x_wconf 87' lang='lat' dir='ltr'>amnas</span> <span class='ocrx_word' id='word_1_552' title='bbox 625 3806 772 3868; x_wconf 90' lang='lat' dir='ltr'>continet.</span> <span class='ocrx_word' id='word_1_553' title='bbox 786 3805 841 3869; x_wconf 89' lang='lat' dir='ltr'>ltlc</span> <span class='ocrx_word' id='word_1_554' title='bbox 854 3805 909 3885; x_wconf 88' lang='lat' dir='ltr'>igi·</span> <span class='ocrx_word' id='word_1_555' title='bbox 952 3806 1016 3868; x_wconf 91' lang='lat' dir='ltr'>tem</span> <span class='ocrx_word' id='word_1_556' title='bbox 1026 3805 1094 3870; x_wconf 79' lang='lat' dir='ltr'>illu</span> <span class='ocrx_word' id='word_1_557' title='bbox 1105 3807 1230 3884; x_wconf 72' lang='lat' dir='ltr'>factum</span> <span class='ocrx_word' id='word_1_558' title='bbox 1244 3821 1322 3878; x_wconf 85' lang='lat' dir='ltr'>esee,</span> <span class='ocrx_word' id='word_1_559' title='bbox 1332 3805 1419 3870; x_wconf 88' lang='lat' dir='ltr'>certe</span> <span class='ocrx_word' id='word_1_560' title='bbox 1432 3808 1587 3871; x_wconf 84' lang='lat' dir='ltr'>horrores.</span> <span class='ocrx_word' id='word_1_561' title='bbox 1601 3811 1631 3866; x_wconf 89' lang='lat' dir='ltr'>et</span> <span class='ocrx_word' id='word_1_562' title='bbox 1641 3803 1808 3864; x_wconf 85' lang='lat' dir='ltr'>contremi-</span> 
     </span>
     <span class='ocr_line' id='line_1_43' title="bbox 44 3887 1808 3967; baseline -0.003 -17"><span class='ocrx_word' id='word_1_563' title='bbox 44 3899 94 3952; x_wconf 92' lang='lat' dir='ltr'>tur</span> <span class='ocrx_word' id='word_1_564' title='bbox 108 3891 244 3967; x_wconf 82' lang='lat' dir='ltr'>spiritus</span> <span class='ocrx_word' id='word_1_565' title='bbox 261 3889 489 3966; x_wconf 85' lang='lat' dir='ltr'>pulcherrimus</span> <span class='ocrx_word' id='word_1_566' title='bbox 503 3897 562 3962; x_wconf 88' lang='lat' dir='ltr'>est,</span> <span class='ocrx_word' id='word_1_567' title='bbox 576 3891 669 3950; x_wconf 91' lang='lat' dir='ltr'>cuius·</span> <span class='ocrx_word' id='word_1_568' title='bbox 680 3905 766 3952; x_wconf 89' lang='lat' dir='ltr'>meos</span> <span class='ocrx_word' id='word_1_569' title='bbox 780 3890 849 3952; x_wconf 86' lang='lat' dir='ltr'>lucc</span> <span class='ocrx_word' id='word_1_570' title='bbox 863 3905 909 3950; x_wconf 76' lang='lat' dir='ltr'>se·</span> <span class='ocrx_word' id='word_1_571' title='bbox 954 3902 1082 3960; x_wconf 88' lang='lat' dir='ltr'>sceres,</span> <span class='ocrx_word' id='word_1_572' title='bbox 1108 3905 1166 3951; x_wconf 91' lang='lat' dir='ltr'>nec</span> <span class='ocrx_word' id='word_1_573' title='bbox 1182 3902 1293 3966; x_wconf 83' lang='lat' dir='ltr'>posses</span> <span class='ocrx_word' id='word_1_574' title='bbox 1308 3889 1371 3954; x_wconf 90' lang='lat' dir='ltr'>ulla</span> <span class='ocrx_word' id='word_1_575' title='bbox 1395 3889 1487 3951; x_wconf 91' lang='lat' dir='ltr'>arado</span> <span class='ocrx_word' id='word_1_576' title='bbox 1506 3889 1689 3962; x_wconf 82' lang='lat' dir='ltr'>quiescere,</span> <span class='ocrx_word' id='word_1_577' title='bbox 1708 3887 1808 3948; x_wconf 88' lang='lat' dir='ltr'>donoc</span> 
     </span>
     <span class='ocr_line' id='line_1_44' title="bbox 44 3969 1807 4054; baseline -0.002 -23"><span class='ocrx_word' id='word_1_578' title='bbox 44 3973 189 4048; x_wconf 78' lang='lat' dir='ltr'>pientiae</span> <span class='ocrx_word' id='word_1_579' title='bbox 205 3972 322 4052; x_wconf 83' lang='lat' dir='ltr'>tutget,</span> <span class='ocrx_word' id='word_1_580' title='bbox 339 3978 370 4035; x_wconf 86' lang='grc' dir='ltr'>ει</span> <span class='ocrx_word' id='word_1_581' title='bbox 384 3971 473 4032; x_wconf 89' lang='lat' dir='ltr'>cuias</span> <span class='ocrx_word' id='word_1_582' title='bbox 490 3973 630 4033; x_wconf 87' lang='lat' dir='ltr'>aolurrtas</span> <span class='ocrx_word' id='word_1_583' title='bbox 652 3973 807 4050; x_wconf 87' lang='lat' dir='ltr'>perlectae</span> <span class='ocrx_word' id='word_1_584' title='bbox 824 3975 910 4034; x_wconf 89' lang='lat' dir='ltr'>lusti·</span> <span class='ocrx_word' id='word_1_585' title='bbox 953 3969 1134 4033; x_wconf 90' lang='lat' dir='ltr'>ilurninihus</span> <span class='ocrx_word' id='word_1_586' title='bbox 1149 3973 1351 4054; x_wconf 73' lang='lat' dir='ltr'>lacrymarum</span> <span class='ocrx_word' id='word_1_587' title='bbox 1368 3988 1406 4033; x_wconf 86' lang='lat' dir='ltr'>ex</span> <span class='ocrx_word' id='word_1_588' title='bbox 1421 3971 1609 4032; x_wconf 86' lang='lat' dir='ltr'>amarissima</span> <span class='ocrx_word' id='word_1_589' title='bbox 1619 3969 1807 4030; x_wconf 89' lang='lat' dir='ltr'>contritione</span> 
     </span>
     <span class='ocr_line' id='line_1_45' title="bbox 47 4051 1807 4132; baseline -0.005 -14"><span class='ocrx_word' id='word_1_590' title='bbox 47 4067 107 4118; x_wconf 84' lang='lat' dir='ltr'>trae</span> <span class='ocrx_word' id='word_1_591' title='bbox 122 4053 323 4130; x_wconf 88' lang='lat' dir='ltr'>plenitudine</span> <span class='ocrx_word' id='word_1_592' title='bbox 336 4054 442 4132; x_wconf 89' lang='lat' dir='ltr'>pollet.</span> <span class='ocrx_word' id='word_1_593' title='bbox 452 4053 535 4116; x_wconf 87' lang='lat' dir='ltr'>Deus</span> <span class='ocrx_word' id='word_1_594' title='bbox 547 4063 647 4116; x_wconf 89' lang='lat' dir='ltr'>eatam</span> <span class='ocrx_word' id='word_1_595' title='bbox 660 4061 759 4131; x_wconf 93' lang='lat' dir='ltr'>tuum,</span> <span class='ocrx_word' id='word_1_596' title='bbox 771 4055 909 4130; x_wconf 77' lang='lat' dir='ltr'>inquam,</span> <span class='ocrx_word' id='word_1_597' title='bbox 954 4055 1151 4116; x_wconf 86' lang='lat' dir='ltr'>manantibus</span> <span class='ocrx_word' id='word_1_598' title='bbox 1168 4057 1305 4118; x_wconf 90' lang='lat' dir='ltr'>maculas</span> <span class='ocrx_word' id='word_1_599' title='bbox 1319 4070 1429 4118; x_wconf 85' lang='lat' dir='ltr'>omues</span> <span class='ocrx_word' id='word_1_600' title='bbox 1444 4054 1652 4130; x_wconf 77' lang='lat' dir='ltr'>absterget-es,</span> <span class='ocrx_word' id='word_1_601' title='bbox 1667 4057 1701 4112; x_wconf 92' lang='grc' dir='ltr'>ει</span> <span class='ocrx_word' id='word_1_602' title='bbox 1712 4051 1749 4112; x_wconf 91' lang='lat' dir='ltr'>ud</span> <span class='ocrx_word' id='word_1_603' title='bbox 1766 4052 1807 4111; x_wconf 92' lang='lat' dir='ltr'>si·</span> 
     </span>
     <span class='ocr_line' id='line_1_46' title="bbox 45 4133 1805 4216; baseline -0.003 -16"><span class='ocrx_word' id='word_1_604' title='bbox 45 4139 224 4216; x_wconf 76' lang='lat' dir='ltr'>exemplar,</span> <span class='ocrx_word' id='word_1_605' title='bbox 238 4135 457 4214; x_wconf 80' lang='lat' dir='ltr'>cauimuipse</span> <span class='ocrx_word' id='word_1_606' title='bbox 472 4138 709 4216; x_wconf 85' lang='lat' dir='ltr'>saptentia,ipsa</span> <span class='ocrx_word' id='word_1_607' title='bbox 722 4139 834 4200; x_wconf 85' lang='lat' dir='ltr'>iustitia</span> <span class='ocrx_word' id='word_1_608' title='bbox 848 4143 907 4210; x_wconf 88' lang='lat' dir='ltr'>est,</span> <span class='ocrx_word' id='word_1_609' title='bbox 953 4138 1159 4200; x_wconf 87' lang='lat' dir='ltr'>militudinem</span> <span class='ocrx_word' id='word_1_610' title='bbox 1182 4139 1382 4215; x_wconf 86' lang='lat' dir='ltr'>pulcherrimi</span> <span class='ocrx_word' id='word_1_611' title='bbox 1405 4138 1591 4213; x_wconf 84' lang='lat' dir='ltr'>exemplaris</span> <span class='ocrx_word' id='word_1_612' title='bbox 1614 4137 1656 4196; x_wconf 92' lang='lat' dir='ltr'>tui</span> <span class='ocrx_word' id='word_1_613' title='bbox 1673 4133 1805 4194; x_wconf 88' lang='lat' dir='ltr'>redires.</span> 
     </span>
     <span class='ocr_line' id='line_1_47' title="bbox 43 4217 1809 4300; baseline -0.003 -18"><span class='ocrx_word' id='word_1_614' title='bbox 43 4239 83 4282; x_wconf 87' lang='lat' dir='ltr'>sc</span> <span class='ocrx_word' id='word_1_615' title='bbox 97 4237 160 4300; x_wconf 89' lang='lat' dir='ltr'>per·</span> <span class='ocrx_word' id='word_1_616' title='bbox 171 4222 306 4299; x_wconf 85' lang='lat' dir='ltr'>haclpsa</span> <span class='ocrx_word' id='word_1_617' title='bbox 318 4217 514 4297; x_wconf 80' lang='lat' dir='ltr'>pulchritudo</span> <span class='ocrx_word' id='word_1_618' title='bbox 526 4227 583 4282; x_wconf 89' lang='grc' dir='ltr'>εει.</span> <span class='ocrx_word' id='word_1_619' title='bbox 596 4220 781 4297; x_wconf 81' lang='lat' dir='ltr'>litaucnlam</span> <span class='ocrx_word' id='word_1_620' title='bbox 795 4224 910 4283; x_wconf 63' lang='lat' dir='ltr'>alacrus</span> <span class='ocrx_word' id='word_1_621' title='bbox 954 4218 1016 4281; x_wconf 88' lang='lat' dir='ltr'>Sed</span> <span class='ocrx_word' id='word_1_622' title='bbox 1033 4219 1102 4294; x_wconf 79' lang='lat' dir='ltr'>duta</span> <span class='ocrx_word' id='word_1_623' title='bbox 1118 4220 1241 4284; x_wconf 90' lang='lat' dir='ltr'>interim</span> <span class='ocrx_word' id='word_1_624' title='bbox 1262 4222 1334 4286; x_wconf 88' lang='lat' dir='ltr'>dara</span> <span class='ocrx_word' id='word_1_625' title='bbox 1352 4219 1560 4298; x_wconf 87' lang='lat' dir='ltr'>peregrinaris</span> <span class='ocrx_word' id='word_1_626' title='bbox 1575 4234 1590 4277; x_wconf 91' lang='lat' dir='ltr'>e</span> <span class='ocrx_word' id='word_1_627' title='bbox 1607 4217 1760 4290; x_wconf 89' lang='lat' dir='ltr'>llomioa,</span> <span class='ocrx_word' id='word_1_628' title='bbox 1778 4219 1809 4278; x_wconf 88' lang='lat' dir='ltr'>et</span> 
     </span>
     <span class='ocr_line' id='line_1_48' title="bbox 44 4298 1808 4385; baseline -0.005 -19"><span class='ocrx_word' id='word_1_629' title='bbox 44 4319 108 4383; x_wconf 83' lang='lat' dir='ltr'>que</span> <span class='ocrx_word' id='word_1_630' title='bbox 123 4309 245 4367; x_wconf 86' lang='lat' dir='ltr'>henum</span> <span class='ocrx_word' id='word_1_631' title='bbox 261 4303 387 4364; x_wconf 90' lang='lat' dir='ltr'>nomine</span> <span class='ocrx_word' id='word_1_632' title='bbox 402 4303 571 4365; x_wconf 89' lang='lat' dir='ltr'>sanctitatis</span> <span class='ocrx_word' id='word_1_633' title='bbox 587 4303 616 4365; x_wconf 89' lang='lat' dir='ltr'>iu</span> <span class='ocrx_word' id='word_1_634' title='bbox 634 4305 801 4382; x_wconf 86' lang='lat' dir='ltr'>scripturis</span> <span class='ocrx_word' id='word_1_635' title='bbox 816 4305 910 4385; x_wconf 89' lang='lat' dir='ltr'>sigui·</span> <span class='ocrx_word' id='word_1_636' title='bbox 951 4301 1121 4381; x_wconf 73' lang='lat' dir='ltr'>pertidum</span> <span class='ocrx_word' id='word_1_637' title='bbox 1136 4303 1297 4380; x_wconf 81' lang='lat' dir='ltr'>ambulas,</span> <span class='ocrx_word' id='word_1_638' title='bbox 1321 4307 1351 4366; x_wconf 80' lang='lat' dir='ltr'>&#39;et</span> <span class='ocrx_word' id='word_1_639' title='bbox 1365 4301 1668 4384; x_wconf 63' lang='lat' dir='ltr'>cicumspectus,</span> <span class='ocrx_word' id='word_1_640' title='bbox 1685 4298 1808 4375; x_wconf 81' lang='lat' dir='ltr'>indiges</span> 
     </span>
     <span class='ocr_line' id='line_1_49' title="bbox 43 4379 1808 4471; baseline -0.003 -25"><span class='ocrx_word' id='word_1_641' title='bbox 43 4389 161 4449; x_wconf 86' lang='lat' dir='ltr'>licetur</span> <span class='ocrx_word' id='word_1_642' title='bbox 176 4433 183 4455; x_wconf 85' lang='lat'>,</span> <span class='ocrx_word' id='word_1_643' title='bbox 201 4385 274 4448; x_wconf 85' lang='lat' dir='ltr'>idea</span> <span class='ocrx_word' id='word_1_644' title='bbox 289 4386 368 4461; x_wconf 87' lang='lat' dir='ltr'>apud</span> <span class='ocrx_word' id='word_1_645' title='bbox 384 4385 619 4462; x_wconf 79' lang='lat' dir='ltr'>iselamungeti</span> <span class='ocrx_word' id='word_1_646' title='bbox 634 4385 706 4471; x_wconf 83' lang='lat' dir='ltr'>lieu</span> <span class='ocrx_word' id='word_1_647' title='bbox 717 4388 908 4448; x_wconf 86' lang='lat' dir='ltr'>acclamant:</span> <span class='ocrx_word' id='word_1_648' title='bbox 954 4385 1103 4448; x_wconf 87' lang='lat' dir='ltr'>continuo</span> <span class='ocrx_word' id='word_1_649' title='bbox 1116 4388 1216 4465; x_wconf 88' lang='lat' dir='ltr'>ipsius</span> <span class='ocrx_word' id='word_1_650' title='bbox 1232 4385 1351 4450; x_wconf 86' lang='lat' dir='ltr'>uamiat</span> <span class='ocrx_word' id='word_1_651' title='bbox 1369 4381 1530 4456; x_wconf 84' lang='lat' dir='ltr'>adiutoria,</span> <span class='ocrx_word' id='word_1_652' title='bbox 1550 4389 1611 4444; x_wconf 90' lang='lat' dir='ltr'>tum</span> <span class='ocrx_word' id='word_1_653' title='bbox 1628 4391 1661 4443; x_wconf 95' lang='lat' dir='ltr'>ut</span> <span class='ocrx_word' id='word_1_654' title='bbox 1676 4383 1705 4442; x_wconf 90' lang='lat' dir='ltr'>ia</span> <span class='ocrx_word' id='word_1_655' title='bbox 1722 4379 1808 4443; x_wconf 62' lang='lat' dir='ltr'>simi*</span> 
     </span>
     <span class='ocr_line' id='line_1_50' title="bbox 42 4463 1808 4549; baseline -0.005 -18"><span class='ocrx_word' id='word_1_656' title='bbox 42 4470 214 4544; x_wconf 81' lang='lat' dir='ltr'>Sanctus,</span> <span class='ocrx_word' id='word_1_657' title='bbox 238 4467 400 4539; x_wconf 86' lang='lat' dir='ltr'>Sanctus,</span> <span class='ocrx_word' id='word_1_658' title='bbox 425 4469 563 4531; x_wconf 84' lang='lat' dir='ltr'>soceros</span> <span class='ocrx_word' id='word_1_659' title='bbox 586 4470 739 4531; x_wconf 86' lang='lat' dir='ltr'>daminus</span> <span class='ocrx_word' id='word_1_660' title='bbox 756 4469 837 4530; x_wconf 74' lang='lat' dir='ltr'>deus</span> <span class='ocrx_word' id='word_1_661' title='bbox 850 4470 909 4532; x_wconf 84' lang='lat' dir='ltr'>So·</span> <span class='ocrx_word' id='word_1_662' title='bbox 953 4467 1083 4531; x_wconf 88' lang='lat' dir='ltr'>titudine</span> <span class='ocrx_word' id='word_1_663' title='bbox 1099 4469 1158 4530; x_wconf 90' lang='lat' dir='ltr'>iam</span> <span class='ocrx_word' id='word_1_664' title='bbox 1174 4471 1322 4549; x_wconf 81' lang='lat' dir='ltr'>acquisita</span> <span class='ocrx_word' id='word_1_665' title='bbox 1340 4483 1533 4548; x_wconf 87' lang='lat' dir='ltr'>permaneas,</span> <span class='ocrx_word' id='word_1_666' title='bbox 1547 4473 1610 4526; x_wconf 87' lang='lat' dir='ltr'>tum</span> <span class='ocrx_word' id='word_1_667' title='bbox 1624 4469 1657 4528; x_wconf 90' lang='lat' dir='ltr'>ul</span> <span class='ocrx_word' id='word_1_668' title='bbox 1670 4463 1808 4543; x_wconf 85' lang='lat' dir='ltr'>quotidie</span> 
     </span>
     <span class='ocr_line' id='line_1_51' title="bbox 42 4547 1808 4630; baseline -0.003 -17"><span class='ocrx_word' id='word_1_669' title='bbox 42 4553 162 4626; x_wconf 82' lang='lat' dir='ltr'>daath,</span> <span class='ocrx_word' id='word_1_670' title='bbox 178 4561 209 4613; x_wconf 87' lang='lat' dir='ltr'>et</span> <span class='ocrx_word' id='word_1_671' title='bbox 221 4550 380 4630; x_wconf 86' lang='lat' dir='ltr'>ipselleus</span> <span class='ocrx_word' id='word_1_672' title='bbox 393 4553 432 4612; x_wconf 93' lang='lat' dir='ltr'>ad</span> <span class='ocrx_word' id='word_1_673' title='bbox 444 4551 596 4630; x_wconf 82' lang='lat' dir='ltr'>imagines</span> <span class='ocrx_word' id='word_1_674' title='bbox 608 4567 680 4613; x_wconf 90' lang='lat' dir='ltr'>suas</span> <span class='ocrx_word' id='word_1_675' title='bbox 692 4552 814 4614; x_wconf 84' lang='lat' dir='ltr'>claruet:</span> <span class='ocrx_word' id='word_1_676' title='bbox 828 4553 910 4614; x_wconf 82' lang='lat' dir='ltr'>Saa-</span> <span class='ocrx_word' id='word_1_677' title='bbox 954 4551 1097 4630; x_wconf 84' lang='lat' dir='ltr'>similior,</span> <span class='ocrx_word' id='word_1_678' title='bbox 1113 4551 1144 4612; x_wconf 92' lang='lat' dir='ltr'>ld</span> <span class='ocrx_word' id='word_1_679' title='bbox 1162 4558 1219 4627; x_wconf 84' lang='lat' dir='ltr'>est,</span> <span class='ocrx_word' id='word_1_680' title='bbox 1239 4554 1412 4626; x_wconf 85' lang='lat' dir='ltr'>tormostur,</span> <span class='ocrx_word' id='word_1_681' title='bbox 1439 4551 1633 4627; x_wconf 82' lang='lat' dir='ltr'>lucidiorque</span> <span class='ocrx_word' id='word_1_682' title='bbox 1655 4547 1808 4621; x_wconf 87' lang='lat' dir='ltr'>reddaris,</span> 
     </span>
     <span class='ocr_line' id='line_1_52' title="bbox 44 4628 1808 4714; baseline -0.003 -18"><span class='ocrx_word' id='word_1_683' title='bbox 44 4638 93 4697; x_wconf 83' lang='lat' dir='ltr'>cti</span> <span class='ocrx_word' id='word_1_684' title='bbox 113 4639 215 4697; x_wconf 89' lang='lat' dir='ltr'>estate</span> <span class='ocrx_word' id='word_1_685' title='bbox 228 4649 243 4708; x_wconf 87' lang='lat'>,·</span> <span class='ocrx_word' id='word_1_686' title='bbox 261 4633 420 4714; x_wconf 73' lang='lat' dir='ltr'>ausuum</span> <span class='ocrx_word' id='word_1_687' title='bbox 441 4649 498 4712; x_wconf 88' lang='lat' dir='ltr'>epa</span> <span class='ocrx_word' id='word_1_688' title='bbox 519 4639 654 4698; x_wconf 85' lang='lat' dir='ltr'>sanctos</span> <span class='ocrx_word' id='word_1_689' title='bbox 666 4649 738 4698; x_wconf 87' lang='lat' dir='ltr'>sum</span> <span class='ocrx_word' id='word_1_690' title='bbox 754 4635 910 4698; x_wconf 84' lang='lat' dir='ltr'>Dominus</span> <span class='ocrx_word' id='word_1_691' title='bbox 955 4633 1126 4710; x_wconf 83' lang='lat' dir='ltr'>ingemisce</span> <span class='ocrx_word' id='word_1_692' title='bbox 1141 4651 1179 4698; x_wconf 89' lang='lat' dir='ltr'>ex</span> <span class='ocrx_word' id='word_1_693' title='bbox 1193 4639 1259 4699; x_wconf 91' lang='lat' dir='ltr'>loto</span> <span class='ocrx_word' id='word_1_694' title='bbox 1273 4634 1418 4702; x_wconf 86' lang='lat' dir='ltr'>ccrdced</span> <span class='ocrx_word' id='word_1_695' title='bbox 1434 4633 1555 4705; x_wconf 86' lang='lat' dir='ltr'>Deum,</span> <span class='ocrx_word' id='word_1_696' title='bbox 1579 4629 1671 4709; x_wconf 82' lang='lat' dir='ltr'>eique</span> <span class='ocrx_word' id='word_1_697' title='bbox 1692 4628 1808 4692; x_wconf 89' lang='lat' dir='ltr'>dicito:</span> 
     </span>
     <span class='ocr_line' id='line_1_53' title="bbox 47 4712 1810 4797; baseline -0.002 -21"><span class='ocrx_word' id='word_1_698' title='bbox 47 4718 134 4780; x_wconf 83' lang='lat' dir='ltr'>licus</span> <span class='ocrx_word' id='word_1_699' title='bbox 149 4723 263 4790; x_wconf 84' lang='lat' dir='ltr'>uester,</span> <span class='ocrx_word' id='word_1_700' title='bbox 277 4724 307 4777; x_wconf 90' lang='lat' dir='ltr'>et</span> <span class='ocrx_word' id='word_1_701' title='bbox 323 4717 352 4777; x_wconf 94' lang='lat' dir='ltr'>in</span> <span class='ocrx_word' id='word_1_702' title='bbox 367 4717 531 4790; x_wconf 77' lang='lat' dir='ltr'>evangetio</span> <span class='ocrx_word' id='word_1_703' title='bbox 545 4717 711 4779; x_wconf 84' lang='lat' dir='ltr'>Dominus:</span> <span class='ocrx_word' id='word_1_704' title='bbox 725 4718 911 4797; x_wconf 78' lang='lat' dir='ltr'>Estatapcr·</span> <span class='ocrx_word' id='word_1_705' title='bbox 955 4713 981 4779; x_wconf 86' lang='lat' dir='ltr'>ii</span> <span class='ocrx_word' id='word_1_706' title='bbox 997 4717 1129 4780; x_wconf 87' lang='lat' dir='ltr'>llomlnc</span> <span class='ocrx_word' id='word_1_707' title='bbox 1151 4725 1257 4781; x_wconf 85' lang='lat' dir='ltr'>sancte</span> <span class='ocrx_word' id='word_1_708' title='bbox 1272 4764 1281 4794; x_wconf 93' lang='lat'>,</span> <span class='ocrx_word' id='word_1_709' title='bbox 1304 4723 1335 4781; x_wconf 90' lang='lat' dir='ltr'>ei</span> <span class='ocrx_word' id='word_1_710' title='bbox 1350 4715 1663 4788; x_wconf 87' lang='lat' dir='ltr'>misericordissime,</span> <span class='ocrx_word' id='word_1_711' title='bbox 1680 4712 1730 4774; x_wconf 93' lang='lat' dir='ltr'>oui</span> <span class='ocrx_word' id='word_1_712' title='bbox 1747 4713 1810 4788; x_wconf 92' lang='lat' dir='ltr'>pla·</span> 
     </span>
     <span class='ocr_line' id='line_1_54' title="bbox 47 4795 1805 4879; baseline -0.004 -16"><span class='ocrx_word' id='word_1_713' title='bbox 47 4803 141 4875; x_wconf 73' lang='lat' dir='ltr'>secti,</span> <span class='ocrx_word' id='word_1_714' title='bbox 160 4803 247 4863; x_wconf 87' lang='lat' dir='ltr'>sicut</span> <span class='ocrx_word' id='word_1_715' title='bbox 261 4799 357 4862; x_wconf 84' lang='lat' dir='ltr'>Pater</span> <span class='ocrx_word' id='word_1_716' title='bbox 368 4806 470 4862; x_wconf 86' lang='lat' dir='ltr'>uester</span> <span class='ocrx_word' id='word_1_717' title='bbox 484 4799 626 4862; x_wconf 78' lang='lat' dir='ltr'>caelestis</span> <span class='ocrx_word' id='word_1_718' title='bbox 640 4800 797 4879; x_wconf 71' lang='lat' dir='ltr'>perfectus</span> <span class='ocrx_word' id='word_1_719' title='bbox 812 4809 869 4864; x_wconf 85' lang='lat' dir='ltr'>est.</span> <span class='ocrx_word' id='word_1_720' title='bbox 956 4805 1030 4868; x_wconf 85' lang='lat' dir='ltr'>cuit.</span> <span class='ocrx_word' id='word_1_721' title='bbox 1047 4799 1127 4861; x_wconf 88' lang='lat' dir='ltr'>hanc</span> <span class='ocrx_word' id='word_1_722' title='bbox 1141 4801 1272 4863; x_wconf 86' lang='lat' dir='ltr'>acimum</span> <span class='ocrx_word' id='word_1_723' title='bbox 1290 4815 1400 4877; x_wconf 89' lang='lat' dir='ltr'>meam,</span> <span class='ocrx_word' id='word_1_724' title='bbox 1414 4798 1579 4878; x_wconf 89' lang='lat' dir='ltr'>imaginem</span> <span class='ocrx_word' id='word_1_725' title='bbox 1596 4795 1805 4876; x_wconf 84' lang='lat' dir='ltr'>tuamiecara,</span> 
     </span>
     <span class='ocr_line' id='line_1_55' title="bbox 30 4878 1809 4968; baseline -0.002 -24"><span class='ocrx_word' id='word_1_726' title='bbox 30 4949 39 4968; x_wconf 52' lang='grc'>,</span> <span class='ocrx_word' id='word_1_727' title='bbox 90 4883 177 4960; x_wconf 82' lang='lat' dir='ltr'>Ergo</span> <span class='ocrx_word' id='word_1_728' title='bbox 193 4884 221 4945; x_wconf 91' lang='lat' dir='ltr'>si</span> <span class='ocrx_word' id='word_1_729' title='bbox 236 4881 325 4960; x_wconf 87' lang='lat' dir='ltr'>cupis</span> <span class='ocrx_word' id='word_1_730' title='bbox 338 4884 457 4956; x_wconf 89' lang='lat' dir='ltr'>anima,</span> <span class='ocrx_word' id='word_1_731' title='bbox 475 4889 507 4944; x_wconf 91' lang='lat' dir='ltr'>ut</span> <span class='ocrx_word' id='word_1_732' title='bbox 521 4897 591 4945; x_wconf 84' lang='lat' dir='ltr'>rere</span> <span class='ocrx_word' id='word_1_733' title='bbox 607 4883 708 4963; x_wconf 84' lang='lat' dir='ltr'>imago</span> <span class='ocrx_word' id='word_1_734' title='bbox 724 4883 791 4957; x_wconf 83' lang='lat' dir='ltr'>liei,</span> <span class='ocrx_word' id='word_1_735' title='bbox 810 4881 913 4945; x_wconf 86' lang='lat' dir='ltr'>erem·</span> <span class='ocrx_word' id='word_1_736' title='bbox 956 4880 1082 4961; x_wconf 79' lang='lat' dir='ltr'>paruae,</span> <span class='ocrx_word' id='word_1_737' title='bbox 1100 4897 1216 4960; x_wconf 79' lang='lat' dir='ltr'>quaeso</span> <span class='ocrx_word' id='word_1_738' title='bbox 1232 4891 1273 4961; x_wconf 92' lang='grc' dir='ltr'>ιε,</span> <span class='ocrx_word' id='word_1_739' title='bbox 1286 4882 1511 4958; x_wconf 81' lang='lat' dir='ltr'>imagunculam</span> <span class='ocrx_word' id='word_1_740' title='bbox 1525 4886 1618 4952; x_wconf 85' lang='lat' dir='ltr'>tuam,</span> <span class='ocrx_word' id='word_1_741' title='bbox 1630 4878 1750 4956; x_wconf 89' lang='lat' dir='ltr'>adauge</span> <span class='ocrx_word' id='word_1_742' title='bbox 1761 4893 1809 4940; x_wconf 88' lang='lat' dir='ltr'>sa-</span> 
     </span>
     <span class='ocr_line' id='line_1_56' title="bbox 47 4961 1809 5046; baseline -0.002 -22"><span class='ocrx_word' id='word_1_743' title='bbox 47 4967 129 5043; x_wconf 86' lang='lat' dir='ltr'>ptari</span> <span class='ocrx_word' id='word_1_744' title='bbox 149 4973 204 5028; x_wconf 90' lang='lat' dir='ltr'>tuo</span> <span class='ocrx_word' id='word_1_745' title='bbox 219 4981 311 5044; x_wconf 81' lang='lat' dir='ltr'>auam</span> <span class='ocrx_word' id='word_1_746' title='bbox 326 4965 480 5031; x_wconf 86' lang='lat' dir='ltr'>simillima</span> <span class='ocrx_word' id='word_1_747' title='bbox 495 4965 586 5040; x_wconf 87' lang='lat' dir='ltr'>iteri,</span> <span class='ocrx_word' id='word_1_748' title='bbox 609 4972 730 5041; x_wconf 87' lang='lat' dir='ltr'>oportet</span> <span class='ocrx_word' id='word_1_749' title='bbox 747 4973 775 5028; x_wconf 90' lang='grc' dir='ltr'>ιε</span> <span class='ocrx_word' id='word_1_750' title='bbox 790 4969 913 5044; x_wconf 84' lang='lat' dir='ltr'>sapten-</span> <span class='ocrx_word' id='word_1_751' title='bbox 957 4963 1101 5044; x_wconf 86' lang='lat' dir='ltr'>pientiam</span> <span class='ocrx_word' id='word_1_752' title='bbox 1114 5013 1122 5041; x_wconf 88' lang='lat'>‚</span> <span class='ocrx_word' id='word_1_753' title='bbox 1133 4967 1258 5046; x_wconf 85' lang='lat' dir='ltr'>&#39;adauge</span> <span class='ocrx_word' id='word_1_754' title='bbox 1272 4968 1437 5040; x_wconf 86' lang='lat' dir='ltr'>iustitiam,</span> <span class='ocrx_word' id='word_1_755' title='bbox 1454 4963 1610 5026; x_wconf 89' lang='lat' dir='ltr'>absconde</span> <span class='ocrx_word' id='word_1_756' title='bbox 1625 4975 1693 5024; x_wconf 91' lang='lat' dir='ltr'>eam</span> <span class='ocrx_word' id='word_1_757' title='bbox 1709 4961 1741 5021; x_wconf 94' lang='lat' dir='ltr'>in</span> <span class='ocrx_word' id='word_1_758' title='bbox 1757 4961 1809 5022; x_wconf 90' lang='lat' dir='ltr'>ab·</span> 
     </span>
     <span class='ocr_line' id='line_1_57' title="bbox 48 5043 1809 5126; baseline -0.003 -18"><span class='ocrx_word' id='word_1_759' title='bbox 48 5051 124 5110; x_wconf 86' lang='lat' dir='ltr'>tiam</span> <span class='ocrx_word' id='word_1_760' title='bbox 143 5054 176 5111; x_wconf 88' lang='lat' dir='ltr'>et</span> <span class='ocrx_word' id='word_1_761' title='bbox 190 5048 339 5111; x_wconf 90' lang='lat' dir='ltr'>iustitiam</span> <span class='ocrx_word' id='word_1_762' title='bbox 363 5063 436 5126; x_wconf 89' lang='lat' dir='ltr'>prae</span> <span class='ocrx_word' id='word_1_763' title='bbox 451 5048 596 5122; x_wconf 86' lang='lat' dir='ltr'>amnibus</span> <span class='ocrx_word' id='word_1_764' title='bbox 619 5048 713 5111; x_wconf 86' lang='lat' dir='ltr'>rebus</span> <span class='ocrx_word' id='word_1_765' title='bbox 728 5065 842 5112; x_wconf 84' lang='lat' dir='ltr'>amare.</span> <span class='ocrx_word' id='word_1_766' title='bbox 859 5049 912 5111; x_wconf 85' lang='lat' dir='ltr'>Su·</span> <span class='ocrx_word' id='word_1_767' title='bbox 956 5048 1099 5110; x_wconf 87' lang='lat' dir='ltr'>scandito</span> <span class='ocrx_word' id='word_1_768' title='bbox 1122 5049 1311 5114; x_wconf 83' lang='lat' dir='ltr'>tabernaculi</span> <span class='ocrx_word' id='word_1_769' title='bbox 1335 5048 1400 5116; x_wconf 82' lang='lat' dir='ltr'>tui.</span> <span class='ocrx_word' id='word_1_770' title='bbox 1426 5055 1458 5110; x_wconf 93' lang='lat' dir='ltr'>ui</span> <span class='ocrx_word' id='word_1_771' title='bbox 1480 5061 1581 5124; x_wconf 86' lang='lat' dir='ltr'>nequa</span> <span class='ocrx_word' id='word_1_772' title='bbox 1597 5046 1661 5125; x_wconf 91' lang='lat' dir='ltr'>lato</span> <span class='ocrx_word' id='word_1_773' title='bbox 1676 5043 1809 5106; x_wconf 88' lang='lat' dir='ltr'>carnalis</span> 
     </span>
     <span class='ocr_line' id='line_1_58' title="bbox 50 5127 1808 5210; baseline -0.003 -17"><span class='ocrx_word' id='word_1_774' title='bbox 50 5133 172 5208; x_wconf 86' lang='lat' dir='ltr'>pientia</span> <span class='ocrx_word' id='word_1_775' title='bbox 190 5146 260 5194; x_wconf 85' lang='lat' dir='ltr'>aare</span> <span class='ocrx_word' id='word_1_776' title='bbox 276 5137 323 5193; x_wconf 91' lang='lat' dir='ltr'>est</span> <span class='ocrx_word' id='word_1_777' title='bbox 338 5132 475 5194; x_wconf 85' lang='lat' dir='ltr'>iudicare</span> <span class='ocrx_word' id='word_1_778' title='bbox 487 5131 526 5194; x_wconf 91' lang='lat' dir='ltr'>de</span> <span class='ocrx_word' id='word_1_779' title='bbox 539 5132 633 5197; x_wconf 87' lang='lat' dir='ltr'>rebus</span> <span class='ocrx_word' id='word_1_780' title='bbox 644 5131 789 5194; x_wconf 90' lang='lat' dir='ltr'>omnihus</span> <span class='ocrx_word' id='word_1_781' title='bbox 803 5147 914 5195; x_wconf 89' lang='lat' dir='ltr'>secun·</span> <span class='ocrx_word' id='word_1_782' title='bbox 958 5132 1241 5210; x_wconf 88' lang='lat' dir='ltr'>concupiscentiae,</span> <span class='ocrx_word' id='word_1_783' title='bbox 1265 5147 1366 5208; x_wconf 83' lang='lat' dir='ltr'>neque</span> <span class='ocrx_word' id='word_1_784' title='bbox 1383 5131 1465 5194; x_wconf 87' lang='lat' dir='ltr'>tuma</span> <span class='ocrx_word' id='word_1_785' title='bbox 1481 5127 1653 5191; x_wconf 89' lang='lat' dir='ltr'>saecularis</span> <span class='ocrx_word' id='word_1_786' title='bbox 1669 5128 1808 5197; x_wconf 85' lang='lat' dir='ltr'>nonoris,</span> 
     </span>
     <span class='ocr_line' id='line_1_59' title="bbox 49 5209 1809 5296; baseline -0.002 -20"><span class='ocrx_word' id='word_1_787' title='bbox 49 5217 129 5276; x_wconf 89' lang='lat' dir='ltr'>dum</span> <span class='ocrx_word' id='word_1_788' title='bbox 153 5211 337 5278; x_wconf 88' lang='lat' dir='ltr'>altissimam</span> <span class='ocrx_word' id='word_1_789' title='bbox 361 5229 484 5277; x_wconf 86' lang='lat' dir='ltr'>causam</span> <span class='ocrx_word' id='word_1_790' title='bbox 499 5261 507 5287; x_wconf 88' lang='lat'>,</span> <span class='ocrx_word' id='word_1_791' title='bbox 521 5215 678 5281; x_wconf 78' lang='lat' dir='ltr'>&#39;altissime</span> <span class='ocrx_word' id='word_1_792' title='bbox 693 5229 785 5277; x_wconf 87' lang='lat' dir='ltr'>cause</span> <span class='ocrx_word' id='word_1_793' title='bbox 801 5223 848 5277; x_wconf 90' lang='lat' dir='ltr'>est</span> <span class='ocrx_word' id='word_1_794' title='bbox 863 5231 913 5278; x_wconf 90' lang='lat' dir='ltr'>ao·</span> <span class='ocrx_word' id='word_1_795' title='bbox 959 5228 1060 5292; x_wconf 83' lang='lat' dir='ltr'>neque</span> <span class='ocrx_word' id='word_1_796' title='bbox 1076 5216 1212 5292; x_wconf 68' lang='lat' dir='ltr'>&#39;putrere</span> <span class='ocrx_word' id='word_1_797' title='bbox 1239 5221 1428 5296; x_wconf 86' lang='lat' dir='ltr'>terrenarum</span> <span class='ocrx_word' id='word_1_798' title='bbox 1454 5211 1671 5291; x_wconf 88' lang='lat' dir='ltr'>cogitationum</span> <span class='ocrx_word' id='word_1_799' title='bbox 1693 5209 1809 5288; x_wconf 71' lang='lat' dir='ltr'>laedar-i</span> 
     </span>
     <span class='ocr_line' id='line_1_60' title="bbox 48 5293 1518 5377; baseline 0 -20"><span class='ocrx_word' id='word_1_800' title='bbox 48 5296 158 5359; x_wconf 87' lang='lat' dir='ltr'>tuntas</span> <span class='ocrx_word' id='word_1_801' title='bbox 174 5297 299 5367; x_wconf 81' lang='lat' dir='ltr'>divina,</span> <span class='ocrx_word' id='word_1_802' title='bbox 316 5297 381 5359; x_wconf 88' lang='lat' dir='ltr'>sirc</span> <span class='ocrx_word' id='word_1_803' title='bbox 404 5299 475 5370; x_wconf 87' lang='lat' dir='ltr'>lex,</span> <span class='ocrx_word' id='word_1_804' title='bbox 498 5293 577 5376; x_wconf 79' lang='lat' dir='ltr'>queo</span> <span class='ocrx_word' id='word_1_805' title='bbox 592 5299 776 5361; x_wconf 82' lang='lat' dir='ltr'>voluntatem</span> <span class='ocrx_word' id='word_1_806' title='bbox 790 5297 843 5362; x_wconf 86' lang='lat' dir='ltr'>liet</span> <span class='ocrx_word' id='word_1_807' title='bbox 859 5300 912 5361; x_wconf 90' lang='lat' dir='ltr'>ho·</span> <span class='ocrx_word' id='word_1_808' title='bbox 957 5295 1175 5377; x_wconf 65' lang='lat' dir='ltr'>saleutsatgue</span> <span class='ocrx_word' id='word_1_809' title='bbox 1192 5299 1342 5371; x_wconf 82' lang='lat' dir='ltr'>hactenus</span> <span class='ocrx_word' id='word_1_810' title='bbox 1357 5297 1396 5360; x_wconf 91' lang='lat' dir='ltr'>da</span> <span class='ocrx_word' id='word_1_811' title='bbox 1411 5295 1518 5359; x_wconf 89' lang='lat' dir='ltr'>torma.</span> 
     </span>
     <span class='ocr_line' id='line_1_61' title="bbox 49 5374 1810 5458; baseline -0.003 -18"><span class='ocrx_word' id='word_1_812' title='bbox 49 5381 194 5444; x_wconf 84' lang='lat' dir='ltr'>minibus</span> <span class='ocrx_word' id='word_1_813' title='bbox 223 5378 405 5443; x_wconf 90' lang='lat' dir='ltr'>manilestat.</span> <span class='ocrx_word' id='word_1_814' title='bbox 428 5380 535 5457; x_wconf 81' lang='lat' dir='ltr'>ltaque</span> <span class='ocrx_word' id='word_1_815' title='bbox 556 5381 583 5442; x_wconf 90' lang='lat' dir='ltr'>si</span> <span class='ocrx_word' id='word_1_816' title='bbox 605 5381 787 5458; x_wconf 83' lang='lat' dir='ltr'>sapientiam</span> <span class='ocrx_word' id='word_1_817' title='bbox 811 5397 915 5456; x_wconf 80' lang='lat' dir='ltr'>emas,</span> <span class='ocrx_word' id='word_1_818' title='bbox 958 5409 962 5420; x_wconf 94' lang='lat'><em>·</em></span> <span class='ocrx_word' id='word_1_819' title='bbox 1000 5377 1104 5444; x_wconf 84' lang='lat' dir='ltr'>Restat</span> <span class='ocrx_word' id='word_1_820' title='bbox 1120 5381 1223 5458; x_wconf 83' lang='lat' dir='ltr'>ultima</span> <span class='ocrx_word' id='word_1_821' title='bbox 1240 5389 1344 5450; x_wconf 85' lang='lat' dir='ltr'>deuse,</span> <span class='ocrx_word' id='word_1_822' title='bbox 1357 5393 1436 5458; x_wconf 86' lang='lat' dir='ltr'>quae</span> <span class='ocrx_word' id='word_1_823' title='bbox 1450 5375 1656 5441; x_wconf 82' lang='lat' dir='ltr'>tinisdlcitur.</span> <span class='ocrx_word' id='word_1_824' title='bbox 1670 5376 1761 5438; x_wconf 76' lang='lat' dir='ltr'>l’orru</span> <span class='ocrx_word' id='word_1_825' title='bbox 1776 5374 1810 5436; x_wconf 89' lang='lat' dir='ltr'>ll-</span> 
     </span>
     <span class='ocr_line' id='line_1_62' title="bbox 51 5459 1809 5544; baseline -0.003 -19"><span class='ocrx_word' id='word_1_826' title='bbox 51 5470 178 5540; x_wconf 89' lang='lat' dir='ltr'>opartet</span> <span class='ocrx_word' id='word_1_827' title='bbox 196 5468 227 5524; x_wconf 93' lang='grc' dir='ltr'>ιε</span> <span class='ocrx_word' id='word_1_828' title='bbox 242 5463 274 5524; x_wconf 88' lang='grc' dir='ltr'>ιε</span> <span class='ocrx_word' id='word_1_829' title='bbox 290 5463 384 5526; x_wconf 85' lang='lat' dir='ltr'>rebus</span> <span class='ocrx_word' id='word_1_830' title='bbox 399 5463 543 5526; x_wconf 90' lang='lat' dir='ltr'>omnibus</span> <span class='ocrx_word' id='word_1_831' title='bbox 566 5465 755 5527; x_wconf 79' lang='lat' dir='ltr'>hunaudus</span> <span class='ocrx_word' id='word_1_832' title='bbox 776 5464 849 5541; x_wconf 82' lang='lat' dir='ltr'>auid</span> <span class='ocrx_word' id='word_1_833' title='bbox 866 5465 914 5527; x_wconf 80' lang='lat' dir='ltr'>lex</span> <span class='ocrx_word' id='word_1_834' title='bbox 958 5461 1030 5535; x_wconf 91' lang='lat' dir='ltr'>nis,</span> <span class='ocrx_word' id='word_1_835' title='bbox 1053 5462 1091 5526; x_wconf 86' lang='lat' dir='ltr'>ad</span> <span class='ocrx_word' id='word_1_836' title='bbox 1113 5479 1204 5544; x_wconf 83' lang='lat' dir='ltr'>quern</span> <span class='ocrx_word' id='word_1_837' title='bbox 1227 5468 1348 5526; x_wconf 88' lang='lat' dir='ltr'>creatus</span> <span class='ocrx_word' id='word_1_838' title='bbox 1369 5469 1417 5524; x_wconf 89' lang='lat' dir='ltr'>est</span> <span class='ocrx_word' id='word_1_839' title='bbox 1439 5462 1553 5537; x_wconf 89' lang='lat' dir='ltr'>homo,</span> <span class='ocrx_word' id='word_1_840' title='bbox 1576 5475 1637 5522; x_wconf 91' lang='lat' dir='ltr'>nau</span> <span class='ocrx_word' id='word_1_841' title='bbox 1657 5459 1736 5520; x_wconf 88' lang='lat' dir='ltr'>alius</span> <span class='ocrx_word' id='word_1_842' title='bbox 1750 5464 1809 5537; x_wconf 89' lang='lat' dir='ltr'>est,</span> 
     </span>
     <span class='ocr_line' id='line_1_63' title="bbox 50 5537 1811 5625; baseline -0.001 -20"><span class='ocrx_word' id='word_1_843' title='bbox 50 5548 160 5610; x_wconf 82' lang='lat' dir='ltr'>caruis</span> <span class='ocrx_word' id='word_1_844' title='bbox 184 5541 303 5619; x_wconf 88' lang='lat' dir='ltr'>dictet,</span> <span class='ocrx_word' id='word_1_845' title='bbox 326 5546 401 5625; x_wconf 82' lang='lat' dir='ltr'>quid</span> <span class='ocrx_word' id='word_1_846' title='bbox 416 5561 530 5609; x_wconf 89' lang='lat' dir='ltr'>seusus</span> <span class='ocrx_word' id='word_1_847' title='bbox 545 5546 683 5609; x_wconf 91' lang='lat' dir='ltr'>iudicent</span> <span class='ocrx_word' id='word_1_848' title='bbox 697 5561 768 5610; x_wconf 87' lang='lat' dir='ltr'>erse</span> <span class='ocrx_word' id='word_1_849' title='bbox 785 5547 912 5622; x_wconf 89' lang='lat' dir='ltr'>honum,</span> <span class='ocrx_word' id='word_1_850' title='bbox 957 5559 1048 5619; x_wconf 82' lang='lat' dir='ltr'>auem</span> <span class='ocrx_word' id='word_1_851' title='bbox 1065 5547 1133 5621; x_wconf 89' lang='lat' dir='ltr'>ipse</span> <span class='ocrx_word' id='word_1_852' title='bbox 1156 5547 1237 5610; x_wconf 93' lang='lat' dir='ltr'>ldarn</span> <span class='ocrx_word' id='word_1_853' title='bbox 1253 5545 1347 5610; x_wconf 87' lang='lat' dir='ltr'>lleus.</span> <span class='ocrx_word' id='word_1_854' title='bbox 1370 5545 1429 5609; x_wconf 86' lang='lat' dir='ltr'>Sed</span> <span class='ocrx_word' id='word_1_855' title='bbox 1452 5545 1521 5624; x_wconf 83' lang='lat' dir='ltr'>quia</span> <span class='ocrx_word' id='word_1_856' title='bbox 1538 5541 1651 5622; x_wconf 82' lang='lat' dir='ltr'>duplex</span> <span class='ocrx_word' id='word_1_857' title='bbox 1666 5545 1714 5604; x_wconf 89' lang='lat' dir='ltr'>cst</span> <span class='ocrx_word' id='word_1_858' title='bbox 1727 5537 1811 5614; x_wconf 75' lang='lat' dir='ltr'>unas,</span> 
     </span>
     <span class='ocr_line' id='line_1_64' title="bbox 55 5629 1811 5710; baseline -0.003 -18"><span class='ocrx_word' id='word_1_859' title='bbox 55 5629 134 5709; x_wconf 83' lang='lat' dir='ltr'>quid</span> <span class='ocrx_word' id='word_1_860' title='bbox 151 5632 289 5692; x_wconf 91' lang='lat' dir='ltr'>muudus</span> <span class='ocrx_word' id='word_1_861' title='bbox 305 5629 435 5706; x_wconf 87' lang='lat' dir='ltr'>probat,</span> <span class='ocrx_word' id='word_1_862' title='bbox 459 5629 532 5710; x_wconf 89' lang='lat' dir='ltr'>quid</span> <span class='ocrx_word' id='word_1_863' title='bbox 556 5632 675 5710; x_wconf 88' lang='lat' dir='ltr'>cognati</span> <span class='ocrx_word' id='word_1_864' title='bbox 692 5631 862 5707; x_wconf 87' lang='lat' dir='ltr'>suadeant,</span> <span class='ocrx_word' id='word_1_865' title='bbox 880 5646 915 5694; x_wconf 87' lang='lat' dir='ltr'>ac</span> <span class='ocrx_word' id='word_1_866' title='bbox 958 5630 1034 5693; x_wconf 87' lang='lat' dir='ltr'>altor</span> <span class='ocrx_word' id='word_1_867' title='bbox 1046 5629 1714 5705; x_wconf 67' lang='lat' dir='ltr'>intiioseaus,elterextrinsecusutrumaus</span> <span class='ocrx_word' id='word_1_868' title='bbox 1727 5639 1811 5688; x_wconf 88' lang='lat' dir='ltr'>seur·</span> 
     </span>
    </p>
   </div>
   <div class='ocr_carea' id='block_1_3' title="bbox 166 5725 1672 5791">
    <p class='ocr_par' dir='ltr' id='par_1_3' title="bbox 166 5725 1672 5791">
     <span class='ocr_line' id='line_1_65' title="bbox 166 5725 1672 5791; baseline 0.005 -5"><span class='ocrx_word' id='word_1_869' title='bbox 166 5729 329 5790; x_wconf 82' lang='grc' dir='ltr'>Βειιιιειιεε</span> <span class='ocrx_word' id='word_1_870' title='bbox 342 5731 401 5791; x_wconf 86' lang='lat' dir='ltr'>tot.</span> <span class='ocrx_word' id='word_1_871' title='bbox 417 5731 460 5789; x_wconf 79' lang='lat' dir='ltr'>i&#39;l.</span> <span class='ocrx_word' id='word_1_872' title='bbox 1637 5725 1672 5782; x_wconf 72' lang='lat'>28</span> 
     </span>
    </p>
   </div>
   <div class='ocr_carea' id='block_1_4' title="bbox 0 0 2040 6242">
    <p class='ocr_par' dir='ltr' id='par_1_4' title="bbox 0 0 2040 6242">
     <span class='ocr_line' id='line_1_66' title="bbox 0 0 2040 6242; baseline 0 0"><span class='ocrx_word' id='word_1_873' title='bbox 0 0 2040 6242; x_wconf 95' lang='lat' dir='ltr'> </span> 
     </span>
    </p>
   </div>
  </div>
 </body>
</html>
