4056 6260
279 249 336 314 ω
883 247 932 307 DE
952 247 1095 310 cultile
1113 246 1308 308 cohortere

208 379 262 446 rtis
283 381 321 446 in
343 377 523 448 libertatem
544 379 669 462 phmoe
682 375 828 456 filiorum
847 376 916 440 Dei.
939 375 1065 440 Scimus
1111 378 1183 444 mat,
1197 374 1324 437 etdicit:
1341 373 1464 439 Delicta
1485 377 1557 458 quia
1577 375 1757 458 intellipit?
1780 373 1819 440 cb
1834 371 1993 440 occultis

208 466 296 530 enim
309 467 397 548 qood
412 468 517 531 omnis
532 474 683 530 creatore
696 463 892 543 inpemisct't,
909 469 938 524 οι
953 465 1065 540 porto·
1097 458 1190 526 ,meis
1205 461 1332 523 mundo
1348 477 1397 524 me
1412 460 1559 527 Domine.
1577 463 1667 536 Quasi
1684 462 1789 524 dicere
1803 463 1919 532 veltet,
1943 461 1993 520 tot

207 551 364 632 ritusque
379 552 500 616 adhuc.
517 550 600 625 Quae
612 551 713 622 omnia
730 549 805 610 satis
817 555 922 625 aperte
938 551 1065 606 demon·
1111 557 1182 604 esse
1199 551 1300 605 nostru
1318 546 1641 610 delletautnumerari
1657 563 1716 608 non
1734 544 1870 626 possint:
1888 557 1994 622 prae·

207 641 371 708 strant,res
386 653 494 700 omnes
509 639 627 697 creatas
640 635 868 712 quodammodo
879 643 971 710 aegre
985 627 1065 692 terre
1111 629 1217 686 sertim
1234 644 1303 688 cum
1318 631 1409 691 multa
1426 632 1489 692 sint
1505 631 1593 694 nobis
1610 631 1741 703 occulta,
1766 643 1846 707 quae
1863 627 1994 690 oeulos

208 724 240 782 et
254 721 383 782 cruciari
397 720 479 797 ouod
491 721 606 783 servire
621 723 770 796 cogantur
786 709 1011 792 peccatoribus.
1029 713 1067 774 Et
1110 708 1165 772 Dei
1183 725 1243 772 non
1260 712 1391 790 tugiunt,
1416 716 1555 794 quemvis
1570 715 1678 777 oculos
1701 722 1824 776 nostros
1840 711 1990 789 tugiunt.

209 809 372 881 propterea
389 804 498 866 mirum
518 819 577 864 uon
595 801 684 874 est,si
697 801 726 860 in
745 807 883 876 ternpore
898 795 1065 860 novissimo
1099 793 1188 854 stirne
1203 794 1313 857 beatus
1335 795 1501 874 Apostolus
1523 800 1613 862 etiam
1638 799 1768 860 clamat:
1788 795 1880 858 hehet
1896 792 1991 856 milti

209 885 383 951 taeuttatea
400 888 465 950 Deo
480 889 624 966 acceptu.
649 883 797 963 pugnabit
819 899 887 944 eum
912 883 964 943 itio
980 879 1066 942 orbis
1111 878 1260 940 conscius
1274 896 1359 956 sum,
1375 883 1432 944 aed
1447 899 1515 946 non
1529 885 1567 945 in
1581 881 1642 945 hoc
1661 880 1857 958 iustificetur
1874 894 1987 942 amm:

209 973 358 1048 terrerum
371 977 477 1034 contra
489 971 676 1032 insensatos
690 969 848 1042 Praeterea
863 963 989 1042 ollendit
1001 967 1066 1024 ani·
1111 963 1171 1040 qui
1185 967 1273 1024 anim
1287 963 1415 1028 iudicet
1427 982 1489 1043 me,
1502 964 1659 1029 Dominus
1671 968 1782 1044 est,qui
1801 965 1901 1026 multa
1919 963 1986 1024 lor·

208 1067 287 1130 mas,
304 1070 383 1132 quae
398 1054 430 1117 iu
444 1053 620 1133 Purgatorio
643 1052 776 1130 degunt,
802 1051 873 1124 quia
895 1054 991 1126 privat
1013 1063 1066 1110 eas
1113 1051 1194 1107 tasse
1208 1050 1431 1125 deprehendet,
1448 1060 1477 1112 et
1489 1053 1697 1128 reprehendet
1712 1053 1742 1111 in
1755 1063 1909 1126 menuae
1923 1059 1987 1124 ego

209 1135 377 1218 suffragiis,
394 1138 507 1214 quihus
523 1135 694 1216 refrigerari
712 1140 848 1212 possent,
874 1133 902 1202 si
914 1135 1005 1194 homo
1019 1131 1065 1194 iu·
1112 1143 1173 1189 uon
1191 1133 1411 1208 reprehendo,
1428 1134 1497 1212 ouia
1521 1151 1582 1196 nou
1598 1134 1812 1210 deprehendo.
1832 1133 1917 1204 Quis
1935 1145 1984 1192 sn·

210 1224 277 1284 stus
293 1228 387 1284 esset.
403 1219 480 1284 Item
499 1218 628 1283 offendet
649 1218 784 1296 Angelos
806 1221 941 1300 sanctos,
958 1222 988 1277 et
1003 1216 1066 1275 ani·
1111 1210 1201 1289 piens
1218 1214 1297 1276 hauc
1312 1221 1421 1278 tantam
1438 1217 1595 1286 miseriam
1620 1234 1680 1283 non
1702 1217 1911 1280 vehementer
1928 1215 1984 1276 de·

209 1317 275 1367 mas
290 1304 540 1382 beatasouibus
556 1319 618 1364 noo
632 1303 735 1364 minus
747 1299 892 1376 displicet
906 1306 1065 1378 peccatum
1112 1296 1240 1372 ptorett
1266 1297 1325 1360 Sed
1353 1299 1505 1376 Propheta
1532 1300 1628 1364 Darid
1659 1303 1759 1382 pergit
1785 1301 1824 1362 ad
1846 1296 1985 1372 maiora,

207 1401 334 1454 norum.
352 1402 442 1466 quam
460 1391 561 1466 placet
577 1401 654 1447 nore
669 1387 831 1447 conversio
847 1389 1039 1460 peccatorum
1056 1398 1065 1442 ε
1112 1380 1228 1457 quippe
1244 1384 1295 1460 qui
1310 1383 1410 1444 dirina
1425 1386 1493 1446 luca
1508 1385 1700 1462 illustratus,
1726 1385 1820 1446 multa
1836 1380 1985 1456 ridebat,

208 1467 371 1535 (ineditam
386 1473 474 1534 enim
489 1478 534 1533 eat
544 1471 582 1533 tn
597 1468 687 1532 coelo
699 1483 797 1546 snper
811 1482 878 1529 uno
898 1471 1066 1545 peccatore
1111 1477 1190 1537 quae
1205 1465 1319 1526 nostris
1334 1468 1472 1531 tenebris
1485 1469 1573 1531 ratde
1588 1471 1716 1544 minuta,
1730 1473 1782 1530 aut
1795 1465 1891 1529 atium
1910 1464 1983 1527 nul·

202 1555 577 1634 poenitenticmopente.
594 1551 727 1616 Oitendrt
742 1555 832 1614 ettam
848 1548 954 1628 (quod
971 1548 1067 1611 admi·
1112 1545 1139 1605 la
1156 1562 1228 1608 esse
1240 1551 1394 1612 ridentur.
1412 1550 1463 1613 Sic
1475 1551 1556 1614 enim
1571 1553 1705 1631 loquitur
1717 1555 1747 1613 in
1760 1549 1820 1613 alio
1836 1548 1984 1612 Psalmo:

205 1637 303 1702 rahile
318 1634 378 1722 est)
393 1638 491 1718 ipsam
508 1629 694 1718 pebennam:
712 1651 773 1714 ouo
789 1634 869 1696 enim
887 1634 985 1712 magis
1000 1649 1066 1694 cre·
1112 1627 1636 1714 larqutroeeamaaeaoperpreaaca
1650 1641 1726 1700 sunt
1736 1637 1836 1713 caput
1847 1648 1979 1707 meum,

206 1721 266 1786 scit
282 1721 445 1786 multitudo
459 1721 644 1798 impiorum,
662 1736 699 1783 eo
721 1719 834 1782 crescit
855 1713 946 1778 etiarn
969 1720 1067 1795 magis
1112 1717 1233 1777 etatcut
1245 1732 1327 1778 onos
1341 1733 1439 1796 proce
1450 1725 1698 1799 procotoesmrt
1711 1734 1811 1798 super
1824 1717 1984 1793 mertuo-

204 1806 396 1886 supplicium
414 1805 565 1886 ipsorum.
588 1802 672 1866 Haec
697 1804 779 1865 euim
798 1816 899 1864 causa
926 1805 994 1871 cst,
1012 1816 1067 1863 eur
1112 1811 1178 1858 rum
1196 1801 1358 1886 uerborum
1376 1802 1452 1864 baec
1466 1803 1587 1866 ridetur
1602 1819 1673 1866 essa
1689 1799 1985 1878 sententialniqui·

205 1887 291 1955 diras
307 1889 403 1970 epulo
419 1889 457 1955 ah
471 1887 645 1966 Abrahemo
660 1885 793 1967 petierit,
818 1883 998 1963 ulmitteret
1013 1883 1067 1946 La·
1112 1884 1191 1944 tates
1207 1899 1293 1946 meae
1309 1883 1421 1948 multae
1436 1893 1520 1962 sunt,
1538 1894 1569 1948 et
1585 1884 1902 1966 magnae3etouidem
1916 1891 1980 1948 tam

203 1981 307 2038 aarum
321 1974 361 2042 ad,
375 1973 482 2036 iratres
498 1987 585 2042 suos,
603 1977 636 2032 ut
652 1975 816 2034 testaretur
830 1967 887 2040 eis,
906 1984 950 2030 ne.
960 1973 991 2033 et
1006 1967 1066 2045 ipsi
1113 1967 1275 2038 multaeur
1289 1983 1339 2030 ma
1349 1975 1448 2032 totum
1461 1971 1639 2048 obruent‚et
1650 1985 1746 2050 super
1760 1974 1854 2048 caput
1869 1981 1981 2031 meum

203 2057 436 2122 descenderent
455 2055 492 2118 ad
508 2057 615 2126 locum
627 2061 871 2118 tormentorum:
898 2067 960 2124 non
983 2054 1066 2126 enim
1112 2049 1366 2128 exaltenturtouo
1381 2054 1472 2117 modo
1488 2069 1558 2115 cum
1573 2056 1643 2130 quis
1654 2053 1820 2117 immersus
1835 2053 1867 2115 iu
1885 2051 1982 2130 aquia

204 2153 242 2204 ex
257 2139 404 2214 charitate
417 2139 448 2204 id
465 2144 571 2219 petere
586 2141 685 2217 potuit
707 2139 799 2201 homo
822 2135 987 2213 reprobus,
1009 2133 1066 2196 sed
1112 2131 1251 2212 undique
1274 2137 1363 2212 souis
1391 2137 1544 2199 obruitur.
1570 2137 1633 2200 liec
1658 2138 1759 2201 solum
1789 2137 1978 2218 iniquitates

204 2238 241 2287 ex
257 2240 362 2289 aurore
378 2227 503 2303 proprio
519 2223 619 2302 pettit,
636 2239 675 2284 ne
690 2217 916 2298 ex'praesentia
938 2215 1064 2280 iratrum
1112 2229 1199 2278 meae
1215 2218 1353 2296 undique
1369 2237 1418 2282 me
1440 2221 1585 2296 operiunt
1599 2221 1797 2284 multitudine
1821 2235 1893 2293 sua,
1919 2217 1980 2284 sed

203 2305 292 2371 dolor
314 2309 414 2389 ipsius
437 2312 605 2388 cresceret.
630 2305 771 2382 Denique
798 2299 926 2365 offendit
947 2305 1067 2380 ipsese
1112 2301 1202 2360 ettam
1219 2302 1300 2363 mole
1316 2319 1371 2364 sua
1387 2303 1980 2386 itamemorant,utimportahilesml·

201 2389 316 2466 omnis,
333 2391 386 2470 qui
404 2394 521 2470 peccat,
539 2392 685 2466 ouoniam
700 2384 813 2466 spoliat
828 2385 961 2448 animatu
978 2401 1065 2448 suam
1111 2378 1144 2442 bi
1159 2397 1230 2448 esse
1244 2387 1417 2450 rideantur.
1434 2387 1518 2450 llaec
1531 2388 1657 2451 ridebat
1671 2389 1778 2468 llarid,
1795 2388 1914 2476 etideo
1929 2388 1977 2449 la·

201 2477 298 2554 pratia
314 2474 389 2552 Dei,
404 2491 442 2537 err
457 2491 516 2553 qua
534 2478 674 2536 remanet
694 2488 820 2546 caecus,
844 2474 874 2532 et
895 2473 1018 2540 nudus,
1036 2475 1067 2531 οι
1109 2465 1199 2560 rebat
1213 2471 1423 2548 persingulas
1446 2477 1554 2536 noctes
1576 2473 1694 2535 lectum
1718 2487 1832 2536 suum:
1857 2485 1918 2534 uns
1934 2485 1978 2533 ne

201 2559 486 2640 pauperrimum,
503 2564 534 2618 et
550 2553 1066 2637 mtaerehilis,ouamrisexinterna
1112 2553 1268 2612 mrnimam
1285 2553 1410 2628 quidem
1428 2561 1544 2635 partem
1566 2564 1765 2636 peccatorum
1792 2559 1975 2618 nostrorum

201 2643 315 2707 mentis
328 2644 487 2718 caecitate,
502 2638 561 2704 sibi
575 2642 675 2722 dires,
689 2649 718 2702 ct
731 2639 985 2718 locupletatus,et
999 2636 1066 2698 nul·
1112 2637 1341 2713 cognoscimus.
1358 2645 1389 2700 et
1402 2640 1472 2702 ideo
1488 2648 1614 2719 peccata
1637 2644 1740 2704 nostra
1763 2640 1857 2704 corde
1883 2640 1975 2701 arido

200 2723 263 2795 lius
278 2741 371 2806 egere
386 2724 445 2788 sibi
462 2725 612 2802 rideatur,
636 2731 669 2786 ut
683 2724 795 2785 dicitur
816 2721 847 2782 in
870 2720 1065 2799 tpoeatypsi.
1110 2717 1175 2777 tum
1191 2718 1250 2794 ipsi
1268 2720 1342 2792 lico,
1360 2727 1422 2784 tum
1440 2721 1660 2786 Sacerdotibus
1675 2720 1979 2802 confitemur.btqne

201 2807 248 2871 Eu
262 2809 355 2890 igitur
377 2815 488 2889 quanta
505 2810 568 2882 sit,
584 2813 614 2870 et
629 2823 721 2888 quam
738 2805 945 2885 lacrymabilis
960 2804 1059 2867 detor·
1110 2799 1205 2864 huius
1220 2804 1263 2864 rei
1280 2819 1371 2872 cause
1394 2813 1459 2884 est,
1484 2806 1555 2886 quia
1583 2814 1780 2887 peccatorum
1802 2807 1978 2870 multitudi-

203 2894 305 2970 ruitas,
323 2897 354 2956 et
375 2893 556 2968 erudelitas,
574 2897 604 2952 et
619 2890 732 2954 mahtin
748 2896 855 2954 renata
874 2890 1016 2964 peccati.¹
1111 2896 1205 2980 ⁰9⁰¹·
1222 2893 1252 2946 at
1267 2889 1446 2966 grauitatem
1464 2892 1552 2968 pauet
1568 2897 1662 2968 sunt,
1679 2895 1732 2971 qul
1747 2893 1780 2956 ln
1795 2896 1910 2956 statera
1927 2905 1977 2954 se·

242 2973 324 3039 Vere
334 2977 444 3038 scribit
458 2991 486 3047 s.
502 2973 548 3037 lo.
562 2972 721 3056 chrysost.
736 2977 891 3036 neminem
901 2970 1065 3047 laedi,nisi
1110 2981 1175 3029 ttae
1190 2970 1451 3036 considerationis
1465 2976 1654 3051 appendant.

199 3073 268 3122 ese
282 3059 365 3142 ipso,
379 3060 524 3139 quoniam
541 3075 634 3122 omne
646 3058 857 3135 malum,ouud
874 3064 1066 3121 extrinsecus
1154 3051 1214 3114 Sed
1228 3053 1391 3134 audiamus
1405 3058 1479 3134 quid
1494 3057 1632 3137 Apostoli
1650 3060 1688 3121 de
1703 3053 1903 3122 multitudine
1919 3056 1976 3120 de·

199 3141 334 3214 ndrcnit,
351 3137 469 3214 sire'ah
486 3141 651 3217 hostibus,
668 3143 733 3206 sire
748 3141 786 3204 ab
804 3141 980 3216 elementis,
997 3154 1063 3216 stre
1110 3133 1253 3198 lictorum
1267 3141 1382 3201 dicant.
1396 3139 1429 3204 S.
1445 3140 1580 3204 Ioannes
1595 3142 1773 3223 in-epistola
1789 3157 1857 3205 sue:
1875 3139 1911 3205 Si
1925 3141 1976 3204 ιιι·-

200 3242 217 3288 a
233 3227 373 3304 morbis,
397 3228 462 3288 sire
484 3224 665 3298 adiabolo‚
688 3229 792 3288 omnia
812 3228 1019 3299 cooperantur
1033 3221 1066 3282 in
1109 3221 1258 3284 morimur
1272 3269 1281 3298 ,
1298 3225 1408 3300 innuit,
1430 3229 1591 3305 qnoniam
1608 3233 1779 3305 peccatum
1793 3225 1976 3289 nonhabe·

199 3307 316 3374 bnhum
333 3357 341 3382 .
364 3307 390 3372 sl
407 3316 567 3389 peceatum
585 3308 686 3378 absit,
711 3325 782 3372 nam
808 3324 878 3369 eum
903 3311 1063 3386 peccatum
1109 3318 1194 3381 rnna,
1210 3305 1275 3382 ipsi
1288 3322 1347 3370 nos
1358 3308 1556 3386 seducimus,
1573 3315 1676 3373 etnon
1690 3309 1847 3379 distheos
1860 3309 1977 3373 hobus·

198 3393 301 3470 abest,
319 3389 401 3456 heus
414 3390 606 3468 adest.et,Si
619 3391 703 3456 licus
716 3409 775 3473 pro
786 3389 972 3469 nahtamata
989 3404 1063 3452 con·
1109 3402 1195 3462 moa,
1211 3389 1280 3464 sed,
1295 3391 1545 3472 monendomum
1562 3401 1594 3456 ut
1609 3395 1859 3467 ostendet,ettam
1871 3393 1904 3456 ln
1923 3392 1974 3455 illa

200 3481 253 3540 tr'c
266 3475 342 3541 nos?
358 3476 394 3538 tt
409 3491 479 3538 curu
496 3481 566 3549 ouis
581 3478 716 3538 animam
733 3491 819 3538 suam
837 3471 956 3553 peccati
973 3489 1065 3535 rene·
1109 3486 1228 3533 summa
1244 3473 1322 3536 ritae
1336 3475 1539 3553 portentione,
1557 3483 1717 3556 peccatum
1730 3477 1761 3540 in
1775 3491 1810 3540 se
1821 3489 1974 3550 renosce-

199 3575 240 3623 no
256 3555 412 3637 interficit,
429 3559 521 3622 simut
537 3561 639 3622 omnia
656 3567 788 3639 pereunt
810 3555 890 3621 bona
907 3604 915 3629 .
931 3567 960 3620 et
976 3555 1067 3620 irruit
1110 3569 1157 3617 re.
1174 3551 1212 3616 llt
1227 3573 1255 3619 s.
1267 3556 1403 3622 lacobus
1417 3561 1522 3623 adhuc
1543 3563 1671 3625 elariusa
1689 3562 1730 3626 ln
1749 3561 1862 3625 multis
1875 3558 1976 3642 effen·

198 3643 231 3705 in'
247 3642 407 3707 homiuem
423 3640 660 3704 innumerabilis
677 3643 765 3704 turba
783 3644 945 3704 malorum.
963 3639 1065 3717 Quare
1110 3639 1220 3703 dimmr
1234 3655 1358 3708 omnes.
1374 3641 1398 3706 0
1414 3659 1471 3706 uos
1487 3659 1558 3708 rere
1573 3661 1698 3718 caecos,
1715 3651 1746 3708 et
1759 3643 1977 3722 miserosoois

200 3725 226 3794 si
243 3729 386 3806 peccator
399 3727 456 3789 ista
471 3727 693 3800 consideraret,
708 3742 759 3788 rm
774 3723 840 3789 fleri
858 3731 975 3806 poseat,
989 3724 1064 3808 quin
1109 3723 1221 3785 delicta
1236 3731 1342 3788 nostro
1359 3730 1546 3801 numerabit,
1567 3731 1596 3791 si
1611 3728 1776 3806 Apostoli,
1801 3735 1870 3806 post
1885 3741 1974 3790 acce·

199 3814 283 3873 totus
295 3814 467 3874 verteretur
483 3807 514 3878 in
533 3809 697 3889 iacrymas.
721 3807 781 3872 Sed
799 3812 944 3885 quoniam
962 3814 1064 3888 potest
1110 3813 1195 3883 ptum
1210 3807 1355 3885 Spiritum
1370 3815 1559 3887 sanctum,et
1571 3809 1625 3875 illo
1638 3815 1766 3891 copioso
1779 3810 1878 3875 imbre
1890 3823 1976 3873 mun·

200 3892 295 3956 homo
310 3909 345 3956 se
360 3893 463 3972 ipsum
487 3891 631 3955 occidere
648 3909 704 3971 per
719 3900 904 3972 peecatum.
928 3895 984 3956 sed
1002 3909 1064 3956 nun
1110 3888 1184 3957 dati.
1201 3907 1264 3954 uon
1282 3895 1484 3974 mentiuntur,
1508 3912 1579 3958 oum
1602 3897 1725 3963 dicunt.
1749 3895 1789 3958 ln
1805 3895 1917 3960 multia
1932 3893 1976 3973 os·

164 4031 168 4040 .
200 3983 303 4056 potest
318 3980 386 4058 ipse
401 3993 436 4040 se
450 3973 604 4039 riritleare
618 3992 671 4052 per
687 3983 827 4056 gratiam,
842 3978 954 4038 elamet
970 3991 1064 4055 saepe
1108 3972 1276 4052 sendimus
1287 3979 1415 4041 omnes?
1430 3977 1467 4042 ht
1478 3977 1504 4041 si
1518 3979 1635 4060 septica
1648 3981 1687 4044 in
1700 3980 1755 4044 dte
1767 3981 1856 4044 codr‘t
1870 3983 1975 4043 iustttr

199 4061 272 4123 dum
287 4061 369 4133 ririt,
387 4057 547 4126 illumino
558 4059 695 4129 Domine
710 4060 819 4123 ocutos
835 4077 935 4132 meos,
947 4073 988 4122 me
1002 4075 1065 4122 nn·
1111 4065 1144 4119 ut
1159 4057 1294 4136 Sapiens
1311 4064 1457 4140 loquitur,
1474 4069 1597 4142 quoties
1612 4067 1724 4126 cadent
1741 4065 1860 4136 iniusti,
1877 4071 1907 4128 οι
1917 4063 1973 4126 im·

199 4159 301 4224 quom
323 4142 529 4206 obdormiam
552 4145 589 4204 in
614 4150 734 4221 morte;
749 4160 791 4206 he
814 4145 948 4224 quondo
969 4144 1064 4228 xdr'oot
1111 4137 1258 4218 parteeut
1275 4160 1379 4210 nonne
1394 4147 1504 4210 saltem
1520 4148 1700 4228 septuagies
1714 4146 1854 4228 septies?

198 4229 354 4291 inimicus
369 4241 460 4291 meua
475 4272 483 4300 ,
499 4227 676 4306 proeoclui
690 4229 848 4294 aduersus
874 4244 959 4290 emm.
985 4225 1065 4290 etsi
1152 4224 1235 4289 llaec
1250 4245 1327 4292 sane
1343 4230 1551 4295 consideratio
1565 4235 1603 4293 ita
1618 4249 1666 4294 ma
1682 4238 1789 4306 terret,
1807 4238 1839 4294 et
1850 4232 1975 4296 conlun-

197 4308 321 4390 icrtaiu
338 4317 435 4374 morte
449 4309 507 4371 iam
524 4309 775 4384 obdormiente
792 4327 829 4374 ex
845 4327 954 4392 magua
971 4312 1064 4372 mise·
1112 4307 1167 4384 dit,
1186 4317 1218 4376 ut
1235 4311 1338 4376 ridear
1356 4309 1573 4392 miht'semper
1589 4318 1619 4377 in
1637 4317 1702 4380 luto
1717 4323 1746 4380 οι
1763 4316 1909 4379 sordibus
1924 4333 1975 4380 ro·

198 4393 329 4457 ricordia
346 4393 424 4470 liei„
439 4395 621 4456 clamantem
646 4397 788 4472 spiritum
816 4397 899 4456 intus
924 4399 953 4454 ιιι
971 4396 1065 4456 corde
1111 4391 1213 4462 lutari.
1231 4397 1277 4456 rel
1296 4402 1379 4459 certe
1392 4400 1472 4460 inter
1487 4402 1643 4477 spirasset
1659 4399 1792 4463 tribulos
1807 4398 1855 4462 siu
1869 4400 1975 4465 ambu-

199 4479 343 4550 audiertt,
361 4475 464 4557 Soroe
480 4479 538 4556 qua·
553 4479 688 4556 dormis,
706 4483 735 4541 et
750 4493 874 4558 emorpe
890 4495 913 4542 o
928 4478 1066 4540 mortuis
1111 4474 1187 4548 lare,
1200 4484 1233 4540 ut
1246 4479 1434 4557 punctiones
1447 4481 1626 4556 trequentes
1640 4472 1755 4545 erilare
1768 4497 1830 4546 non
1844 4483 1971 4564 possim.

105 4603 112 4613 -
199 4569 229 4624 et
239 4560 443 4626 illuminabit
457 4565 486 4624 te
501 4559 659 4640 Christus·
672 4568 788 4638 careat,
814 4579 854 4624 ne
870 4563 953 4624 sinat
968 4561 1066 4624 obdu·
1110 4555 1199 4622 Unda
1211 4561 1286 4622 illud
1302 4561 1400 4626 Isaiae
1413 4565 1535 4630 mihiel
1547 4566 1608 4627 mei
1621 4565 1777 4630 similibus
1788 4570 1971 4631 contenten-

197 4645 257 4710 rari
274 4663 327 4710 cor
343 4661 446 4716 suum,
464 4643 519 4708 sed
534 4647 636 4706 audiat
653 4653 812 4707 rorantem
830 4663 845 4707 a
860 4653 956 4707 morte
970 4649 1006 4706 ad
1024 4646 1067 4707 ri·
1113 4647 1158 4703 ter
1173 4645 1268 4722 aptari
1285 4661 1444 4710 censeam:
1459 4645 1485 4712 l
1498 4648 1615 4728 planto
1629 4652 1724 4728 pedis
1737 4665 1842 4728 usque
1853 4650 1971 4716 uticem

197 4735 272 4792 tam:
289 4731 450 4799 nonenim
468 4730 595 4810 gratiam
614 4727 783 4804 necationis
800 4731 940 4801 donaret,
959 4728 1018 4790 nisi
1036 4734 1067 4791 et
1111 4726 1206 4788 tieem
1219 4730 1335 4809 cupitis
1347 4746 1417 4794 non
1428 4734 1519 4796 estin
1533 4747 1569 4796 eo
1583 4734 1722 4798 sonitus.
1735 4733 1772 4797 Ει
1785 4734 1850 4797 heri
1865 4735 1972 4814 poterit

198 4815 289 4876 ritem
306 4812 421 4875 donare
436 4811 632 4887 disponeret.
649 4812 802 4890 Sequatur
824 4813 916 4894 igitur
938 4825 1065 4891 praere·
1111 4814 1144 4870 ut
1159 4813 1229 4889 quis
1245 4814 1322 4876 hoec
1339 4816 1477 4885 uulnera.
1495 4817 1551 4878 has
1567 4820 1689 4894 osrdes,
1703 4820 1781 4882 buco
1797 4813 1970 4883 innumera·

200 4897 350 4970 utentem,
368 4895 503 4957 ambulet
522 4911 590 4957 eom
615 4896 803 4972 comitante,
823 4896 941 4958 laboret
965 4899 995 4957 iu
1013 4912 1067 4975 ge·
1110 4891 1185 4955 bilia
1213 4896 1325 4960 delicta
1352 4900 1539 4978 verborum,
1568 4917 1723 4980 operum,
1740 4905 1971 4984 cogitationum,

199 4980 274 5042 mito
291 4995 360 5058 suo,
377 4979 457 5040 laret
474 4976 684 5057 persingulas
702 4985 811 5042 noctes
828 4980 941 5042 lectum
959 4995 1064 5045 suum:
1112 4976 1316 5042 omissionum
1330 4988 1443 5045 attente
1457 4985 1646 5050 consideret.
1664 4993 1768 5048 etnon
1782 4989 1971 5052 amarissime

199 5066 245 5126 stc
260 5066 342 5126 enim
359 5063 481 5126 tandem
505 5063 674 5140 respirabit
700 5061 731 5123 in
760 5063 984 5126 misericordiis
1007 5063 1065 5126 ho·
1110 5057 1200 5122 sseat‘l
1214 5062 1336 5142 Pateor,
1354 5067 1429 5127 mihi
1445 5064 1602 5147 Virginem
1619 5068 1783 5149 Deiparam
1801 5085 1836 5132 ea
1853 5072 1892 5133 de
1904 5088 1970 5134 oau-

200 5147 288 5226 miui,
306 5146 482 5209 etoantabtt
497 5146 528 5208 iu
543 5143 600 5210 riis
616 5143 786 5224 eius,Qcio
800 5162 925 5227 moeno
942 5151 987 5209 est
998 5147 1064 5226 plo·
1112 5160 1145 5206 sa
1174 5151 1307 5221 praeter
1321 5149 1378 5211 alia
1400 5151 1480 5212 dona
1509 5153 1597 5214 raldo
1627 5153 1840 5216 admirabilem
1867 5156 1969 5233 rideri,

200 5233 255 5296 riu
271 5230 413 5294 Domini.
789 5305 794 5312 .
1112 5231 1194 5306 quod
1212 5233 1404 5295 immaculata
1421 5250 1546 5314 semper
1561 5236 1765 5300 ambulaverit
1780 5237 1811 5299 in
1828 5239 1875 5301 ria
1897 5241 1969 5302 luto·

240 5313 410 5380 Veniamus
426 5329 508 5388 nunc
531 5315 568 5378 ad
593 5311 818 5378 multitudinem
843 5319 1062 5393 peccatorum,
1112 5327 1146 5374 sa
1159 5312 1251 5376 huius
1267 5319 1358 5392 ritae,
1376 5323 1406 5378 et
1418 5317 1527 5382 intarta
1544 5321 1625 5384 inter
1639 5324 1746 5399 spinas
1759 5319 1852 5384 buius
1867 5327 1967 5386 deser·

201 5401 284 5480 quod
301 5404 366 5474 erat
381 5398 510 5460 alterum
527 5404 629 5474 caput.
646 5397 787 5461 Proiecto
803 5397 829 5458 si
844 5395 914 5475 ouis
928 5406 1064 5461 mentem
1112 5398 1146 5468 ti,
1163 5404 1192 5458 et
1205 5399 1284 5460 hanc
1298 5399 1366 5462 elus
1382 5401 1510 5479 gloriam
1528 5405 1608 5467 inter
1622 5404 1672 5466 illa
1686 5421 1797 5486 magna
1811 5423 1969 5468 numeran-

201 5489 358 5545 courertat
374 5480 412 5544 ad
429 5479 656 5544 multitudinem
680 5487 898 5560 peccatorum,
924 5497 1003 5560 quoe
1026 5483 1065 5546 ab
1111 5480 1180 5544 darn
1196 5480 1349 5558 imprimis
1366 5499 1450 5558 esse,
1468 5488 1506 5549 de
1522 5487 1638 5562 ouibrrs
1651 5489 1724 5566 ipsa
1743 5488 1871 5566 cecinit,
1886 5489 1968 5556 Perit

203 5581 391 5646 unoquoque
407 5570 544 5628 nostrum
563 5565 701 5641 quotidie
717 5569 942 5645 perpetrantur,
960 5566 1065 5631 obstu-
1110 5563 1193 5630 mihi
1206 5583 1352 5648 muodo,
1369 5570 1428 5650 orei
1440 5577 1552 5653 potans
1576 5579 1633 5634 eat.
1650 5573 1711 5637 Sed
1726 5575 1755 5638 ri
1780 5575 1966 5654 priuilegium

202 5655 312 5730 pesc'ct
326 5650 464 5727 omuino,
490 5655 521 5714 οι
546 5645 696 5740 ιιοιιοιιιι.
718 5648 872 5730 Propheta
891 5647 987 5718 lierid
1003 5650 1063 5717 cla·
1109 5649 1258 5732 lieiparaa
1272 5659 1333 5732 est,
1356 5656 1438 5716 omui
1452 5662 1579 5733 peccato
1600 5671 1734 5735 carcre,
1760 5667 1793 5726 et
1807 5659 1845 5725 rd
1862 5660 1963 5742 culpas
