4086 6258
784 335 891 392 LIBER
910 334 1098 394 SECUNDUS
1665 339 1716 398 tlt

13 465 150 530 hndt'nc
171 472 282 547 potins
307 472 496 546 temperare,
524 481 622 549 quum
649 469 779 530 iniustis
806 472 889 530 odies
936 475 979 549 pit
994 471 1183 548 praedicare,
1200 476 1230 530 et
1244 484 1432 548 congregare
1453 468 1635 548 discipulos,
1652 472 1704 550 qui
1725 472 1787 536 lue·

13 550 212 618 mudumset
226 553 411 628 accendere,
424 567 466 614 ne
479 555 625 616 omniurn
639 551 840 628 captivorum
856 569 890 612 a·
938 563 1005 615 runt
1021 553 1121 631 primi,
1136 551 1186 628 qui
1210 554 1247 612 ad
1263 551 1430 616 Ecclesiam
1455 562 1664 626 accesserunt,
1682 556 1789 628 Quam·

13 638 173 696 mitteret
187 636 381 710 seruitutem,
399 639 478 697 dunt
492 636 650 698 nillilsihc'
662 635 805 697 debentis·
821 653 888 712 per·
938 639 983 698 uis
1010 644 1109 698 sattim
1127 638 1241 710 apertio
1259 636 1361 696 lateris
1378 634 1487 697 Christi
1515 646 1583 710 pust
1608 648 1733 700 mortem
1749 639 1790 700 la-

13 709 186 795 torquetur
212 719 404 795 libertatern,
427 719 545 797 (serm.
569 718 621 780 titt.
645 721 685 780 de
709 714 892 800 Passieno.)
937 733 982 782 cta
999 725 1049 795 sit,
1074 729 1103 778 nt
1126 731 1198 780 ωηο
1220 719 1350 780 exierint
1365 719 1491 794 sanguis
1507 728 1536 780 et
1551 739 1640 796 aqna,
1657 737 1734 799 quae
1750 720 1789 782 si·

13 797 171 886 tEgregla
193 805 319 864 umaico
340 806 433 864 ratio:
451 819 580 881 aequum
599 801 679 862 enim
695 801 762 871 luit,
781 809 813 863 ut
826 801 888 862 dla-
936 804 1082 882 guilleant
1096 805 1156 864 duo
1182 802 1323 880 precipua
1341 801 1535 863 Sacrarncnta
1550 801 1719 876 Ecclesiae,
1736 802 1788 864 Ba·

13 881 130 945 tectus·
145 884 310 962 imperium
326 883 476 948 amitteret
494 892 523 946 ω
541 903 728 956 aesomnes,
746 902 824 962 qnos
838 902 891 961 per
938 888 1093 964 ptismum,
1112 892 1142 947 et
1154 884 1498 948 Euelrnristiam:tamen
1516 905 1530 945 a
1547 885 1657 948 Christi
1673 887 1787 963 passio·

13 976 200 1042 *peccatum
223 984 329 1030 servos
351 968 410 1030 sihi
434 971 568 1043 iecerat:
591 968 659 1045 quia
677 971 706 1028 in
723 968 889 1040 Christum,
938 991 975 1030 ne
993 972 1131 1030 uirtutem
1149 967 1303 1046 :rccipiunt
1317 969 1416 1028 omnin
1434 968 1648 1042 Sacramenta:
1665 975 1695 1030 ol
1710 969 1789 1046 quod

13 1051 89 1124 aqui
106 1069 216 1114 seruus
232 1052 300 1113 eins
322 1067 383 1112 non
401 1058 475 1122 erat,
493 1061 523 1114 et
538 1068 629 1128 quem
646 1053 683 1112 ad
700 1052 890 1128 peccandum
937 1057 976 1116 de
991 1055 1086 1114 latere
1110 1052 1221 1113 Christi
1238 1051 1296 1111 iam
1312 1051 1446 1112 deiuncti
1464 1050 1607 1113 lluxerint
1620 1056 1745 1130 sanguis
1760 1059 1790 1114 et

27 1145 206 1211 numquam
230 1136 404 1209 induxerat,
426 1139 591 1197 extendere
618 1152 740 1207 rannus,
757 1151 891 1212 euntque
937 1154 1026 1213 aqua,
1044 1134 1208 1196 ‹teclarano
1232 1135 1287 1194 luit
1303 1136 1529 1213 mysteriorum,
1548 1151 1606 1196 ηοη
1627 1135 1789 1196 institutio.

25 1216 67 1277 cd
91 1226 221 1280 mortem
239 1234 338 1296 usque
351 1219 496 1296 persequi
514 1235 572 1280 non
589 1218 782 1280 dubitaverit.
937 1220 1119 1281 Rectissime
1134 1218 1224 1295 igitur
1237 1217 1347 1279 dieitur
1359 1219 1581 1279 consummatio
1594 1217 1723 1280 aedilicii
1736 1217 1792 1280 Ee-

73 1298 138 1363 Sed
155 1301 182 1363 si
197 1316 247 1363 res
262 1301 303 1362 ita
318 1317 352 1362 se
370 1301 475 1372 babet,
492 1303 517 1362 si
534 1303 681 1377 praelium
699 1317 890 1362 consumma·
938 1307 1052 1364 etesiae
1066 1303 1237 1375 locotheta,
1253 1317 1322 1362 curn
1335 1298 1474 1362 Christus
1487 1300 1572 1362 dixit:
1587 1298 1792 1363 densarumq-

28 1389 99 1444 tnm
118 1392 177 1452 est,
192 1387 217 1446 sl
231 1383 354 1446 victoria
372 1397 468 1460 penes
483 1384 593 1446 Pelium
612 1386 664 1446 het
677 1386 769 1452 stetit,
784 1383 892 1462 etipse
939 1395 1006 1447 term
1021 1391 1077 1460 cst,
1096 1381 1165 1462 quia
1184 1391 1254 1444 tuuc
1270 1382 1348 1444 nihil
1363 1392 1521 1458 supererat
1538 1383 1594 1444 nisi
1607 1400 1699 1456 mors,
1714 1399 1793 1461 quae

26 1462 148 1530 emeres
169 1467 316 1530 homines
341 1467 409 1528 uult
429 1468 533 1530 solues
548 1465 621 1547 fieri
635 1467 679 1549 (l.
699 1467 777 1528 Τέω.
794 1463 827 1548 P)
840 1484 894 1528 cur
939 1470 1039 1531 statim
1055 1475 1220 1530 consecuta
1233 1479 1292 1541 est,
1305 1473 1335 1528 et
1345 1467 1568 1545 redemptionis
1579 1467 1708 1545 pretium
1722 1482 1793 1528 can·

26 1557 97 1612 ωιη
120 1551 208 1613 multi
233 1549 384 1629 usquead
401 1553 480 1614 bunc
502 1552 583 1614 diem
611 1552 759 1628 mancipia
776 1551 891 1612 diaboli
939 1555 1111 1614 somniavit.

13 1641 112 1694 imant
127 1635 158 1696 in
174 1635 233 1696 hac
250 1635 321 1709 rita,
337 1640 368 1695 et
379 1634 415 1694 ad
433 1642 582 1697 tormenta
597 1637 759 1712 gehennae
774 1634 895 1711 rapiun-

13 1721 88 1778 rtur
105 1720 137 1778 in
155 1717 238 1778 clia?
253 1715 320 1778 Uno
343 1718 435 1778 rerba
456 1719 655 1796 respondeo:
673 1718 746 1794 eria
773 1719 820 1777 sic
835 1716 894 1795 ipsi
1282 1717 1363 1780 CAP.
1385 1714 1466 1779 Xlll.

13 1801 159 1863 inolent.
176 1801 316 1865 Christus
331 1800 414 1862 enim
430 1818 445 1861 a
463 1803 578 1877 praelio
593 1801 688 1863 uictor
704 1801 894 1879 regrediens,

13 1883 101 1946 'duo
117 1884 270 1960 quendam
297 1885 432 1961 ingenite
460 1883 609 1946 beneficia
636 1888 891 1961 hnmnndgeneti
1118 1890 1278 1971 Deprq'mo
1294 1887 1506 1968 [querquerni
1523 1889 1619 1950 sexli.

13 1967 177 2042 ipraestil:
191 1967 302 2040 Unum,
318 1966 454 2028 utIustis
471 1968 601 2045 paradisi
615 1969 735 2029 ienuam
751 1971 894 2043 aperiret,
1739 2037 1743 2044 .

13 2067 119 2128 ‘quae
135 2069 152 2112 a
168 2051 258 2127 primi
279 2051 414 2111 hominis
440 2052 527 2128 lapsu
556 2068 653 2128 usque
676 2052 712 2112 ad
730 2067 794 2110 earn
813 2050 894 2110 diem
983 2051 1046 2114 Non
1065 2053 1152 2126 pauci
1176 2054 1291 2116 tructus
1316 2073 1353 2116 ex
1377 2055 1471 2117 rerba
1487 2063 1572 2118 sexto
1589 2054 1714 2131 decerpi
1731 2067 1801 2132 pos·

28 2134 144 2196 clausa
160 2135 277 2207 luerat:
294 2140 324 2194 et
341 2133 393 2194 rlla
410 2137 477 2210 ipso
494 2137 543 2194 die
562 2135 703 2196 uictoriae
719 2149 793 2194 suae
809 2133 895 2209 dixit:
942 2141 1025 2207 sunt,
1050 2136 1076 2196 si
1104 2141 1174 2211 quis
1204 2139 1295 2199 huius
1322 2139 1406 2200 uerbi
1434 2137 1670 2200 foecunditatem
1688 2140 1803 2196 atlante

29 2215 142 2280 Hodie
158 2218 221 2279 eris
235 2232 361 2278 mecum
375 2217 413 2278 οη
426 2219 594 2295 paradise,
612 2217 701 2288 (Luc.
724 2213 792 2296 23.)
808 2218 896 2278 latro·
944 2221 1143 2295 consideret,
1160 2236 1195 2280 ac
1210 2225 1341 2298 primum
1357 2239 1393 2284 ex
1409 2239 1459 2295 eo,
1477 2223 1558 2300 quod
1575 2221 1707 2282 diximus
1724 2217 1802 2282 Can·

27 2303 82 2370 ni,
101 2300 154 2379 qai
169 2301 278 2362 merito
290 2301 450 2378 sanguinis
463 2303 599 2363 eiusdem
614 2301 725 2364 Christi
740 2316 793 2376 per
806 2299 896 2360 lidern
944 2311 1141 2364 summotum
1157 2308 1212 2376 est,
1230 2303 1361 2383 intelligi
1378 2306 1492 2366 debere
1508 2305 1547 2366 da
1560 2305 1740 2380 impletione
1756 2318 1804 2364 va·

29 2399 143 2460 spem,
160 2390 190 2445 et
205 2385 395 2456 charitatem,
415 2387 596 2447 iustihcatus
617 2385 732 2448 iuerat:
752 2387 832 2444 unde
849 2401 898 2444 cn·
943 2387 1128 2458 liciniorum,
1146 2387 1269 2448 deducit
1284 2395 1409 2449 sanctus
1422 2388 1610 2465 Augustinus
1624 2387 1805 2448 altissimum

30 2469 85 2528 nit
101 2468 245 2528 exultans
266 2465 429 2528 Ecclesia:
448 2466 491 2530 Tc
508 2468 629 2531 deuicto
644 2469 755 2530 mortis
772 2467 897 2542 (reaten,
946 2471 1177 2530 documentum.
1195 2465 1250 2551 (ln
1265 2470 1352 2532 Psoi.
1369 2470 1435 2548 te.)
1452 2471 1522 2532 llam
1547 2469 1805 2548 quemadmodum

25 2552 202 2628 aperuisti
212 2550 414 2612 credentibus
429 2549 542 2628 Regna
554 2555 729 2614 coelorum.
747 2551 900 2626 Alterunr,
944 2554 1019 2614 certi
1035 2570 1143 2614 sumus
1170 2569 1206 2614 ex
1228 2553 1296 2634 ipso
1321 2561 1432 2616 euentu
1459 2570 1589 2628 rerum„
1605 2570 1672 2614 vera
1697 2551 1804 2625 luisse,
1826 2589 1831 2612 .

26 2638 72 2696 ‘ut
88 2633 287 2696 Sacramenta
309 2631 494 2698 institueret.
511 2651 589 2712 quae
613 2641 672 2696 vim
689 2636 835 2696 haherent
852 2651 898 2692 re·
945 2653 1023 2710 οιωο
1035 2635 1205 2710 Prophetae
1222 2637 1321 2700 sancti
1333 2642 1417 2700 tanto
1430 2644 1518 2701 autea
1534 2639 1759 2712 praedixerunt:
1770 2633 1809 2694 ita

30 2717 186 2779 mittendi
201 2725 338 2795 peccata,
357 2725 385 2776 et
401 2721 529 2794 gratiam
545 2718 723 2780 conterendi
738 2738 747 2793 ;
765 2724 794 2776 et
810 2731 894 2794 prue-
946 2722 1019 2780 certi
1046 2736 1117 2780 asse
1147 2721 1309 2794 debemus,
1343 2721 1468 2782 omnino
1492 2720 1589 2782 lutura
1618 2735 1700 2794 esse,
1729 2732 1809 2794 quae

29 2816 141 2862 uanos
167 2801 198 2861 in
214 2816 324 2861 omnes
352 2810 453 2876 partes
480 2802 585 2862 mundi
613 2801 755 2862 mitteret.
774 2800 824 2876 qui
842 2800 899 2860 alta
946 2804 1037 2862 iidem
1054 2801 1224 2880 Prophetae
1240 2803 1339 2864 lutura
1364 2802 1591 2880 praedixerunt,
1617 2799 1754 2878 quamvis
1777 2817 1807 2860 a·

34 2899 119 2946 roae
143 2883 369 2964 praedicarent:
395 2880 456 2958 Qui
470 2884 653 2958 crediderit,
672 2891 700 2944 ct
715 2884 898 2960 baptizatus
946 2883 1027 2944 dlruc
1043 2887 1165 2962 impleta
1181 2902 1241 2946 non
1256 2886 1505 2964 sint.Prophetae
1516 2885 1668 2962 siquidem
1684 2899 1744 2944 non
1757 2883 1812 2942 bu·

33 2963 155 3044 facerit,
172 2967 279 3029 salens
296 2967 367 3028 erit.
392 2965 515 3040 (Marc.
533 2964 609 3048 lb.)
635 2967 740 3042 Itaque
757 2969 852 3027 victor
869 2968 899 3024 in
947 2985 1034 3028 ηωηο
1052 2969 1218 3044 ωωηωω,
1236 2971 1291 3030 sed
1315 2968 1431 3046 Spiritu
1452 2975 1559 3031 sancto
1575 2967 1744 3044 inspirante
1766 2966 1810 3028 lo·

34 3050 164 3128 praelio
180 3049 342 3120 Dominus,
359 3066 438 3110 riam
464 3054 568 3112 stravit
595 3052 740 3112 carnibus
756 3051 793 3109 ad
811 3051 901 3109 liber·
947 3053 1008 3112 culi
1037 3057 1127 3111 sunt:
1144 3051 1189 3127 (⁴2.
1205 3052 1288 3114 Pete.
1308 3052 1352 3128 l.)
1380 3060 1410 3112 et
1425 3053 1495 3130 quia
1524 3051 1656 3127 spiritns
1684 3054 1809 3110 sanctus

29 3141 140 3197 tatem·
163 3132 279 3212 gloriae
303 3132 435 3194 filiorum
462 3134 529 3196 Dei.
548 3133 632 3208 Quod
650 3135 675 3194 si
692 3133 778 3195 multi
795 3133 903 3192 nelurrt
948 3135 1029 3195 niens
1046 3141 1103 3199 est.
1121 3141 1151 3193 et
1167 3150 1227 3194 aaa
1244 3141 1345 3211 potest
1361 3135 1423 3196 ullo
1440 3135 1530 3197 mado
1552 3132 1619 3196 fieri
1636 3139 1668 3194 ut
1690 3132 1811 3192 lallatur

34 3227 111 3280 eam
129 3215 206 3278 riam
234 3215 366 3291 ingredi.
384 3217 474 3289 culpa
496 3235 549 3278 sua
567 3224 709 3293 pereunt,
728 3233 789 3276 non
805 3215 901 3293 impe·
949 3219 995 3277 nel
1013 3217 1176 3277 essentiatur
1191 3216 1286 3293 heus,
1301 3218 1371 3278 idco
1385 3215 1549 3279 certissimi
1565 3231 1674 3278 sumus
1687 3218 1812 3294 omnino

33 3301 144 3363 nentia
160 3301 208 3362 rel
224 3299 411 3378 negligentia
429 3301 653 3378 Redemptoris
950 3316 1020 3360 esse
1035 3301 1243 3376 adimplenda,
1261 3315 1341 3375 quae
1365 3299 1464 3362 lutura
1481 3299 1659 3378 denuntiata
1682 3303 1764 3362 sunt.
1782 3303 1812 3358 et

37 3423 55 3447 ,ι
86 3383 202 3457 Quinto
218 3384 363 3460 denique,
382 3381 644 3446 consummatum
660 3388 717 3448 eet.
732 3383 904 3443 rectissime
949 3383 1072 3459 impleta
1084 3398 1142 3443 noa
1158 3382 1336 3444 sanescente
1348 3400 1451 3463 usque
1464 3385 1509 3445 od
1522 3383 1715 3446 hodiernam
1727 3379 1813 3460 diem

32 3472 151 3545 potest
164 3467 293 3542 intelligi
310 3465 349 3528 de
363 3467 630 3530 consummatione
658 3464 804 3538 aedilicii,
821 3465 903 3542 qnod
950 3465 1064 3546 (inquit
1079 3474 1205 3528 sanctus
1220 3465 1425 3547 Augustinus)
1442 3469 1555 3529 omnia
1567 3469 1752 3539 euenerunt,
1766 3462 1812 3526 sic

32 3557 93 3617 ecr
104 3551 257 3613 Ecclesia.
272 3549 496 3612 Pertertionem·
508 3551 589 3612 enim
604 3548 747 3620 aedilicii,
762 3565 905 3610 consum·
951 3557 980 3611 et
1002 3565 1085 3626 qnae
1100 3557 1233 3624 restent,
1248 3557 1405 3612 euentura
1420 3556 1517 3612 sunl:
1541 3551 1713 3610 timeamus
1729 3547 1817 3618 diem

35 3637 216 3696 mationem
233 3633 306 3705 dici,
324 3640 431 3695 auctor
446 3642 493 3696 est
507 3633 576 3703 ipse
593 3633 674 3696 idern
692 3633 838 3711 magister
855 3647 906 3693 ne·
951 3631 1084 3706 ludicii,
1096 3641 1252 3716 cantamus
1266 3639 1310 3693 cst
1322 3632 1492 3711 Dominum
1503 3633 1561 3712 qai
1572 3629 1815 3708 nenithumih'a,

33 3725 112 3779 ster
128 3716 279 3791 Christus,
297 3719 349 3792 qui
366 3718 407 3777 ait
418 3719 498 3796 apud
515 3716 640 3778 Lucem:
657 3714 715 3776 Hic
728 3716 822 3776 homo
835 3730 906 3777 cae·
950 3716 1056 3777 ueniet
1078 3715 1235 3777 ecccelsns.
1252 3715 1311 3776 Sed
1329 3732 1386 3776 nos
1402 3721 1579 3794 argumenta
1603 3715 1715 3775 maiora
1733 3715 1816 3774 lene·
1889 3789 1894 3798 ²

36 3802 96 3879 tpit
110 3798 299 3870 aedificare.
316 3803 345 3860 et
358 3816 427 3863 nan
438 3803 544 3880 potuit
565 3814 803 3862 consummare.
820 3798 905 3874 (Ln
953 3815 1032 3872 mus,
1051 3815 1139 3874 quam
1157 3799 1273 3873 antiqui
1292 3797 1457 3870 tenuerint,
1476 3804 1508 3860 ut
1530 3799 1561 3858 in
1578 3797 1639 3859 tide
1654 3811 1753 3860 rerum
1772 3797 1816 3856 tu-

34 3892 87 3948 ch
104 3883 171 3962 tt.)
186 3882 279 3948 Porro
291 3881 461 3945 Ecclesiam
478 3883 509 3945 in
522 3883 666 3960 passione
683 3881 794 3943 Christi
811 3881 908 3944 luisse
953 3889 1087 3943 terarum
1116 3897 1176 3942 non
1201 3883 1403 3943 haesitemus.
1422 3879 1480 3954 Qui
1503 3881 1584 3942 enim
1602 3879 1715 3942 Christi
1742 3887 1816 3940 lem-

36 3974 308 4038 consummatam,
326 3982 405 4044 quae
431 3967 460 4028 in
478 3967 545 4029 eius
572 3966 724 4044 baptismo
750 3965 849 4026 luerat
864 3965 909 4024 in·
955 3981 1027 4042 pora
1045 3973 1292 4040 praecesserunt,
1309 3966 1388 4036 ‚sine
1414 3967 1626 4043 experimento
1642 3964 1705 4026 ullo
1720 3962 1816 4025 multa

35 4054 170 4122 chaale
188 4051 300 4114 doceat
315 4049 412 4112 sancti
439 4049 554 4112 Patres
572 4049 766 4127 Epiphanius
782 4049 811 4108 in
828 4048 907 4110 libro
955 4049 1081 4110 credere
1099 4051 1305 4123 tenebantur3
1324 4064 1379 4108 nos
1403 4065 1439 4110 ex
1463 4049 1513 4122 ils,
1531 4064 1609 4122 quae
1631 4048 1747 4108 scimus
1762 4047 1819 4106 im·

43 4139 143 4198 lertio
158 4136 307 4196 adversus
322 4134 481 4203 haereses,
499 4132 581 4213 (tib.
599 4132 629 4194 3.
647 4133 770 4196 haeres.
789 4127 865 4212 te.)
881 4138 910 4192 et
956 4135 1048 4212 pleta,
1065 4128 1155 4192 laede
1171 4135 1299 4192 credere
1315 4147 1483 4209 possumus
1506 4131 1713 4206 adimplenda,
1738 4145 1817 4210 quae
1844 4163 1854 4181 ·

42 4225 178 4282 sanetus
203 4217 392 4296 Augustinus
418 4214 509 4298 (Lib.
527 4215 577 4278 22.
595 4233 668 4294 cap.
692 4217 742 4278 ll.
756 4213 769 4295 )
785 4213 815 4274 in
829 4215 909 4276 libra
956 4224 1082 4278 restant.
1093 4213 1148 4288 Qui
1161 4217 1354 4290 temporibus
1367 4213 1429 4277 Noe
1445 4213 1610 4276 audiebant
1625 4215 1758 4275 laturum
1772 4227 1820 4282 es·

46 4304 164 4364 altimo
180 4299 219 4362 de
235 4302 357 4362 civitate
371 4299 440 4371 Dei,
454 4300 506 4380 qui
523 4302 645 4376 docent,
663 4297 755 4360 Evam
772 4300 811 4358 de
827 4305 909 4360 costa
957 4317 990 4360 se
1007 4299 1154 4360 diluvium
1172 4299 1328 4372 generale,
1347 4299 1405 4358 boc
1422 4297 1521 4376 ipsum
1538 4296 1732 4374 praedicante
1753 4293 1816 4358 Nae

45 4385 165 4448 Adaml
186 4383 255 4461 ipso
277 4383 450 4446 dormiente
476 4380 677 4458 aedificatam,
696 4396 799 4462 typum
817 4379 911 4443 luisse
957 4383 1104 4458 Propheta
1119 4379 1254 4456 Domini,
1272 4397 1333 4441 noa
1347 4381 1439 4442 verbo
1453 4382 1566 4456 solum,
1581 4381 1637 4441 sed
1652 4382 1741 4441 etiem
1759 4395 1819 4440 ma-

43 4465 228 4536 Ecclesiae,
246 4483 323 4544 quae
347 4483 383 4530 ex
400 4465 511 4528 Christi
538 4467 645 4541 latere,
663 4467 735 4527 dum
758 4465 827 4542 ipse
843 4466 910 4526 dur·
957 4482 1018 4543 gna
1041 4464 1094 4525 illo
1122 4466 1239 4536 labare,
1268 4481 1329 4538 qno
1355 4480 1454 4525 arcam
1482 4463 1614 4526 sollicite
1630 4462 1820 4524 labricahal:

13 4579 14 4586 ο
46 4552 133 4616 mire
149 4550 306 4628 coepisset
322 4567 376 4629 per
391 4559 533 4620 mortem,
550 4548 708 4611 aedificata
727 4555 795 4610 cst:
814 4557 843 4609 et
859 4565 911 4608 no·
958 4555 1113 4609 nonerunt
1126 4545 1230 4609 incites
1241 4548 1276 4608 nd
1290 4547 1565 4624 credendumquia
1580 4545 1726 4608 diluuium
1741 4545 1821 4608 eius·

46 4642 134 4708 tant,
151 4650 213 4696 aon
228 4635 296 4696 siae
312 4633 457 4714 mysterio
473 4633 588 4695 dixisse
604 4630 804 4710 scripturam,
821 4631 912 4692 Eram
960 4631 1041 4692 modi
1058 4645 1222 4708 enumquam
1241 4630 1389 4700 uiderant,
1408 4637 1437 4690 at
1459 4631 1529 4692 ideo
1545 4631 1705 4706 repentina
1728 4643 1822 4706 super

13 4747 15 4788 t
45 4718 151 4783 tuisse
166 4715 370 4794 aedificatam,
387 4733 449 4778 non
476 4715 645 4778 formatam.
672 4713 759 4789 Quod
780 4723 880 4778 autem
898 4733 912 4776 a
959 4715 1071 4777 casira
1088 4713 1187 4774 divina
1206 4713 1378 4776 descendit.
1395 4713 1456 4775 Nos
1471 4729 1554 4783 rere,
1570 4714 1621 4792 qui
1637 4712 1754 4774 scimus
1768 4711 1823 4773 im·

13 4815 15 4874 t
43 4801 214 4880 baptismo
230 4799 341 4862 ebrini
357 4799 510 4862 aedificari
527 4799 665 4874 coeperit
681 4798 832 4873 Ecclesia,
846 4814 914 4878 pro·
960 4799 1073 4875 pletum
1096 4796 1203 4871 luisse,
1228 4803 1309 4873 quad
1333 4795 1394 4858 Noe
1411 4798 1561 4875 Propheta
1584 4797 1744 4874 praedixit,
1769 4811 1824 4858 cnr

13 4951 14 4958 ,
46 4887 110 4950 bat
123 4891 249 4948 sanctus
261 4883 450 4963 Augustinus
463 4881 606 4961 (tebet.
621 4881 660 4943 de
674 4881 765 4945 Ciuit.
780 4898 853 4960 cop.
868 4881 913 4962 8.)
961 4897 1020 4943 aon
1037 4878 1125 4940 facile
1142 4882 1305 4942 credemus
1321 4882 1455 4941 laturum
1472 4879 1621 4940 diluvium
1638 4879 1731 4957 ignis,
1745 4885 1775 4963 et
1789 4893 1826 4941 eo

13 4989 14 5017 t
45 4987 94 5034 cx
111 4968 232 5031 Psalmo
255 4965 308 5029 ubi
325 4967 454 5028 dicitur:
476 4965 704 5029 Dominabitur
725 4981 747 5026 a
761 4967 847 5028 mari
861 4983 912 5028 as·
961 4963 1146 5026 destruenda
1161 4964 1273 5039 omnia,
1293 4979 1369 5039 qaae
1386 4981 1468 5024 nunc
1483 4961 1557 5024 tanti
1573 4961 1718 5024 iacimus?
1733 4960 1770 5024 Et
1782 4966 1823 5025 la·

13 5081 15 5126 r
48 5069 123 5136 que
147 5053 192 5114 nd
212 5063 316 5126 mnne,
339 5053 369 5111 ei
384 5065 405 5111 a
418 5047 554 5128 humine
573 5065 676 5128 ttsqtte
698 5051 742 5112 cd
763 5050 915 5111 terminus
962 5065 1031 5109 men
1054 5061 1156 5107 revera
1174 5046 1260 5122 pauci
1278 5055 1360 5120 sunt,
1377 5047 1428 5124 qui
1442 5045 1497 5106 ista
1514 5045 1613 5106 lutura
1628 5043 1667 5106 ila
1684 5047 1823 5122 credant,

13 5165 16 5210 ι
49 5136 146 5202 ochis
159 5139 333 5198 terrarum.
348 5130 448 5215 (Psal.
465 5131 532 5216 li.)
543 5132 682 5214 Regnum
695 5132 776 5195 enim
792 5131 914 5203 Christi,
962 5138 993 5192 ut
1009 5131 1196 5192 desiderium
1213 5147 1227 5190 a
1246 5131 1338 5190 rebus
1356 5127 1499 5208 perituris
1521 5136 1659 5200 avocent,
1687 5135 1716 5192 et
1731 5127 1774 5191 ibi
1789 5127 1822 5190 ss·

13 5235 17 5296 t
57 5219 148 5300 qaod
175 5225 223 5281 est
235 5215 389 5290 Ecclesia,
407 5219 510 5295 coepit
535 5234 550 5278 a
565 5215 718 5294 baptismo
744 5215 867 5290 Christi,
885 5217 916 5278 iu
962 5221 1034 5294 gant
1049 5215 1139 5274 cerda
1156 5212 1208 5274 ubi
1224 5227 1304 5289 vera,
1322 5213 1550 5290 etsempiterna
1566 5219 1638 5274 sunt
1652 5212 1775 5290 gaudia.

13 5318 18 5382 t
50 5310 122 5385 que
136 5303 205 5381 ipse
218 5301 404 5380 baptismum
419 5296 543 5363 Ioannis
555 5299 723 5379 accipiens,
738 5315 832 5377 aquas
844 5315 917 5362 cun·
1004 5296 1064 5359 Sed
1081 5297 1140 5358 buc
1156 5296 1255 5372 ipsum
1273 5301 1320 5358 est
1336 5297 1523 5372 praedictum
1541 5293 1579 5358 ab
1597 5295 1662 5373 ipsa
1679 5294 1821 5376 Domino,

54 5385 206 5462 sacrant,
229 5390 259 5450 et
273 5383 460 5463 baptismum
486 5399 575 5445 suum
602 5383 854 5460 institui13qued
872 5389 919 5444 cst
963 5381 998 5443 ut
1009 5378 1240 5441 inexcusabiles
1253 5379 1314 5440 sint
1325 5377 1486 5456 lutari,qui
1501 5395 1539 5441 ex
1551 5377 1730 5455 impletione
1741 5393 1826 5456 prae·

13 5487 18 5550 t
51 5463 344 5545 ianua'Eccleslae,
362 5475 392 5530 et
407 5474 481 5529 tunc
503 5467 666 5528 mauiteste
681 5467 826 5540 innotuit,
846 5482 919 5528 ωοο
965 5463 1123 5525 ωηίωηοω
1141 5461 1187 5525 rix
1204 5461 1314 5524 adduci
1329 5471 1458 5540 possunt
1473 5459 1826 5536 utcredantadtmplen·

13 5585 18 5646 q
52 5552 275 5624 Patrisaudita
303 5552 454 5623 daeaato.
478 5547 714 5614 Eiceetl'ilt’us
735 5549 921 5636 meaedile·
969 5549 1089 5608 deesse
1104 5545 1292 5623 lutura3sic
1309 5547 1389 5607 enim
1406 5544 1556 5608 Dominus
1571 5541 1826 5620 laconiensem

13 5660 19 5718 t
52 5650 146 5709 etus,
159 5638 270 5716 inquo
282 5633 662 5714 miblbenecumplacul:
677 5635 783 5710 ipsum
796 5633 919 5696 cudite.
966 5631 1004 5694 in
1020 5629 1132 5695 dicbus
1157 5629 1231 5700 Νοο,
1248 5630 1296 5691 ita
1318 5630 1376 5691 erit
1398 5629 1556 5692 aduentus
1571 5627 1650 5690 nette·
1663 5626 1827 5710 hominis:
1873 5691 1878 5708 ,

13 5748 20 5806 q
57 5719 191 5812 (flant.
207 5719 237 5784 3.
254 5727 284 5784 et
298 5717 365 5800 tr.)
380 5717 416 5781 tn
432 5735 468 5780 ex
481 5733 519 5781 eo
535 5723 675 5796 tempera
686 5716 837 5780 Dominus
854 5731 921 5779 cae·
967 5714 1153 5777 sicutenim
1169 5721 1263 5776 erunt
1277 5713 1314 5774 ω
1330 5711 1441 5776 diebus
1466 5718 1540 5776 onte
1552 5711 1712 5774 delentem
1728 5727 1830 5774 came·
