4086 6258
920 669 976 745 ott

570 895 870 1030 GEMITU
923 893 1336 1022 cotttotteth

678 1189 765 1256 sttlt
782 1189 831 1257 ott
846 1189 946 1256 BONO
962 1187 1222 1254 tucatuttttttr

841 1449 1076 1480 m:

324 1889 448 1962 LIBER
473 1889 654 1966 TERTIUS
966 1902 1051 1980 diligi
1069 1902 1236 1982 Christum,
1254 1907 1307 1986 qui
1323 1916 1449 1974 uenerat
1463 1911 1571 1976 tollere
1587 1922 1711 1990 peccata
1728 1919 1833 1980 mnndi

967 1993 998 2047 et
1012 1986 1174 2049 destruere
1188 2003 1283 2066 opera
1296 1989 1507 2072 diabolinum
1520 2002 1594 2060 sunt
1609 2002 1836 2075 peccacatum

405 2052 526 2120 CAPUT
547 2056 574 2119 I.
966 2069 1025 2128 vim
1042 2083 1115 2131 esse
1131 2070 1334 2150 lacrymarum
1350 2120 1359 2147 ,
1376 2083 1408 2136 ut
1423 2083 1548 2153 peccata
1565 2079 1665 2143 lavent
1680 2126 1689 2154 ‚
1707 2089 1835 2148 testatur

14 2191 15 2214 ἦ
966 2157 1092 2213 sanetus
1106 2151 1241 2216 Ioannes
1257 2153 1509 2236 chrysostomus,
1533 2167 1566 2223 ut
1587 2163 1665 2226 alios
1680 2165 1786 2228 Patres
1802 2181 1836 2229 o·

57 2225 218 2312 deprimo
231 2231 341 2310 fructu
357 2229 592 2310 lacrymarum,
609 2229 668 2309 qui
682 2233 728 2290 eut
741 2243 814 2308 spes
830 2235 921 2294 certo
966 2233 1094 2308 mittam,
1109 2234 1141 2296 ic
1155 2236 1278 2298 homilia
1292 2244 1376 2298 sexta
1393 2239 1423 2301 lu
1439 2240 1636 2320 hetthaeum,
1654 2247 1707 2310 nbi
1724 2249 1832 2311 scribit

14 2381 16 2400 Ι
278 2314 715 2394 remissioniopecoutorum.
966 2316 1118 2396 lacrymas
1131 2317 1252 2382 solvere
1264 2321 1451 2384 seutentiam
1464 2323 1832 2408 Indicisaeternilnpec·

14 2441 17 2482 ,
967 2404 1087 2462 catores
1105 2401 1421 2482 prolatnm‚loorymas
1434 2407 1523 2469 unire
1536 2408 1669 2472 animam
1684 2430 1753 2475 cum
1769 2414 1832 2477 lleo

14 2521 17 2568 t
95 2478 305 2558 hperuimus,
333 2479 491 2558 aspirante
508 2481 571 2544 ileo
586 2481 689 2544 tontes
715 2481 922 2562 lacrymarum
965 2496 1058 2556 anuo
1074 2498 1130 2560 per
1143 2490 1305 2560 peceatum
1318 2484 1417 2548 luerat
1431 2492 1742 2572 separatn,tacrymos
1754 2504 1835 2560 trau-

14 2609 17 2626 .
55 2561 247 2626 duodecim:
270 2579 354 2626 nune
370 2577 408 2626 ex
433 2563 472 2626 iis
495 2561 633 2626 lontibus
662 2565 744 2626 riros
766 2563 922 2630 deducere
965 2565 1095 2642 quillare
1111 2569 1257 2637 animam.
1274 2583 1354 2645 quae
1370 2570 1410 2632 oh
1427 2586 1601 2636 remorsum
1616 2579 1831 2642 eonscientiae

14 2633 17 2732 J
55 2647 90 2710 ad
103 2646 225 2709 areolas
240 2651 412 2709 aromatum
428 2647 621 2725 propositum
634 2648 725 2711 nobis
738 2653 833 2720 estut
846 2648 921 2712 inde
966 2648 1147 2710 conturbata
1164 2655 1240 2711 erat.
1253 2649 1339 2712 ldern
1353 2649 1592 2733 chrysostomus
1605 2660 1758 2724 concione
1771 2664 1832 2740 pri-

14 2773 16 2816 ,
56 2727 241 2808 colligamus
256 2728 363 2797 flores.
388 2730 436 2791 rel
464 2729 582 2792 iruulus
608 2729 760 2793 rariorum
777 2731 921 2808 spiritua·
967 2744 1013 2788 ma
1029 2730 1209 2804 deLazaro,
1226 2738 1256 2793 et
1272 2732 1397 2795 homilia
1422 2737 1591 2813 quintode
1621 2743 1829 2822 poenitentia,

14 2855 17 2898 ,
56 2813 128 2874 lium
142 2811 309 2876 donorum.
326 2810 424 2874 lirunt
439 2818 541 2875 autem
555 2813 672 2876 tructus
685 2813 863 2884 duodecim,
877 2815 922 2876 iu·
965 2810 1086 2884 scribit,
1103 2819 1215 2874 tantam
1232 2829 1304 2876 esse
1317 2817 1376 2878 rim
1393 2817 1598 2897 lacrymarum
1610 2823 1746 2888 hominis
1759 2843 1830 2906 poe·

14 2939 17 2982 Ι
55 2901 101 2956 xta
115 2909 281 2958 numerum
298 2894 440 2970 lentium,
457 2902 488 2958 ot
503 2895 635 2958 tortasse
650 2895 701 2957 isti
718 2901 791 2956 sunt
803 2893 920 2960 tructus
964 2893 1102 2964 nitentis,
1119 2902 1151 2958 nl
1167 2895 1327 2975 extinguat
1341 2897 1447 2978 ignem
1462 2902 1728 2980 gehennae.ldem
1745 2911 1834 2974 deni·

14 3023 17 3064 Ι
56 2978 232 3053 duodecim,
246 2978 298 3056 qui
316 2985 486 3040 nascuntur
501 2992 538 3040 ex
561 2979 646 3056 ligno
674 2977 774 3054 ritae,
793 2977 921 3058 irrigato
965 2991 1025 3055 que
1047 2978 1175 3040 homilia
1197 2980 1335 3040 secunda
1364 2982 1396 3042 in
1423 2984 1578 3061 psalmum
1607 2989 1830 3069 quinguagesi-

56 3061 183 3122 caelesti
198 3057 341 3136 humine,
366 3066 397 3122 ut
413 3060 548 3140 legimus
569 3060 600 3121 in
615 3060 801 3139 Apocalypsi
819 3062 920 3126 saneti
966 3075 1062 3132 tuum,
1078 3067 1165 3122 uocat
1180 3061 1362 3141 lacrymam,
1382 3068 1545 3144 spongiam
1569 3081 1779 3146 peecatorum,
1804 3082 1835 3138 nl

15 3173 18 3214 ,
56 3141 190 3208 loannis:
203 3158 277 3206 rere
290 3143 373 3206 enirn
386 3145 522 3205 caeleste
534 3141 653 3205 flumen
669 3142 731 3204 diui
748 3144 921 3220 potest,llu·
966 3143 1108 3221 martyrio
1123 3142 1272 3206 similem:
1290 3143 1362 3222 quia
1376 3148 1458 3210 sicut
1468 3147 1581 3230 llnrtyr
1592 3153 1693 3216 tundit
1708 3159 1833 3237 sungui-

15 3215 17 3314 ξ
57 3242 121 3288 men
136 3226 438 3307 lacrymarum,quno
454 3243 470 3288 a
486 3224 601 3302 Spiritu
617 3225 771 3302 originem
788 3226 918 3290 ducunt.
965 3241 1049 3297 nem,
1065 3229 1111 3287 sic
1127 3225 1291 3302 poenitens
1306 3225 1407 3289 lundit
1432 3230 1595 3310 lacrymas.
1613 3234 1668 3298 Cui
1684 3238 1830 3302 similitu·

15 3355 17 3370 .
57 3307 211 3388 Principio
226 3308 320 3388 igilur
335 3309 490 3390 lacrymae
506 3307 728 3385 poenitentiae,
745 3324 826 3384 quae
838 3309 919 3389 deri·
965 3307 1029 3368 dini
1044 3308 1214 3388 adiungere
1230 3324 1409 3386 possumus,
1427 3317 1511 3390 quod
1529 3317 1609 3379 sicut
1623 3318 1733 3400 llartyr
1748 3324 1833 3384 scin·

15 3387 17 3470 ᾖ
56 3398 158 3455 rantur
178 3407 215 3456 ex
230 3393 315 3454 tonle
330 3391 590 3455 considerationis
618 3389 840 3470 magnitudinis
852 3407 922 3471 pec·
965 3390 1049 3451 ditur
1063 3398 1094 3451 et
1108 3390 1262 3453 laceratur
1275 3391 1455 3470 inssoorpore
1471 3441 1479 3468 ,
1495 3395 1542 3460 sic
1558 3414 1650 3462 verus
1666 3404 1832 3478 poenitens

15 3471 17 3530 Γ
55 3481 207 3552 catorum,
223 3474 402 3555 producunt
423 3489 512 3552 soem
530 3479 645 3537 certam
663 3472 876 3552 indulgentiae
892 3483 923 3537 et
965 3471 1159 3551 scinditipse
1174 3478 1617 3553 corsuum,etoonterit,inrrla
1630 3494 1831 3563 praeceptum

16 3553 17 3618 1
55 3557 317 3621 reconciliationis
332 3573 403 3621 oum
422 3558 486 3620 beo
502 3601 510 3628 ‚
527 3572 565 3618 ex
580 3573 641 3632 cua
655 3555 753 3619 oritur
768 3556 799 3617 in
815 3557 921 3620 animo
966 3553 1098 3616 Domini:
1116 3554 1264 3620 scindite
1279 3559 1380 3620 cordo
1393 3568 1522 3638 uestro,
1552 3571 1583 3626 et
1597 3565 1679 3628 iuxta
1695 3567 1831 3634 testimo·

16 3687 17 3706 2
55 3640 240 3718 poenitentis
269 3641 418 3703 exultatio
446 3646 477 3704 et
503 3637 619 3704 laetitia
650 3637 918 3716 incomparabilis.
965 3637 1049 3699 ntum
1065 3637 1240 3719 Propheta:
1267 3637 1327 3702 Gor
1347 3645 1548 3719 contritum,
1575 3652 1605 3710 et
1621 3647 1833 3718 humitiatum

16 3725 17 3778 ξ
54 3721 292 3798 Quamuiseuim
314 3739 385 3786 aera
410 3721 556 3785 contritio
583 3722 713 3798 cordis,
740 3729 771 3784 et
786 3736 920 3800 syncera
963 3719 1048 3784 occu
1058 3736 1127 3784 oon
1138 3723 1309 3800 despicies.
1322 3722 1485 3788 Praeterea
1509 3727 1591 3790 sicut
1613 3729 1827 3811 ltartyrollert

55 3806 207 3870 contessio
223 3821 294 3868 cum
311 3807 471 3885 proposito
486 3804 722 3880 satisfaciendi,
750 3810 782 3866 et
795 3803 919 3867 ahsolu-
964 3802 1094 3866 Domino
1109 3803 1295 3868 sacritlcium
1311 3807 1522 3884 gratissimum
1536 3814 1643 3874 mortis
1656 3817 1774 3878 suaein
1787 3826 1831 3880 te-

55 3889 92 3952 tio
106 3887 285 3952 Sacerdotis
308 3888 532 3968 indulgentiam
560 3905 576 3950 a
604 3885 667 3950 beo
694 3887 867 3960 obtineant,
886 3895 916 3950 et
963 3884 1141 3950 stimonium
1158 3885 1242 3963 lidei;
1259 3888 1305 3949 sic
1320 3894 1351 3950 et
1364 3904 1456 3952 uerus
1482 3895 1646 3969 poenitens
1667 3897 1758 3960 ollert
1779 3917 1826 3962 sa·

53 3979 175 4050 peecata
192 3972 316 4035 deleant
331 3990 340 4049 ;
357 3978 458 4034 tamen
478 3987 552 4048 spes
568 3972 719 4048 quaedam
737 3971 804 4032 vira
818 3969 857 4032 de
871 3985 918 4034 re·
963 3967 1115 4032 orihoium
1132 3969 1326 4064 acceptabile
1339 3969 1470 4036 homino
1485 3974 1613 4054 spiritus
1630 3980 1829 4046 contribulati

54 4055 201 4117 missione
215 4057 349 4133 peceati,
366 4060 396 4116 et
408 4053 496 4134 quasi
513 4053 627 4134 pignus
650 4053 919 4117 reconciliationis
963 4059 993 4112 et
1009 4051 1112 4115 cordis
1128 4054 1250 4115 oontrrti
1269 4055 1299 4114 in
1316 4053 1530 4120 testimonium
1547 4059 1608 4122 odii
1633 4076 1705 4140 erga
1721 4080 1832 4135 pecca·

53 4135 191 4216 lacrymis
208 4137 353 4201 debetur.
369 4137 420 4200 Sic
434 4139 516 4200 enirn
530 4135 665 4214 loquitur
677 4134 771 4198 David
788 4134 819 4196 in
832 4135 917 4198 Psal·
963 4139 1024 4196 tum
1042 4142 1072 4196 et
1086 4135 1244 4197 charitatis
1259 4150 1332 4214 erga
1348 4135 1703 4220 Deum.lienique,sieut
1718 4145 1830 4226 blartyr

53 4235 99 4282 mo
111 4219 375 4298 serto;hohoroui
384 4221 422 4283 in
432 4221 556 4299 gemitu
566 4235 639 4283 meo
651 4219 767 4282 locabo
777 4233 838 4295 per
849 4219 918 4282 sirr-
962 4217 1030 4279 sine
1046 4217 1225 4295 turgatcrio
1240 4225 1324 4280 recta
1341 4219 1421 4282 volnt
1436 4223 1472 4283 ad
1489 4224 1609 4285 caelum
1626 4227 1673 4286 sic
1688 4234 1719 4288 et
1734 4243 1826 4292 rerus

17 4305 18 4310 ’
51 4302 141 4382 polos
155 4307 266 4366 noctes
278 4303 396 4366 tectum
412 4319 544 4379 orcum,
567 4303 722 4382 lacrymis
736 4301 817 4364 meis
832 4307 917 4363 etro·
962 4300 1126 4375 poenitens
1143 4297 1308 4378 aliquando
1324 4314 1362 4361 ex
1378 4305 1512 4378 pertenta
1525 4307 1733 4384 potestatione
1759 4327 1831 4388 peo-

53 4389 115 4447 tum
128 4400 239 4448 meum
249 4387 377 4466 rigabo,
395 4388 426 4446 et
439 4393 546 4461 postea
562 4384 736 4462 subiungit:
754 4385 916 4448 discedite
961 4383 1031 4454 cati,
1048 4388 1079 4444 et
1093 4381 1229 4460 perlecta
1245 4427 1254 4454 ,
1272 4387 1365 4460 atque
1379 4386 1499 4448 ardenti
1516 4387 1665 4451 charitate
1682 4391 1713 4453 in
1731 4390 1827 4454 iteum

53 4483 129 4530 ome
141 4470 322 4545 omnesqui
331 4468 520 4548 operamini
531 4468 918 4548 iniquitatemquoniom
960 4464 1092 4526 lundens
1106 4465 1258 4543 lacrymas
1274 4463 1431 4541 copiosas,
1450 4469 1674 4549 indulgentiam
1690 4477 1825 4552 percipit

18 4555 19 4558 ’
53 4551 516 4615 emcodioitliominusoocem
530 4547 625 4630 lictus
646 4547 911 4628 metbhirides,
961 4548 1829 4633 plenissimampeecatorum,consulumquoadremis·

53 4635 220 4696 exauditam
236 4635 334 4697 tuisse
345 4649 452 4698 rocem
467 4633 561 4696 fletus
577 4632 687 4710 magis.
698 4647 790 4712 quam
807 4646 914 4694 rocem
959 4629 1078 4692 sienem
1103 4632 1236 4707 eulpae,
1260 4631 1316 4692 sed
1340 4632 1431 4694 etiam
1447 4637 1547 4713 quoad
1565 4637 1827 4701 condonationem

52 4715 221 4779 uerborum:
249 4713 406 4780 efficacius
433 4718 517 4778 enim
541 4715 714 4790 locuuntur
735 4714 913 4778 inauribus
960 4727 1091 4789 poenae.
1104 4713 1262 4776 Habemus
1279 4713 1372 4776 huius
1394 4717 1438 4778 rei
1464 4718 1639 4795 exemplum
1655 4719 1780 4796 insigne
1797 4723 1828 4784 in

53 4796 104 4860 liei
119 4799 296 4881 lacrymae,
314 4817 405 4874 cuam
421 4799 528 4862 rerba.
544 4797 632 4860 Idem
648 4795 806 4876 colligitur
820 4812 858 4858 ex
870 4797 914 4860 la·
961 4795 1088 4857 historia
1102 4799 1141 4857 de
1156 4795 1214 4857 rita
1227 4811 1255 4858 s.
1272 4793 1456 4862 Catharlnae
1478 4799 1629 4863 Senensis
1643 4849 1650 4868 .
1668 4817 1759 4878 uuam
1783 4807 1829 4866 rir

52 4881 158 4959 crymis
174 4887 300 4945 sauctae
315 4881 428 4944 llariae
443 4881 655 4960 llagdalenae:
671 4879 725 4942 illa
749 4879 834 4942 enim
850 4895 912 4942 non
959 4879 1157 4956 grauissimus
1172 4877 1372 4958 Raymundus
1387 4879 1563 4957 capuanus,
1575 4881 1716 4946 eiusdem
1732 4885 1829 4949 sttr-

52 4963 159 5040 rerbis,
177 4965 232 5026 sed
249 4965 396 5047 lacrymis
411 4964 551 5027 dolorem
573 4963 612 5024 de
639 4964 773 5041 peccatis
799 4977 912 5025 conoe·
957 4961 1039 5035 ginis
1054 4960 1282 5034 Coniessarius
1300 4960 1398 5024 literis
1416 4965 1594 5042 mandavit,
1613 4973 1644 5027 et
1660 4967 1742 5045 quod
1759 4984 1828 5032 rem

52 5051 128 5120 ptum
144 5047 292 5110 ostendit:
310 5049 476 5125 lacrymis,
494 5063 555 5109 non
572 5045 675 5108 rerhis
697 5044 841 5108 contessa
863 5051 913 5109 est
955 5041 1016 5106 ilde
1032 5044 1247 5123 dignissimam
1264 5057 1336 5106 esse
1353 5048 1503 5118 testatur,
1528 5049 1704 5129 exemplum
1723 5052 1827 5126 ipsum

52 5136 168 5202 peccata
186 5145 240 5192 sua
256 5146 265 5190 :
282 5130 425 5209 lacrymis
441 5175 449 5202 ,
466 5145 528 5191 non
545 5127 662 5192 ieiunio
678 5132 730 5191 aut
744 5127 907 5204 oratioue,
956 5128 986 5188 iu
1003 5141 1168 5204 personam
1195 5125 1338 5189 eiusdem
1364 5125 1535 5208 ttaymundt
1560 5133 1702 5212 contigit.
1728 5131 1827 5210 Igitur

52 5217 98 5272 aut
110 5212 320 5288 eleemosynis
333 5211 498 5274 sorisiecit.
514 5210 552 5273 Et
567 5217 669 5274 tamen
697 5209 835 5274 audivit:
851 5209 911 5274 Re·
959 5210 1136 5286 praedictus
1150 5207 1353 5289 Raymundus
1367 5210 1535 5288 aliquando
1550 5229 1566 5275 a
1582 5230 1611 5277 s.
1629 5215 1748 5295 virgine
1765 5215 1819 5278 (la-

51 5293 214 5358 mittuntur
225 5295 284 5358 tibi
296 5300 433 5374 peccota
451 5298 521 5370 tun,
539 5299 579 5366 et,
596 5295 679 5373 quin
694 5294 813 5357 ditescit
827 5294 911 5357 ruot-
958 5292 1075 5354 tharina
1091 5291 1229 5368 petiit,ut
1241 5291 1389 5369 precihus
1404 5294 1472 5356 suis
1487 5299 1675 5360 acommuni
1691 5297 1820 5361 homino

52 5379 127 5450 tum,
141 5378 355 5441 remittuntur
369 5377 401 5440 ei
411 5381 547 5455 peccato
561 5377 680 5439 multu.
702 5375 910 5439 Dilectionem
954 5374 1136 5453 impetraret
1149 5373 1268 5436 Bullam
1280 5375 1342 5454 (sle
1354 5374 1437 5438 euim
1452 5377 1537 5458 loqui
1554 5377 1600 5440 illi
1612 5373 1826 5459 placuit),ple·

51 5460 144 5520 autem
160 5461 288 5523 multam
314 5460 452 5540 larymae
479 5457 698 5522 testabantur:
718 5459 798 5538 unia
825 5459 910 5522 enim
956 5458 1059 5519 uariae
1074 5456 1310 5536 indulgentiae,
1337 5473 1392 5534 per
1413 5474 1506 5538 quam
1529 5459 1601 5540 ipse
1622 5460 1824 5542 haymundus

50 5539 170 5605 multum
184 5542 395 5606 detestabatur
409 5548 559 5621 peccata,
585 5542 668 5620 qnod
685 5543 840 5622 lacrymae
854 5542 909 5605 de·
955 5541 1069 5603 certior
1083 5539 1290 5612 redderetur,
1314 5540 1376 5603 sibi
1398 5547 1526 5621 peccata
1542 5542 1642 5606 omnia
1657 5541 1758 5606 luisse
1773 5544 1819 5606 di·

50 5625 264 5703 monstrabant,
276 5625 402 5708 signum
418 5625 547 5690 euidens
563 5630 651 5703 erut,
666 5625 707 5690 ab
723 5639 759 5691 aa
775 5624 906 5689 multum
954 5623 1062 5688 missu.
1079 5638 1107 5688 s.
1122 5619 1217 5703 Virgo
1232 5620 1395 5687 catharina
1412 5624 1551 5703 pollicita
1572 5631 1633 5702 est,
1649 5641 1686 5690 se
1701 5623 1828 5694 Bullam
