4054 6246
716 244 894 304 botentrot
916 245 1103 308 cuisrttrtb

142 377 255 444 liniter
270 375 351 440 almo
366 373 488 440 tietuini
504 419 512 448 ,

184 462 359 540 Sancteque
374 459 447 522 lesu
464 457 604 534 nomini,

184 543 231 608 Sit
245 542 313 606 laus
330 589 338 616 ,
355 541 452 605 decus
468 588 476 616 ‚
492 542 641 619 dileetio,

186 626 233 694 Sit
246 626 326 700 laus,
343 630 374 690 et
389 623 527 706 dloqsio.
546 626 655 690 dmeo.

382 789 515 856 Oramus
630 843 631 848 ,

58 961 249 1028 coelestium
272 959 422 1023 donorum
445 954 626 1018 distributor
645 954 749 1032 Deus,
773 955 826 1036 qui
842 957 873 1020 in

19 1051 160 1130 angelico
175 1048 290 1129 iurene
305 1039 549 1136 lloysiomiram
564 1038 643 1136 ritae
666 1040 872 1135 innocentiam

20 1137 82 1222 pari
99 1150 173 1198 curn
189 1129 376 1208 poenitentia
391 1129 528 1186 soorasir:
546 1138 614 1202 ejus
630 1129 747 1186 meritis
762 1129 792 1186 et
805 1137 873 1200 nro·

18 1224 105 1288 cibus
121 1213 274 1286 concede3
291 1216 323 1272 ut
339 1205 536 1269 innocentem
554 1219 614 1269 non
631 1206 729 1268 secuti
745 1221 753 1283 ;
767 1206 874 1284 poeui-
945 1286 950 1298 .

18 1310 132 1370 tentem
144 1299 312 1362 imitemur.
328 1291 386 1352 Per
400 1286 565 1352 Dominum
581 1291 643 1354 eto.

367 1499 518 1566 tiitirttis
598 1523 599 1526 ¹

116 1725 151 1788 S.
168 1718 329 1785 stanislai
342 1715 483 1782 Kostboe
496 1716 656 1780 societatis
669 1717 757 1782 iaso.
807 1712 810 1789 ζ

140 1893 241 1956 tiiator
256 1906 296 1954 en
312 1885 476 1974 amabilis,

182 1969 259 2037 Puer
272 1970 421 2037 Stanislas
438 1966 552 2030 nobilis

182 2057 292 2126 cannis
306 2059 435 2118 amiotus
449 2049 563 2115 vitibus

181 2141 265 2205 ctam
279 2141 315 2202 s'o
330 2139 448 2214 recenti
461 2134 617 2197 omnibus.
647 2167 650 2172 ·

137 2225 229 2289 Nullo
245 2227 377 2286 moratur
392 2219 494 2299 objice

180 2307 363 2386 Christoque
379 2305 490 2364 ductus
504 2300 630 2380 auspice

180 2392 310 2455 Domum
328 2385 410 2448 rcuit
424 2383 647 2463 plaudentibus

179 2468 479 2555 Igdatii‘sotlot'tbus.
514 2509 518 2518 .

138 2556 264 2621 cunetis
279 2555 387 2616 subest
402 2548 555 2614 tironibus
609 2581 612 2588 ·

180 2640 242 2703 Sed
258 2639 306 2699 bis
323 2635 420 2715 praeit
435 2633 607 2710 rirtutibuS,

177 2721 290 2785 Rerum
305 2735 399 2798 aanor
414 2716 594 2798 coelestium

178 2805 245 2868 lam
259 2803 291 2868 itt
307 2799 452 2879 magister
465 2797 615 2863 omnium.

136 2889 254 2952 ardore
271 2885 367 2948 misso
382 2882 514 2945 coelitus

177 2970 358 3034 Incendtiur
373 2964 551 3029 medullitus

180 3055 241 3117 lieo
256 3051 348 3114 corda
364 3049 474 3112 sedant
488 3048 577 3126 ignea

180 3135 305 3200 Pertusa
321 3132 456 3212 lymubis
470 3131 575 3194 lintea.

136 3221 203 3284 lion
218 3220 290 3298 igne
305 3224 385 3279 totus
401 3214 519 3288 uritur,

178 3300 325 3366 Fluminis
340 3300 407 3362 suis
422 3296 605 3374 absumitur,

180 3387 241 3449 Sed
258 3381 516 3458 uritursuariter,

177 3468 216 3530 Et
231 3465 345 3529 occidit
358 3464 499 3526 feliciter.

137 3551 210 3614 bam
227 3549 354 3628 quodie
371 3545 577 3626 praedixerat,

178 3634 294 3696 itdnsse
306 3645 367 3709 quo
383 3636 559 3708 speraverat

180 3716 274 3780 Cocio
289 3717 433 3788 receptae
448 3712 587 3790 Virgini,

178 3794 586 3862 blentemrclutiitiiumiui.
654 3831 657 3836 -

135 3883 222 3956 Tibi,
240 3884 327 3944 besta
342 3878 474 3941 Trinitas
487 3924 496 3955 ‚

178 3967 312 4028 baodem
328 3961 476 4040 perennis
492 3961 604 4034 unitas,
718 4001 722 4008 -

178 4049 259 4111 Laus
275 4053 304 4109 ei
319 4045 419 4106 beatis
431 4044 576 4110 omnibus

181 4132 227 4204 sn
240 4129 367 4208 uirginis
381 4126 556 4189 nitentibus.
573 4127 682 4192 brnen.

54 4222 83 4290 i.
100 4215 161 4280 Ora
178 4231 234 4295 nro
250 4211 342 4296 nobis
357 4209 569 4278 s.«Stauislue.
585 4217 616 4287 ri.
635 4211 771 4296 trutger
787 4222 848 4282 etc.

381 4378 527 4466 (iremus,
631 4423 634 4428 .

53 4553 152 4622 bans,
169 4550 221 4625 qui
236 4549 316 4610 inter
331 4549 431 4610 catere
446 4541 617 4622 sapientiae
641 4549 709 4608 tuae
726 4545 870 4610 miracula

20 4637 102 4695 etiam
119 4635 151 4695 iu
170 4642 273 4694 tenera
288 4634 388 4693 aetate
403 4637 540 4692 maturae
557 4630 729 4692 sanctitatis
743 4631 870 4710 qratiam

21 4717 187 4791 contulisti,
203 4719 240 4778 de
256 4729 456 4794 quaesumus,
474 4717 506 4774 ut
521 4710 552 4772 b.
569 4709 713 4774 Stnnisiai
727 4713 871 4791 exemplo

21 4808 138 4880 tenpus
161 4797 312 4862 instanter
326 4797 484 4875 operando
500 4794 688 4856 redimentes
716 4795 745 4856 in
772 4801 871 4858 eeter-

21 4900 82 4944 nam
99 4881 224 4963 ingredi
246 4881 385 4960 requiem
413 4876 608 4940 festinemus.
625 4875 683 4940 Per
708 4875 871 4946 bominum

21 4976 74 5030 tie.

366 5134 520 5200 filonis

64 5303 97 5366 S.
114 5303 287 5371 Francisci
300 5307 340 5372 de
355 5287 551 5389 lineroniino
565 5306 715 5374 socictate
730 5307 818 5372 dean.
855 5331 856 5338 ¹

138 5464 333 5552 Quicumque
348 5475 386 5539 ab
402 5475 464 5541 imo
479 5482 605 5556 pectore

185 5551 303 5620 Dolens
319 5559 413 5622 trabis
428 5563 549 5642 suspiro
565 5609 573 5633 .

186 5636 341 5703 Francisoi
357 5643 395 5706 ad
411 5660 491 5708 aram
508 5645 618 5727 sistito,

86 5736 250 5800 Brntrurrtt
268 5743 327 5804 toi.
349 5746 391 5805 i’i.

1083 381 1245 463 opemque
1259 382 1358 448 tideus
1373 383 1493 452 inrocn.

1041 464 1098 529 llio
1113 472 1197 530 areat
1212 466 1284 529 binc
1299 465 1463 534 iurantium
1545 521 1548 529 .

1082 549 1191 612 Prneul
1207 556 1345 613 calatas
1359 551 1560 622 daemonum.

1086 632 1205 697 0besse
1220 647 1278 695 neo
1293 632 1382 696 uobis
1397 635 1473 700 sinit

1083 713 1470 783 Arteseorumsubdolas.
1575 786 1578 793 ,

1043 796 1091 860 11Ιί
1108 797 1200 876 ignis,
1217 812 1270 860 aer
1284 796 1422 872 flumina,

1081 881 1246 960 neriusque
1262 881 1337 943 ricta
1351 881 1505 960 subditur,
1609 937 1612 944 .

1083 962 1218 1042 Suisque
1235 977 1329 1042 prona
1343 964 1485 1045 iussibus

1082 1045 1198 1108 'tristes
1214 1045 1365 1110 refraenat
1380 1047 1525 1128 impetus

1040 1127 1129 1190 iilum
1146 1128 1286 1192 doiorum
1302 1131 1406 1194 leiritro

1083 1208 1339 1274 Cobors'subaete
1355 1211 1486 1294 suscipit

1082 1293 1267 1372 Fractusque
1282 1293 1364 1358 vires
1379 1296 1542 1363 lacrimans

1081 1375 1202 1438 reatina
1218 1385 1298 1439 retro
1313 1379 1450 1444 vertitur.

1037 1459 1097 1521 liic
1114 1463 1253 1536 patrono,
1270 1460 1397 1536 auspice

969 1559 971 1568 '
1080 1541 1207 1604 Intende
1223 1541 1337 1606 cedunt
1351 1541 1501 1608 crimina:

1081 1623 1165 1687 Nitor
1179 1624 1259 1686 redii
1274 1624 1457 1698 virtutibus,

1082 1706 1237 1787 Quiesque
1251 1707 1347 1769 menti
1363 1708 1512 1774 redditur.
1600 1741 1606 1754 ·

1041 1789 1151 1852 Dicant
1167 1789 1283 1862 iberus,
1300 1789 1409 1866 italus,
1441 1798 1444 1804 '

1078 1872 1362 1954 Germaniamque,
1379 1877 1410 1937 et
1423 1872 1546 1940 indicus

1081 1957 1177 2033 Quam
1193 1957 1232 2019 sit
1246 1970 1385 2035 perenne
1401 1957 1432 2017 in
1444 1965 1564 2036 asperis

1006 2101 1010 2104 .
1078 2038 1509 2104 Rebusieramenomnibus.

1043 2119 1174 2186 laterna
1187 2121 1267 2184 Patri
1283 2123 1410 2202 gloriae,

1081 2206 1210 2268 Aeiema
1227 2203 1317 2282 proli,
1336 2211 1366 2266 et
1379 2205 1501 2282 unicae,

1063 2286 1427 2350 xanternasitiuractito
1550 2293 1554 2308 '

1079 2371 1115 2434 In
1131 2371 1324 2434 sacculorum
1340 2370 1474 2434 saecula.
1492 2369 1601 2437 Amen.

1270 2531 1423 2596 orbitus

955 2703 1039 2766 Deus
1054 2699 1154 2786 quib.
1169 2699 1384 2779 Franciscum,
1398 2702 1437 2766 ad
1453 2704 1624 2771 animarum
1640 2709 1770 2789 salutem

913 2787 1059 2848 eximium
1076 2784 1161 2848 verbi
1177 2785 1219 2846 tui
1236 2800 1421 2863 praeconem
1436 2783 1580 2853 allerisii:
1598 2790 1666 2872 ejus
1680 2795 1771 2859 nobis

912 2869 1136 2934 intercessione
1151 2867 1337 2938 concedent
1350 2867 1428 2949 legis
1443 2874 1512 2933 tuae
1525 2873 1665 2941 mandate
1681 2883 1712 2940 et
1720 2879 1779 2958 ju·'

913 2953 992 3031 giler
1006 2957 1178 3015 scrutemur
1192 2951 1224 3011 in
1237 2951 1341 3026 corde,
1356 2950 1528 3019 etiideiiter
1540 2957 1686 3037 operibus
1699 2975 1771 3026 exe·

914 3033 1128 3118 quamur..Pnr
1141 3033 1305 3097 Dominum
1323 3037 1383 3098 cte.

1241 3210 1433 3310 oraru.

1501 3391 1727 3458 nauteam.

954 3565 1048 3630 Sento
1062 3561 1185 3627 liliouso
1199 3559 1290 3625 ituria
1317 3557 1491 3640 de'btguorl
1511 3558 1671 3624 londatore
1685 3562 1769 3628 delia

913 3651 1155 3728 congregazione
1169 3646 1221 3710 det
1236 3644 1286 3708 Ss.
1301 3643 1488 3718 liodcntoro,
1502 3658 1520 3706 e
1535 3657 1663 3708 resooro
1685 3644 1718 3708 di
1733 3646 1767 3710 S.

912 3733 1004 3812 bgata
1026 3729 1178 3806 de'doti,
1209 3727 1289 3790 neila
1318 3743 1374 3789 sua
1397 3727 1535 3804 preciose
1559 3731 1696 3803 operetta
1712 3728 1767 3794 dot

911 3831 996 3894 qron
1010 3829 1119 3878 mezzo
1134 3812 1221 3876 delto
1234 3808 1421 3889 Preqbiern,
1439 3809 1508 3872 dine
1523 3808 1602 3871 nost.
1678 3857 1687 3876 ,

956 3914 970 3958 r
989 3896 1044 3960 cut
1060 3911 1165 3976 prena,
1181 3897 1370 3956 conternante
1386 3891 1414 3954 si
1429 3891 1509 3954 satra
1525 3908 1534 3952 a
1558 3892 1608 3954 nbi
1621 3907 1682 3956 non
1700 3903 1769 3971 ure·

860 4007 862 4012 ·
913 3996 963 4058 ga,
979 3986 1165 4042 neriamcnte
1179 3977 1205 4040 si
1222 3977 1334 4038 danna.
1351 3974 1430 4038 Tuiti
1447 3976 1454 4036 i
1471 3973 1553 4038 beuti
1579 3973 1767 4053 (eenettnati

914 4062 1100 4140 ibambini)
1122 4061 1149 4124 si
1174 4076 1231 4122 son
1247 4056 1352 4125 salvati
1375 4057 1423 4120 eoi
1451 4071 1603 4136 erogare,
1631 4073 1649 4121 e
1676 4057 1770 4120 tuttii

915 4144 1039 4208 daunati
1053 4147 1079 4206 si
1095 4160 1152 4208 son
1169 4141 1288 4223 perduti
1303 4156 1358 4220 per
1370 4156 1432 4203 non
1447 4155 1518 4204 orer
1531 4145 1669 4220 preqatn.
1682 4142 1771 4204 Parte

913 4226 940 4291 I.
956 4227 993 4292 Ca
1021 4227 1085 4292 .11.
1145 4285 1148 4296 ,
1525 4277 1549 4296 ,.

958 4245 1021 4374 niis
1035 4313 1045 4384 i
1059 4310 1233 4390 sogqiunqe
1250 4307 1330 4370 neila
1346 4305 1425 4368 Part.
1441 4304 1481 4368 il.
1499 4303 1572 4384 Can.
1588 4303 1659 4385 tv.)
1681 4322 1770 4371 aren·

915 4394 955 4456 rio
970 4401 1123 4456 osscrrata
1140 4389 1303 4454 i'assoluto
1326 4387 1479 4452 necessitb
1503 4394 1532 4450 dr
1555 4405 1695 4468 pregare,
1711 4391 1771 4452 ebo

917 4478 1106 4556 imnonqono
1119 4475 1147 4538 le
1161 4475 1263 4538 dtrine
1275 4472 1417 4536 soritturo
1427 4470 1506 4534 delia
1516 4471 1667 4550 qualesun
1678 4472 1773 4550 piene

915 4560 980 4624 cosi
995 4559 1018 4622 it
1031 4559 1160 4622 reccbio
1175 4571 1263 4620 come
1274 4555 1297 4618 il
1309 4571 1411 4618 nuovo
1426 4553 1634 4632 testamento,
1645 4556 1685 4617 bo
1701 4572 1771 4633 pro·

917 4649 1021 4722 curato
1047 4639 1262 4704 d’introdurre
1288 4637 1370 4700 uelle
1395 4635 1537 4700 missioni
1562 4637 1642 4698 dcila
1666 4644 1770 4702 nostre

917 4725 1169 4804 congregazione,
1182 4724 1317 4786 siccome
1331 4722 1357 4784 si
1380 4719 1493 4800 prutina
1516 4719 1553 4783 de
1576 4720 1662 4782 molti
1684 4723 1769 4796 anni,

916 4809 975 4872 obe
996 4810 1023 4872 si
1046 4809 1139 4870 laonia
1166 4821 1289 4885 sempre
1312 4803 1340 4866 la
1374 4804 1499 4880 predica
1525 4804 1605 4866 della
1629 4805 1771 4882 preqbie·

917 4909 966 4954 ru:
989 4891 1105 4963 edico,
1128 4889 1246 4966 replico
1270 4905 1288 4952 e
1309 4885 1482 4965 reniicberd
1504 4901 1639 4965 sompno,
1661 4887 1772 4952 sinebit

918 4978 958 5038 bo
979 4973 1051 5052 rite,
1073 4976 1132 5036 obe
1153 4978 1227 5034 tutia
1242 4973 1270 5034 ia
1283 4977 1384 5035 nostra
1407 4969 1506 5031 salute
1522 4976 1567 5032 sta
1591 4970 1642 5031 nel
1663 4986 1774 5049 progna

917 5074 963 5136 re,
977 5058 1035 5120 ebe
1048 5055 1153 5137 percio
1174 5057 1241 5118 tuiti
1254 5055 1296 5129 qli
1307 5051 1441 5118 scrittori
1454 5049 1568 5116 ne'toro
1580 5051 1664 5123 libri,
1679 5056 1745 5124 tutti
1760 5054 1771 5117 i

917 5141 997 5221 segni
1020 5142 1131 5204 oratori
1146 5140 1228 5202 nelle
1250 5140 1315 5201 loro
1331 5135 1500 5215 prediobe,
1534 5150 1552 5197 a
1579 5133 1645 5196 tutti
1667 5135 1676 5198 i
1698 5152 1772 5202 con·
1800 5139 1802 5142 ’

918 5222 1027 5288 lessori
1042 5222 1114 5286 ucll'
1127 5221 1353 5286 amministrare
1374 5218 1395 5278 it
1412 5217 1611 5280 sacramento
1623 5218 1703 5280 della
1720 5235 1773 5297 ne·

917 5309 1036 5369 nitcnnn
1059 5321 1120 5369 non
1143 5303 1333 5368 dorrcbbero
1354 5299 1509 5364 inculcare
1531 5302 1604 5364 ultra
1627 5316 1696 5364 cosa
1721 5302 1773 5380 piri

917 5389 947 5452 di
971 5394 1090 5466 questa,
1115 5388 1173 5450 obe
1188 5387 1219 5450 di
1242 5399 1365 5464 sempre
1388 5398 1538 5462 anegare,
1568 5399 1626 5446 oon
1648 5399 1772 5464 semnre

918 5472 1112 5546 ammonite,
1144 5472 1325 5540 esclamare,
1348 5469 1481 5545 ripetare
1507 5467 1772 5542 continuameute‚

917 5561 1062 5637 pernota,
1077 5559 1220 5634 prcqota,
1236 5567 1333 5616 cnon
1347 5549 1478 5614 insciolo
1493 5554 1562 5614 inni
1573 5551 1608 5614 rti
1620 5567 1769 5631 pronora,

921 5637 1036 5720 percite
1048 5655 1080 5702 sn
1090 5635 1275 5720 prrqbercte
1288 5632 1367 5700 sorti
1381 5639 1468 5698 centn
1483 5633 1516 5698 lo
1535 5639 1642 5698 nostro
1652 5637 1773 5702 soloen·

1541 5741 1574 5797 rt
