4056 6260
795 315 903 378 tinuit
924 313 1111 378 SECUNDUS
1693 319 1745 380 tlt

54 465 137 516 res:
160 450 208 518 siu
223 449 308 516 enlm
322 449 456 533 legimus
469 449 502 514 iu
516 449 683 532 evangelio
695 469 705 513 ι
719 449 800 518 titia·
812 455 923 520 eutem
970 449 1136 517 hundium
1150 451 1208 518 tihi
1220 454 1261 518 att
1273 467 1412 534 serpere
1428 455 1605 531 rasponum
1623 451 1724 532 ιὶιιαιι
1737 467 1818 535 puta

53 533 568 616 superstitiosissimam
583 537 782 616 emterterea,
810 543 842 602 et
854 554 920 602 rur·
967 536 1059 601 dium
1073 537 1156 601 mihi
1169 539 1241 610 erit.
1258 539 1318 619 ptri
1329 539 1369 602 ia
1382 534 1520 601 terebris
1534 542 1642 607 aedae.
1665 543 1694 602 et
1708 537 1820 604 tamen

53 635 138 697 sas,
169 621 209 683 de
225 635 274 695 eo,
290 621 343 698 qai
360 619 503 685 tarentas
518 626 566 684 est
580 620 751 684 sinereste
767 621 918 701 nuptiali,
966 620 1050 687 eueli
1063 635 1131 685 ooo
1143 621 1265 685 uideat
1285 621 1321 684 lit
1334 621 1361 684 si
1377 622 1477 686 honus
1494 621 1551 686 iste
1566 621 1679 686 ronias
1701 621 1820 687 nullius

54 701 89 766 id
104 709 169 776 est,
186 703 306 782 ubsque
322 718 391 766 rere
406 702 577 767 uberitaie:
600 705 711 768 liittite
733 721 808 770 mun
819 707 859 770 iau
878 711 922 770 te·
967 705 1092 767 omnine
1107 706 1210 785 gaudit
1226 705 1286 770 sihi
1303 705 1463 784 particeps
1483 719 1556 771 esse
1581 720 1675 785 posse
1696 704 1820 770 ridebe-

52 786 180 852 hebres
195 789 385 863 emteriores,
409 792 441 850 et
454 787 493 854 de
510 804 611 863 servo,
628 790 679 866 qui
698 804 759 853 non
775 790 921 867 multipli-
971 795 1030 861 tur,
1048 788 1122 852 dum
1137 804 1249 854 ueeeus
1264 797 1370 868 esset3
1392 787 1522 869 quidde
1538 790 1599 854 illis
1621 787 1819 856 sentiendum

53 870 140 934 uerit
152 871 263 934 talanta
275 889 283 930 :
296 870 590 940 Inutilemseruum
607 873 758 938 eiiuiteiu
774 873 922 938 tenebras
967 877 1025 949 esi,
1038 873 1090 952 qai
1104 889 1159 950 per
1173 889 1299 938 omnem
1312 872 1522 936 aeternitatem
1539 872 1723 939 intenebris
1739 874 1819 940 iuue-

54 957 253 1020 emterioree.
264 955 351 1034 Quod
364 957 445 1020 idern
462 957 581 1021 ridetur
595 956 772 1040 signiduare
785 957 922 1022 voluisse
968 956 1071 1020 huatt
1091 957 1298 1037 expertehuat
1312 957 1435 1036 laeena,
1463 959 1493 1020 et
1507 971 1571 1019 noa
1584 955 1744 1039 ridebunt,
1761 974 1820 1024 neu
1936 1037 1939 1042 ¹

53 1039 129 1112 Iob,
148 1039 565 1104 uamlooumdanuaatorarn
586 1049 809 1106 ruaatterrum
828 1043 921 1108 miae·
967 1047 1067 1104 ortana
1082 1042 1239 1123 surgentis
1254 1055 1395 1104 aurorae.
1506 1041 1508 1044 ’
1566 1040 1568 1050 ⁴
1773 1073 1774 1076 ¹

54 1124 133 1188 riae
149 1127 178 1187 et
191 1122 412 1196 teuehrurttm,
426 1123 483 1188 uhi
495 1123 613 1188 ambro
625 1127 753 1201 mortis
764 1133 794 1189 et
808 1127 921 1191 uultus
1008 1121 1082 1186 Cam
1099 1123 1210 1205 aliquia
1225 1131 1363 1189 nostrum
1378 1124 1458 1188 iauei
1469 1121 1556 1190 solas
1567 1123 1753 1190 intenebris
1766 1143 1820 1192 ao·

54 1208 153 1284 ordo,
177 1209 235 1273 aad
254 1209 471 1288 eremitarum
485 1207 922 1276 maurimonasterium
967 1207 1049 1282 otis,
1072 1215 1162 1271 aauto
1176 1211 1280 1284 atiquo
1296 1209 1403 1272 dolore
1417 1223 1560 1272 somnum
1576 1211 1701 1286 penitas
1716 1212 1819 1276 exala-

58 1293 133 1372 ipsu
150 1291 233 1356 idem
248 1295 437 1372 persuadere
453 1300 566 1373 potest,
583 1310 652 1356 uam
668 1295 757 1359 loeas
772 1295 922 1372 reprobo·
967 1291 1074 1368 deule,
1090 1309 1181 1371 quem
1197 1294 1483 1372 longamaquam
1499 1290 1684 1356 laboriosam
1701 1295 1821 1375 experi-

56 1393 129 1440 rutn
146 1379 187 1440 sit
201 1375 233 1438 ia
250 1381 357 1438 uenire
370 1385 481 1452 terrae,
496 1377 565 1440 loeo
580 1376 725 1441 videlieet
739 1377 921 1464 longissime
968 1380 1017 1436 lut
1031 1376 1177 1439 noctem?
1191 1383 1221 1440 ιιι
1236 1392 1326 1454 ouem
1341 1377 1431 1439 anxit
1446 1377 1538 1438 hortis
1554 1382 1705 1451 numerat,
1722 1385 1754 1440 et
1769 1395 1821 1444 no·

58 1467 184 1526 remoto
200 1475 216 1522 a
232 1459 362 1523 sedibus
375 1457 561 1538 Raetorum,
589 1461 642 1538 qai
659 1461 770 1526 dieitur
793 1463 823 1525 ia
840 1461 922 1526 Sari·
967 1457 1025 1521 ntis
1039 1457 1133 1521 baem
1150 1459 1308 1540 expeotett
1320 1457 1398 1534 Quid
1410 1458 1503 1537 igitur
1518 1457 1624 1522 miseri
1640 1460 1684 1523 illi
1701 1463 1821 1540 patian-

56 1543 164 1620 ptaris
176 1544 317 1607 internus
332 1542 470 1618 inierint,
487 1551 518 1605 et
532 1560 585 1607 our
604 1549 704 1608 terrae
726 1552 757 1610 et
777 1544 921 1628 abyssus.
966 1548 1026 1613 tar,
1040 1544 1092 1619 qai
1105 1543 1181 1606 uerti
1196 1551 1268 1606 suat
1284 1543 1316 1606 iu
1332 1542 1469 1605 tenebris
1482 1546 1513 1604 et
1528 1540 1689 1608 doloribus
1703 1547 1820 1627 sempi-

55 1629 122 1692 Iste
138 1629 222 1690 euim
238 1627 326 1690 loeus
338 1643 407 1690 uana
421 1627 460 1690 sit
470 1626 548 1690 iutra
561 1627 756 1708 superhuiem
773 1636 872 1693 terrae
883 1630 921 1693 ed
967 1625 1063 1688 ternis
1078 1642 1202 1706 semper
1214 1644 1248 1692 se
1260 1626 1483 1706 vigilaturos,et
1498 1628 1743 1692 oonsoiatioaem
1754 1631 1821 1694 uul-

52 1712 179 1796 aliquot
194 1710 531 1786 nuillia‘ntilliaaiorum,
554 1712 623 1775 siae
638 1712 733 1776 dabie
749 1729 810 1776 noa
827 1729 922 1792 puae·
965 1709 1025 1772 lem
1041 1725 1176 1788 nuquam
1192 1706 1375 1790 habituros(

57 1801 186 1858 tratura
205 1794 296 1868 Sole,
326 1809 428 1874 neque
442 1795 548 1857 lamen
572 1796 668 1858 ullam
694 1796 846 1874 admittit,
869 1805 923 1861 eat
1005 1790 1083 1866 Quid
1102 1794 1217 1858 inmitti
1238 1796 1320 1874 ignis
1342 1791 1497 1871 ειιιιιιΙῑῦΙῠ
1519 1791 1643 1869 ditem,
1671 1811 1751 1874 qnae
1771 1805 1822 1861 eet

57 1879 236 1950 hauserat
247 1878 418 1941 stellarum.
430 1877 467 1940 Ει
478 1879 617 1958 quamuis
628 1880 671 1942 ihi
683 1879 922 1960 sitigais,isque
966 1877 1046 1953 apud
1062 1877 1176 1940 inieras
1193 1893 1292 1955 poena
1308 1877 1422 1941 tertiat
1442 1875 1591 1938 Futurum
1606 1878 1689 1956 apud
1705 1879 1822 1946 interos

57 1961 244 2040 eorporelis.
261 1967 295 2023 ut
312 1963 404 2038 paulu
420 1969 489 2040 post
503 1962 662 2026 dieamus:
677 1969 781 2027 manea
797 1979 835 2026 ex
849 1979 921 2028 sea·
965 1958 1047 2035 ignis
1062 1962 1203 2042 perpetui
1217 1960 1405 2041 suppltuiaua
1426 1956 1596 2034 horribile,
1621 1963 1711 2025 douut
1724 1962 1822 2028 Erun-

59 2045 156 2112 lentia
169 2044 383 2108 senutiBesilii
394 2061 487 2122 sapre
502 2046 689 2127 uitata,lgais
700 2047 921 2112 ittoiartaraas
965 2041 1080 2121 {tellum
1097 2046 1201 2108 maliis
1222 2047 1254 2107 in
1270 2044 1360 2116 Ιθιιίὓ,
1377 2052 1408 2106 til
1424 2049 1483 2105 lam
1499 2041 1658 2118 dilucide..
1683 2052 1716 2110 ut
1738 2049 1822 2114 ualle
1855 2045 1856 2052 ’

57 2130 122 2194 rim
145 2129 238 2194 habet
255 2129 377 2202 urendi,
394 2145 456 2192 aon
470 2131 619 2193 lauandi:
643 2138 673 2192 et
688 2131 713 2193 si
729 2130 807 2194 torta
828 2132 918 2195 iamt·
964 2125 1174 2205 tergiversatio
1197 2128 1360 2208 ereogitari
1387 2125 1610 2206 peretthpad
1632 2128 1822 2196 lietthaeatn

58 2215 112 2276 nis
127 2211 242 2294 aliquid
257 2212 420 2290 sulphurei
437 2259 444 2284 ‚
472 2219 502 2276 et
516 2213 678 2292 aeliginosi
695 2213 854 2287 inuasit,
883 2217 920 2278 ad
965 2208 1101 2285 loquitur
1115 2211 1246 2275 Sanetus
1261 2210 1393 2273 loannes
1416 2209 1551 2288 Baptista
1573 2209 1613 2278 de
1635 2211 1756 2277 Christo
1774 2216 1820 2279 di·

58 2298 122 2360 hoe
138 2303 253 2376 tantuna
269 2299 348 2366 erit.
373 2301 407 2360 ut
422 2297 528 2360 miseri
543 2297 588 2360 illi
603 2299 726 2360 uiderat
739 2307 856 2378 partem
871 2316 921 2362 ae·
966 2307 1064 2356 tens:
1093 2295 1192 2359 Coitae
1205 2294 1423 2360 ventilabrum
1434 2295 1475 2356 io
1487 2296 1688 2370 monheim,
1704 2305 1734 2361 et
1748 2315 1824 2364 eom·

59 2395 241 2444 rumnaram
257 2395 396 2453 suarum,
414 2387 447 2443 ut
462 2379 556 2458 fliius,
572 2386 624 2444 aut
639 2382 759 2456 tratres,
777 2390 828 2445 eat
843 2381 921 2446 alios
964 2377 1571 2456 prepuhtrtmmumammiahurreumr
1585 2379 1698 2454 palem
1710 2389 1820 2448 uatem

58 2465 175 2528 ahares
198 2464 230 2526 iu
246 2464 355 2526 eadem
380 2478 487 2527 seuam
508 2463 727 2536 damnatione,
751 2466 842 2546 eulpa
864 2481 919 2530 saa
965 2460 1485 2544 uomharmipuiiaeatiapuihili.
1501 2459 1683 2526 etdhristas
1698 2465 1765 2544 ipse
1782 2469 1821 2532 de

59 2548 196 2628 positos.
213 2553 264 2610 ent
280 2545 445 2610 horribiles
461 2549 645 2612 daemonum
663 2548 770 2620 lenies,
787 2565 876 2627 quas,
892 2551 919 2614 si
965 2543 1101 2623 zizaniis,
1119 2547 1148 2609 id
1164 2552 1221 2624 est,
1237 2547 1451 2624 peecatoribus
1465 2543 1529 2608 ait:
1552 2545 1591 2631 lit
1602 2548 1704 2611 mittet
1719 2565 1772 2614 aaa
1785 2552 1824 2616 ιη

61 2636 205 2714 possent,
221 2647 239 2694 e
253 2645 288 2694 se
303 2637 441 2694 avertere
455 2631 663 2695 libentissime
677 2630 827 2696 tenerent.
964 2630 1133 2694 obmittam
1144 2631 1244 2711 iguis,
1261 2638 1291 2693 et
1306 2647 1430 2694 rursus:
1444 2627 1603 2692 oboedite
1624 2647 1705 2696 uma
1720 2635 1823 2700 mole-

103 2715 199 2778 Purru
214 2715 357 2776 diruatur
373 2715 444 2777 illae
461 2716 607 2777 tenebrae
623 2715 805 2791 exteriores,
829 2719 863 2780 at
875 2716 920 2778 di·
964 2711 1044 2776 dieti
1056 2715 1094 2776 iu
1107 2717 1218 2792 iguem
1232 2721 1412 2787 aeternam,
1428 2714 1487 2793 oui
1500 2720 1636 2792 perulas
1651 2723 1696 2778 eet
1711 2718 1822 2783 diaho-

60 2800 260 2878 stiaguantar
273 2799 312 2860 eh
329 2798 538 2874 interioribus,
552 2805 672 2877 questa
687 2801 744 2861 hau
760 2800 817 2860 rite
832 2799 919 2877 impii
965 2799 1018 2871 lo,
1046 2803 1075 2859 et
1089 2793 1213 2879 augelis
1234 2799 1315 2861 eius.
1331 2798 1408 2860 Item
1424 2797 1504 2872 apad
1520 2795 1653 2860 Meroua
1670 2798 1821 2867 Dominus

59 2883 243 2966 patiantur:
268 2897 351 2944 naue
366 2879 450 2947 euim
466 2881 563 2956 impii,
580 2890 673 2962 atque
695 2897 805 2945 omaus
819 2883 920 2946 seuali
965 2883 1027 2945 ait:
1050 2881 1178 2946 Beuum
1192 2889 1237 2946 est
1252 2882 1311 2945 tibi
1324 2881 1483 2944 alaudem
1495 2881 1634 2944 introire
1648 2883 1687 2944 ire
1706 2887 1818 2960 mlum,

60 2967 158 3030 huius
171 2969 323 3028 amatores
338 2971 461 3042 apertos
477 2965 591 3029 haheat
605 2967 713 3030 oeulos
738 2966 862 3043 onidis,
890 2974 921 3029 et
965 2982 1066 3046 quam
1077 2969 1159 3031 duos
1169 2967 1266 3044 pedes
1279 2964 1450 3028 habeatem
1460 2964 1545 3026 mitti
1556 2965 1595 3026 io
1605 2966 1716 3045 ignem
1730 2971 1826 3034 iaane-

61 3052 203 3126 oorporis
216 3049 254 3112 ad
269 3046 444 3110 felicitatem
460 3050 678 3122 seeulihaius:
697 3051 826 3130 proinde
843 3051 920 3113 nihil
966 3050 1183 3132 tinguibilem.
1198 3050 1234 3113 Ει
1250 3047 1330 3128 apud
1347 3048 1480 3111 harem:
1499 3045 1607 3110 Omnis
1634 3048 1732 3114 arhor
1756 3068 1824 3118 uon

62 3134 229 3214 pulehraua
245 3131 440 3202 existiment,
467 3138 498 3196 et
513 3132 589 3196 nihil
605 3141 730 3204 ament,
758 3134 817 3195 nisi
840 3149 919 3213 qnae
963 3136 1088 3214 faeiem
1102 3134 1245 3214 hastam
1266 3133 1397 3207 domum,
1414 3130 1594 3202 excidetur,
1611 3137 1641 3194 et
1662 3135 1699 3195 iu
1713 3135 1825 3213 ignem

62 3218 212 3282 sensibus
237 3214 339 3279 earnis
364 3215 457 3278 huius
484 3220 630 3294 peteeat;
656 3224 687 3278 et
710 3222 815 3280 eontra
842 3216 919 3279 nihil
963 3222 1118 3282 mittetur.
1145 3218 1282 3292 Denique
1313 3217 1394 3290 apad
1419 3214 1592 3288 laeuaem;
1616 3214 1751 3302 Siquis
1785 3221 1823 3284 ira

64 3302 209 3377 oderunt,
227 3304 278 3363 eat
291 3305 469 3362 aversantur
485 3347 494 3373 ,
512 3301 571 3363 aisl
592 3301 803 3373 calamitates,
827 3307 919 3377 atque
963 3319 1015 3367 me
1029 3319 1097 3366 eoru
1111 3301 1278 3366 murmurii.
1291 3300 1435 3364 mittetur
1447 3298 1536 3378 sores
1547 3297 1629 3362 sieut
1641 3301 1777 3380 pelanus,
1792 3311 1823 3368 et

63 3399 229 3448 aerumnas
241 3382 320 3445 ritae
335 3383 520 3462 praesentis,
536 3384 640 3458 deone
664 3384 727 3446 illis
743 3384 819 3447 solis
834 3399 919 3448 eaer-
966 3392 1111 3463 ureauet3
1134 3392 1164 3448 et
1189 3384 1414 3462 pelliparium,
1441 3389 1471 3447 et
1490 3382 1528 3445 ira
1548 3382 1661 3459 ignem
1673 3385 1822 3462 mittent,

66 3467 169 3532 tendis
183 3467 335 3529 laborant.
344 3465 403 3529 Sed
417 3483 508 3543 ouem
521 3469 633 3530 oculati
649 3468 773 3529 suntad
788 3469 918 3531 exterio·
964 3477 994 3534 et
1008 3471 1114 3536 ordei.
1132 3469 1168 3532 nt
1183 3468 1213 3530 ia
1231 3467 1414 3547 Apocalypsi
1431 3485 1440 3546 ;
1465 3466 1501 3527 ttt
1516 3465 1822 3544 animaduertitur

63 3569 111 3623 ra.
124 3556 156 3613 et
167 3550 349 3626 eorporelie,
363 3556 423 3612 tem
439 3552 523 3614 saeui
536 3551 657 3612 suntad
669 3550 803 3624 interae,
816 3558 845 3615 et
857 3551 921 3630 spi·
974 3561 1021 3619 ιιι
1032 3557 1070 3619 iu
1085 3553 1166 3617 iihro
1180 3553 1266 3614 uitae
1278 3552 1549 3629 seriptua,miesus
1565 3554 1610 3612 est
1622 3550 1661 3612 io
1675 3555 1827 3632 stapham

64 3633 197 3710 ritualia,
210 3634 250 3697 de
265 3631 380 3712 quihus
390 3632 558 3711 Apostolus
572 3633 610 3696 ad
626 3634 793 3707 Romanos,
811 3632 924 3700 odaeu-
972 3640 1071 3720 ipmie.
1087 3647 1117 3701 et
1132 3637 1223 3712 paulo
1239 3640 1328 3713 pust:
1349 3631 1479 3696 timidis
1494 3638 1614 3702 eutha.
1632 3638 1662 3696 et
1675 3635 1825 3702 ineredu-

64 3724 176 3782 rutum
189 3721 256 3790 eat,
284 3715 406 3796 iuquit,
432 3718 593 3795 insipieus
608 3733 664 3781 cor
678 3733 814 3794 eoram,
839 3725 869 3782 et
884 3720 922 3783 ed
972 3723 1023 3792 tis.
1040 3730 1069 3786 et
1083 3720 1254 3796 emematia,
1270 3725 1300 3781 et
1313 3717 1495 3788 homicidis,
1512 3723 1542 3776 et
1553 3716 1827 3798 tornicatoribus,

64 3801 241 3882 Ephesios.
271 3800 305 3862 ili
318 3803 389 3862 iom
400 3815 470 3863 rteo
484 3800 677 3873 anbeletis.
702 3803 787 3864 siem
813 3808 923 3881 peotes
974 3805 1175 3883 eleemosinis,
1192 3811 1220 3866 et
1233 3801 1427 3876 idololatris,
1451 3805 1481 3862 et
1495 3798 1646 3862 omatibus
1658 3804 1826 3867 mendati-

66 3885 241 3950 ambutant
253 3883 293 3946 ira
306 3885 451 3952 uanitate
464 3901 578 3948 remeas
590 3883 798 3963 suiteaebrir
813 3886 924 3952 obsera·
973 3891 1044 3966 has,
1059 3905 1136 3970 pura
1148 3889 1282 3951 illoram
1296 3888 1356 3948 erit
1369 3886 1407 3949 io
1420 3888 1535 3964 stupea
1550 3885 1684 3947 ardenti
1694 3890 1781 3965 ipae,
1798 3893 1828 3951 et

64 3977 178 4036 rutmu
191 3966 345 4032 hahentes
358 3968 568 4041 totalitatem,
585 3969 723 4032 alienati
737 3985 759 4030 e
771 3970 828 4032 oio
841 3970 901 4034 Dei
915 4019 922 4048 ,
972 3971 1140 4054 sulphure,
1157 3966 1831 4053 qaudeatmarsseeaada.1taauenesap-

64 4053 374 4135 peripuuromiem,
392 4067 476 4130 quoe
498 4061 544 4116 est
557 4052 596 4116 iu
609 4055 688 4130 illis,
705 4060 839 4133 propter
852 4069 923 4116 oue·
973 4052 1404 4137 plioioigaisaultadubitatio
1417 4067 1487 4115 esse
1500 4057 1611 4133 potest.
1633 4050 1824 4130 Nequeaero

68 4140 199 4202 uitatem
223 4135 331 4199 cordia
347 4137 517 4215 ipsarum.
543 4135 807 4211 Quemadmodum
831 4137 923 4215 igitur
971 4141 1207 4205 existimandum
1224 4145 1294 4215 est,
1316 4137 1423 4214 igauna
1440 4135 1613 4214 gehenuae,
1638 4150 1710 4198 esse
1724 4135 1828 4217 ignom

67 4219 193 4298 reprobi
223 4218 339 4282 hahent
366 4225 398 4280 in
427 4219 585 4299 praesenti
614 4227 749 4300 tempore
778 4221 924 4286 tenebras
971 4225 1227 4300 metaphoricum,
1243 4219 1513 4296 eatspiritaalera,
1538 4217 1608 4296 qaia
1624 4225 1828 4299 praeparatus

71 4305 257 4375 interiores,
286 4309 317 4367 et
342 4303 443 4366 laeena
471 4304 672 4366 exteriorem:
699 4304 744 4366 sio
769 4305 799 4364 ia
826 4302 926 4368 tuturo
978 4317 1025 4372 est
1038 4309 1177 4380 Diabate,
1195 4312 1225 4369 et
1240 4303 1450 4383 engolismus,
1467 4309 1499 4365 ut
1515 4301 1647 4380 tegimus
1661 4304 1741 4382 apud
1756 4303 1829 4366 hiat·

68 4389 222 4468 patientur
247 4385 392 4448 tenebras
419 4389 610 4458 exteriores,
635 4394 666 4450 et
680 4388 781 4450 luoem
795 4387 921 4451 interio·
975 4392 1112 4456 thaeum.
1128 4392 1248 4468 ttaus.
1261 4387 1426 4467 Gregorius
1441 4383 1497 4449 lib.
1513 4384 1544 4448 i.
1561 4383 1757 4466 Dialogorum
1783 4387 1829 4449 di·

66 4487 158 4546 rena3
183 4483 247 4531 non
274 4468 401 4546 quidem
433 4471 535 4532 louein
565 4470 744 4534 interiorem
771 4485 844 4550 urge
871 4487 922 4535 uo·
974 4469 1828 4550 sertisrerhiseiilrmatignemillumesseuorporalern‚

69 4554 238 4634 gnitiunem
255 4552 321 4622 ilai,
337 4555 394 4614 sed
410 4567 482 4633 erga
499 4551 640 4617 miserias
654 4565 749 4624 suas.
773 4553 806 4616 at
822 4570 856 4616 ea
872 4555 924 4619 lux
975 4568 1005 4624 et
1020 4574 1147 4638 corpora
1160 4573 1230 4618 eum
1247 4555 1407 4632 spiritibus
1418 4557 1635 4630 crematarum,
1649 4558 1741 4630 atque
1757 4568 1827 4616 eam

70 4637 172 4701 mains
199 4641 384 4698 tormentum
411 4634 473 4699 illis
495 4636 622 4699 adierat.
645 4637 821 4716 Intelligeat
843 4638 925 4702 enirn
975 4649 1076 4706 oruats
1090 4641 1196 4706 srhola
1210 4639 1436 4716 theologorum
1459 4635 1609 4715 sequitur.
1627 4634 1829 4710 Quemadmo-

71 4737 122 4786 res
138 4719 325 4800 temporales
341 4736 411 4782 uum
428 4727 567 4799 tempore
581 4721 758 4795 evanuisse,
776 4728 806 4783 et
821 4721 924 4799 poeai-
975 4727 1047 4789 dara
1063 4731 1164 4788 autern
1181 4724 1301 4805 possint
1312 4722 1354 4784 'ab
1369 4720 1441 4800 igue
1457 4718 1607 4798 eorporali
1622 4718 1749 4798 spiritus
1760 4737 1829 4783 era·

71 4803 196 4868 tentiam
213 4810 306 4880 agent
320 4802 553 4867 intruetuusem.
570 4804 616 4867 lie
637 4804 752 4883 pathas
777 4803 853 4867 dieii
874 4805 926 4868 Sa·
975 4810 1060 4885 oieri,
1076 4809 1197 4890 longam
1215 4805 1452 4884 disputationem
1468 4803 1608 4882 requirit.
1625 4803 1755 4867 Senatus
1769 4803 1830 4866 Aa·

71 4887 185 4968 pieas3
207 4886 446 4950 Paenitentiam
460 4893 603 4967 rpentes,
620 4893 649 4950 et
669 4903 749 4966 prae
773 4890 928 4969 migratio
975 4894 1117 4966 aestiuus
1131 4908 1194 4956 ano
1209 4889 1384 4954 verboram
1400 4895 1491 4951 totam
1507 4886 1653 4958 absoluit,
1669 4901 1738 4947 oum
1755 4886 1831 4950 seri-

70 4971 206 5050 optritae
220 4977 394 5048 gememus,
411 4971 520 5034 dibeat
533 4972 624 5035 iutra
637 4987 692 5043 se,
716 4987 794 5050 erpo
808 4974 928 5036 errem
975 4976 1032 5052 hit,
1048 4977 1079 5040 id
1096 4975 1161 5040 fleri
1177 4975 1274 5052 miris,
1290 4973 1346 5038 sed
1362 4973 1443 5035 reris
1455 4970 1566 5033 orodis.
1582 4967 1668 5045 Quod
1683 4968 1766 5042 idem
1781 4986 1830 5034 re·
1872 5025 1875 5034 .

71 5071 144 5118 mm
159 5071 182 5117 a
195 5055 252 5117 uitt
265 5055 433 5132 ueritmis,
461 5059 491 5118 et
505 5053 563 5118 Sul
581 5055 729 5119 iustitiae
753 5069 823 5120 aba
845 5056 932 5120 tuate
975 5060 1122 5138 sponderi
1137 5064 1250 5138 potest,
1267 5057 1293 5121 si
1309 5055 1379 5134 uois
1392 5059 1484 5135 petat,
1496 5053 1580 5116 aude
1591 5053 1829 5135 suppeditentur

72 5139 177 5204 uehis
193 5136 363 5201 Habebunt
386 5139 479 5218 igitar
492 5140 594 5202 laeena
610 5139 803 5216 interiorem,
819 5145 931 5216 quanta
974 5145 1108 5207 tomenta
1124 5140 1188 5224 igni
1205 5147 1353 5222 perpetuo
1367 5158 1377 5202 ε
1390 5143 1432 5202 ἰιι
1452 5137 1607 5216 quomodo
1632 5153 1760 5214 corpora
1782 5155 1829 5202 re·

72 5221 148 5286 satis
162 5221 232 5294 erit,
249 5227 282 5284 at
295 5228 485 5301 oognoseeat
500 5237 622 5286 errores
636 5239 723 5286 euos:
736 5223 791 5286 sed
808 5223 925 5302 patiea·
975 5230 1141 5307 proborum
1157 5241 1282 5303 semper
1294 5227 1464 5294 urantur,et
1478 5226 1604 5284 aeterno
1615 5227 1755 5301 tempore
1766 5237 1828 5285 noa

73 5311 123 5369 tur
137 5305 283 5367 tenebras
298 5306 478 5378 exteriores,
506 5312 539 5368 at
553 5305 631 5369 nihil
645 5309 772 5369 omuino
787 5315 924 5383 cernant,
973 5311 1223 5375 ouasumaatart
1239 5308 1301 5371 Ista
1317 5306 1400 5370 enim
1426 5305 1530 5368 omnia
1554 5303 1620 5368 lieri
1637 5307 1722 5369 miris
1736 5352 1743 5379 ,
1770 5307 1826 5370 sed

74 5389 155 5467 quud
170 5388 315 5451 solatium
329 5389 393 5451 illis
409 5388 540 5465 adlerre,
554 5396 606 5453 aut
617 5390 700 5469 qaod
713 5390 924 5456 iataltuitatan
970 5395 1053 5458 aeris
1068 5394 1178 5464 modis.
1194 5391 1333 5458 Euelesie
1350 5388 1503 5454 catholiea
1520 5387 1639 5468 eredit,
1666 5397 1697 5453 et
1717 5403 1827 5454 souare

75 5473 214 5536 minuere
230 5479 334 5550 queat·
972 5479 1081 5555 eredit,
1099 5477 1170 5556 onia
1187 5476 1239 5552 aui
1254 5476 1284 5538 id
1300 5473 1382 5539 lauit.
1398 5471 1596 5553 omnipotens
1610 5478 1668 5550 est,
1682 5479 1712 5535 et
1726 5470 1827 5547 quiid

115 5554 212 5630 Quale
225 5555 266 5617 sit
287 5557 348 5620 hue
361 5560 570 5633 tormentum,
594 5555 773 5636 praesertim
788 5558 850 5633 iis,
873 5558 926 5639 qai
972 5561 1138 5638 revelarit,
1161 5560 1279 5624 iahaita
1295 5558 1457 5636 supientia,
1475 5565 1505 5621 et
1526 5556 1622 5637 prime
1638 5556 1750 5619 veritas
1765 5563 1824 5620 est·

74 5647 146 5706 suat
156 5640 272 5704 assueti
288 5638 547 5705 delectationibus
561 5641 733 5718 obulorum,
751 5643 839 5707 testis
854 5657 926 5710 essu
972 5645 1033 5711 Sed
1048 5647 1099 5710 his
1112 5645 1236 5710 omissis
1251 5644 1290 5707 ed
1305 5658 1363 5706 aas
1379 5641 1480 5720 potius
1499 5640 1643 5724 pertinet,
1659 5639 1837 5706 ιιιιιιιιιιεει·ι

75 5729 176 5806 potest
189 5723 296 5803 sepiar
308 5723 491 5806 audieerat
506 5741 577 5790 eant
591 5725 729 5808 augelus
741 5724 770 5790 el
781 5725 924 5805 dixisset,
971 5745 1023 5796 aaa
1036 5731 1184 5813 eogitire,
1200 5727 1292 5809 quate
1307 5726 1495 5808 supplieinm
1515 5725 1568 5802 sit,
1585 5740 1699 5807 eorpus
1721 5725 1827 5790 huna·
