4056 6260
295 289 353 380 tit
827 341 833 351 ·
895 317 943 380 ou
962 315 1105 383 aaurro
1124 313 1321 382 oowuaua

223 469 295 525 cum
309 451 460 522 Dominus
470 457 668 541 quadraginta
683 455 796 524 diebus
806 456 838 522 in
851 458 974 522 deserto
989 471 1072 521 mao-
1118 455 1250 536 galiatae
1265 446 1420 537 scribunt)
1436 453 1591 520 ιιιιιιιιι
1606 455 1822 535 caeparum,
1836 457 1935 537 fleuit
1951 475 1988 522 a·

222 543 274 615 sit,
289 541 358 606 sine
373 542 468 606 dubia
482 545 608 610 assidue
623 549 766 620 orans3et
781 558 850 606 aum
863 538 1075 624 frequentissi·
1118 555 1221 603 more.

223 640 273 687 me
289 632 483 702 pernoctaret
497 628 529 690 iu
545 629 692 700 oratione,
708 631 741 689 ut
751 625 850 689 bacas
861 630 1074 702 testatur,cum
1159 621 1271 688 Sancto
1286 623 1376 687 Petro
1391 622 1610 702 adiungendus
1631 629 1679 686 est
1693 621 1899 703 coapostatas
1914 627 1989 690 eiua

221 707 274 770 ait:
290 707 430 774 Emittin
444 715 584 776 mantem
595 727 702 788 orare,
713 715 744 774 ct
755 709 1076 786 eratpcrnocionein
1117 707 1231 772 Paulus
1247 710 1298 784 uui
1316 714 1346 768 et
1359 709 1426 786 ipse
1444 708 1583 784 peccarit
1595 713 1755 783 peccatum
1766 711 1899 789 grande:
1915 727 1988 772 nam

221 795 368 856 oratione
382 793 450 866 Dei,
466 800 497 858 et
511 812 631 857 rursum
648 796 706 857 alio
720 795 802 856 loco:
824 793 926 870 Erat,
949 792 1072 868 inruit,
1117 789 1291 852 Ecclesiam
1308 791 1363 852 Dei
1382 795 1564 868 persequtus
1587 796 1657 863 est,
1685 797 1738 867 ιι,
1765 799 1799 856 ιι
1814 793 1899 858 idem
1916 795 1986 875 ipsc

221 875 336 942 diebus
351 878 520 944 decencia
534 879 673 958 tempto,
695 876 843 944 noctibus
863 892 941 940 aero
962 876 1075 940 eniens
1121 873 1295 948 confitetur,
1313 889 1375 935 nan
1397 875 1499 936 sotum
1517 881 1711 951 persecutor,
1734 876 1789 938 sed
1812 877 1907 940 etiam
1921 879 1987 940 hla-

220 960 414 1026 morabatur
427 964 464 1026 iu
478 966 597 1038 monte,
613 963 816 1044 guicoaatur
831 960 953 1026 attacta.
971 959 1075 1024 credi·
1119 956 1280 1046 spbemus,
1296 963 1326 1018 et
1337 957 1583 1020 contumeliosus
1605 955 1673 1022 luit.
1690 957 1750 1022 Sed
1767 965 1838 1036 post
1852 977 1986 1026 conver·

219 1041 296 1114 bile.
320 1045 469 1124 inquam,
493 1054 541 1110 est
555 1061 609 1108 eas
623 1045 778 1108 orationes
793 1061 864 1110 cum
879 1044 994 1123 gemitu
1011 1044 1075 1106 ine·
1118 1044 1259 1110 sionem,
1277 1039 1331 1104 nbi
1346 1040 1511 1120 abundarit
1531 1040 1570 1102 de
1591 1045 1662 1104 actu
1677 1046 1909 1118 persecutionis
1932 1062 1988 1110 su.

220 1127 368 1190 narrabili
384 1130 572 1209 coniungere
588 1127 712 1192 solitum
728 1128 837 1192 luisse.
854 1127 887 1190 Si
909 1127 992 1190 enim
1009 1127 1076 1205 spi·
1118 1125 1340 1202 perabundavit
1361 1124 1454 1204 gratia
1477 1123 1679 1202 lacrymarum
1696 1171 1704 1196 ‚
1727 1125 1773 1189 sic
1798 1127 1882 1190 euim
1899 1129 1985 1208 ipse,

219 1209 298 1274 ritus
313 1216 440 1275 sauctus
454 1209 526 1276 iacit
547 1228 605 1274 uos
628 1228 716 1274 orare
738 1229 808 1274 eum
830 1209 996 1290 gemitibus
1012 1213 1075 1274 ine·
1120 1209 1159 1270 ιι
1174 1224 1209 1270 se
1226 1215 1353 1270 testatur
1369 1211 1400 1270 iu
1421 1207 1504 1270 hatis
1520 1207 1750 1284 Apostolorum:
1781 1209 1837 1274 Vos
1860 1215 1987 1276 scmisa

220 1295 429 1359 narrabilibus
443 1343 451 1371 ,
467 1295 611 1375 lpostclo
628 1301 704 1360 teste
719 1295 751 1357 iu
766 1295 895 1372 epistola
911 1296 949 1357 ad
968 1295 1073 1358 llomr-
1118 1292 1307 1370 primodie,
1325 1305 1392 1371 pua
1404 1292 1575 1371 impressus
1590 1306 1663 1354 sum
1684 1292 1722 1354 ιι
1736 1291 1859 1368 Αιιαιι,
1877 1297 1988 1374 qunti

220 1391 289 1440 uos:
306 1383 528 1460 quantomagis
544 1378 705 1454 Christus,
729 1378 781 1456 qui
796 1377 938 1456 spiritum
960 1394 1020 1440 non
1036 1379 1075 1444 ad
1119 1380 1167 1437 ter
1179 1375 1345 1437 uobiscum
1357 1390 1416 1452 per
1431 1389 1526 1438 omne
1542 1379 1669 1454 tempus
1688 1373 1820 1456 fuerim,
1837 1383 1987 1446 aernienr

220 1475 396 1528 mensuram
410 1467 584 1542 acceperat,
600 1466 630 1524 et
643 1463 682 1525 de
697 1465 785 1525 onius
808 1461 1000 1541 plenitudiue
1017 1478 1074 1524 ucs
1118 1458 1256 1521 Domina
1272 1474 1345 1520 cum
1360 1460 1451 1519 omni
1462 1457 1657 1532 humilitate,
1671 1465 1700 1520 et
1714 1459 1880 1540 lacrymis:
1895 1472 1929 1526 et
1940 1465 1987 1527 in·

219 1558 329 1608 omues
341 1549 531 1624 accepimus,
549 1554 579 1608 ct
594 1561 688 1622 super
704 1561 795 1624 quem
812 1543 939 1623 spiritus
953 1545 984 1604 in
1001 1561 1072 1620 spe·
1118 1542 1174 1604 ira:
1192 1541 1252 1602 Par
1264 1542 1443 1614 triennium
1457 1545 1552 1603 nocta
1567 1545 1597 1603 et
1611 1542 1665 1604 dic
1680 1557 1748 1604 non
1768 1550 1896 1612 cassani
1911 1565 1988 1612 oum

219 1627 267 1699 pie
283 1630 446 1693 columbae
462 1631 614 1705 aseendit,
627 1633 657 1690 'et
671 1645 766 1706 super
781 1645 852 1690 enm
868 1629 991 1699 mansit,
1008 1645 1075 1690 ora·
1119 1625 1285 1706 lacrymis,
1301 1641 1437 1687 monens
1453 1636 1892 1705 unumquemqueaeatrum,
1911 1640 1944 1694 et
1957 1635 1989 1694 ιι
2019 1625 2020 1670 l

219 1712 261 1772 rit
275 1711 306 1774 ia
322 1712 446 1777 deserto
462 1720 492 1775 et
508 1715 538 1774 lu
554 1712 724 1788 montibus
739 1711 904 1790 gemitibus
920 1711 1074 1773 inenarra·
1120 1709 1292 1785 posteriore
1307 1707 1345 1780 ad
1362 1706 1679 1787 Corinthios:Seripsi
1689 1709 1849 1790 aobisper
1860 1715 1989 1780 multae
2019 1697 2020 1728 ¹

217 1792 350 1858 bilibus?
364 1797 445 1876 Erga
461 1814 530 1860 cum
547 1795 686 1860 Christus
702 1795 856 1873 Magister,
880 1794 1073 1857 athomiuus
1119 1791 1423 1873 lacrymantesque
1450 1792 1501 1853 hio
1528 1789 1641 1853 heatus
1667 1791 1834 1870 Apostolus
1858 1799 1928 1862 sire
1946 1803 1989 1862 ln·
2019 1805 2020 1808 ’

219 1884 325 1942 noster
340 1891 444 1958 aperte
460 1881 611 1947 docuerit,
634 1878 739 1944 Beati.
755 1879 814 1960 qui
835 1877 957 1957 lugent:
976 1883 1005 1940 ιι
1015 1895 1074 1940 ιιι
1120 1882 1267 1953 queretur
1282 1877 1318 1936 ad
1332 1874 1430 1936 Deum
1447 1875 1479 1936 in
1494 1873 1798 1955 oratioue,lacrymas
1813 1880 1988 1945 adhibebat

216 1962 316 2039 ιοιιι,
333 1966 392 2044 qui
405 1964 531 2041 maulim
549 1969 579 2024 et
595 1963 676 2040 quod
693 1963 797 2026 docuit
812 1961 929 2028 lecerit,
947 1969 976 2021 et
992 1962 1074 2040 quod
1119 1965 1150 2021 ut
1166 1959 1336 2036 audiretur3
1353 1960 1418 2019 sire
1435 1961 1614 2035 loqueretur
1628 1959 1665 2020 ad
1680 1958 1825 2027 homines
1848 1965 1881 2027 ιι
1898 1983 1988 2041 prae

219 2049 371 2108 mandavit
387 2047 570 2124 impleverit:
588 2051 725 2108 nastrum
738 2044 827 2116 est,si
841 2043 986 2123 discipuli
1001 2045 1074 2108 obe·
1118 2041 1285 2112 dicaliaue,
1302 2041 1446 2122 lacrymis
1461 2040 1575 2118 patius.
1592 2057 1683 2120 qucum
1696 2043 1800 2106 verbis
1817 2052 1989 2123 persuade·

217 2128 341 2194 dientes
357 2134 388 2192 et
401 2131 480 2194 serui
496 2129 606 2192 lidcles
629 2145 749 2207 sumus,
767 2145 782 2188 a
799 2129 875 2202 risu,
894 2135 924 2191 ιι
938 2129 1026 2200 iouis,
1046 2135 1075 2206 et
1116 2141 1151 2188 re
1168 2125 1335 2188 nitebatur:
1349 2124 1469 2186 sciebat
1484 2123 1621 2194 animno
1633 2128 1760 2204 propria
1773 2130 1988 2207 experimento

218 2213 322 2274 mundi
339 2213 509 2286 blanditiis,
526 2219 557 2274 et
572 2210 694 2275 deliciis
715 2211 892 2296 abhorrere,
910 2221 940 2273 et
955 2218 1072 2288 rantra,
1118 2209 1280 2278 didicerat,
1299 2214 1364 2270 tum
1379 2206 1463 2286 apud
1478 2207 1601 2280 ileum.
1628 2212 1692 2269 lum
1714 2213 1797 2286 apud
1825 2213 1987 2294 homines,

217 2294 283 2372 pias
296 2297 447 2376 lacrymas
461 2296 492 2358 iu
509 2295 566 2358 hac
582 2295 782 2374 lacrymarum
798 2296 876 2356 ualle
892 2294 1032 2374 diligere.
1043 2296 1073 2358 iu
1118 2294 1282 2356 maximam
1301 2307 1372 2354 esse
1389 2293 1557 2368 potentiam
1575 2290 1793 2370 lacrymarum.

215 2377 255 2440 iis
270 2383 399 2460 uersari,
413 2385 444 2442 ιι
458 2379 739 2456 oblectari,easaue
753 2395 769 2438 a
783 2377 928 2450 Ileo,non
944 2379 1011 2442 siue
1027 2378 1072 2440 iu·
1160 2376 1348 2456 Porroqnae
1378 2375 1511 2452 legimus
1534 2374 1564 2434 in
1582 2372 1750 2454 scripturis
1778 2378 1817 2442 ιιι
1840 2380 1989 2460 lacrymis

216 2467 303 2524 terno
319 2467 434 2559 gemitu
451 2463 619 2542 postulare.
1117 2460 1290 2534 principum
1308 2456 1545 2534 apostotorum,
1573 2455 1643 2518 sinc
1669 2459 1862 2525 dubitatione
1884 2467 1981 2528 etiam

256 2543 410 2608 Christum
427 2551 532 2608 secuta
549 2552 596 2608 est
611 2543 801 2622 imprimis's.
814 2543 906 2608 liaria
921 2545 1071 2625 llagdale·
1114 2543 1293 2620 legeremus
1308 2541 1348 2602 de
1363 2539 1492 2617 reliquis
1508 2541 1689 2620 Apostolis.
1716 2543 1743 2604 si
1769 2543 1802 2607 h.
1825 2545 1927 2610 Lucas
1954 2552 1985 2612 ιι
2019 2555 2020 2598 ³

215 2643 252 2690 ua
268 2627 390 2709 (omitto
403 2629 484 2692 euim
498 2630 529 2690 Β.
548 2627 704 2705 virginem
722 2626 895 2704 ιιιιριιιιι,
913 2644 972 2690 ιιι
989 2629 1071 2702 cuod
1118 2625 1225 2696 botis,
1250 2632 1303 2687 aut
1317 2621 1431 2699 alianis
1447 2625 1527 2684 alins
1551 2629 1659 2686 auctor
1671 2623 1777 2688 tidelis
1802 2646 1853 2692 res
1878 2639 1987 2710 gestas

214 2711 402 2784 existimem,
419 2729 485 2775 earn
505 2729 565 2774 nan
581 2711 706 2773 flevisse
722 2712 860 2785 assiduo,
876 2712 932 2774 sed
947 2713 1018 2789 auia
1031 2713 1072 2773 la·
1115 2709 1253 2778 omnium
1281 2706 1498 2788 Apostolorum
1528 2708 1661 2784 scriptas
1693 2709 1885 2786 retinuisset.
1918 2716 1981 2780 Sed

215 2797 417 2876 crymaeeius
434 2813 489 2872 per
501 2796 688 2873 Scriptorum
705 2810 766 2856 noo
779 2791 981 2876 innotuerint)
996 2798 1072 2858 haec
1116 2807 1185 2855 oum
1212 2794 1293 2856 idem
1321 2794 1407 2852 esset
1428 2789 1572 2868 Magister
1595 2789 1737 2868 Christus
1752 2795 1980 2872 discipulorum

215 2877 297 2940 anim
314 2880 531 2960 cumprimum
547 2877 733 2955 resipiscere
755 2877 876 2956 eoepit,
892 2877 1002 2940 Glrristi
1019 2893 1070 2955 pe·
1115 2875 1277 2952 omnium,
1302 2879 1333 2936 et
1347 2873 1428 2936 iriam
1445 2871 1596 2950 spiritns.
1620 2875 1671 2950 aui
1685 2877 1819 2952 postulat
1836 2897 1892 2956 pro
1908 2882 1985 2944 San·

212 2959 269 3024 des
283 2961 426 3044 iacrymis
441 2964 649 3040 poenitentiae
662 2961 745 3038 larii,
759 2968 789 3022 et
801 2961 920 3038 capillis
935 2961 1000 3024 suis
1013 2969 1071 3023 ter·
1116 2959 1196 3027 ctis.
1219 2958 1384 3038 gemitibus
1412 2955 1694 3031 inenarrabilibus,
1719 2963 1857 3025 omnium
1886 2977 1982 3030 corna

211 3045 264 3123 sit:
279 3046 373 3126 idque
389 3047 418 3107 io
434 3046 558 3123 publico
574 3045 724 3114 conuiuio,
742 3049 773 3106 et
788 3043 891 3106 multis
904 3044 1071 3122 praesenti·
1115 3041 1321 3115 inhabitaret,
1344 3047 1375 3102 et
1396 3055 1506 3101 omnes
1528 3040 1666 3120 Apostoli
1694 3049 1799 3106 esseut
1827 3047 1983 3124 principa-

211 3129 282 3191 hus:
299 3146 390 3209 quam
407 3131 491 3192 enim
507 3146 567 3190 uon
592 3128 745 3206 puduerat
769 3127 894 3203 publice
911 3143 1062 3206 peecare,
1115 3126 1154 3186 lia
1170 3125 1306 3186 membra
1323 3124 1407 3187 illius
1425 3123 1610 3194 columbae,
1629 3140 1708 3202 auae
1723 3141 1848 3202 semper
1859 3133 1960 3210 gemit
1975 3151 1984 3210 3

211 3211 351 3276 eamdam
382 3214 502 3289 pudere
529 3229 590 3276 nou
617 3210 723 3274 debuit
745 3211 869 3289 publice
898 3212 1070 3289 poenitere.
1114 3208 1256 3272 dubitare
1273 3222 1333 3268 ιιι
1350 3222 1538 3284 possumus.
1564 3207 1638 3284 quin
1654 3208 1789 3290 apostoli
1812 3225 1985 3288 amasset

210 3293 392 3360 Tentavere
414 3296 744 3375 iuitrislaerymarum
762 3294 896 3360 illarum.
919 3301 951 3356 ut
974 3296 1071 3356 conti·
1119 3308 1228 3354 amnes
1254 3290 1421 3366 discipuli,
1445 3289 1580 3364 deniqne
1602 3289 1704 3354 Sancti
1727 3309 1848 3369 omues,
1872 3301 1925 3376 qui
1943 3301 1982 3362 ad

210 3395 273 3440 ιιι
288 3380 396 3442 audire
413 3381 584 3451 meruerit,
611 3379 830 3448 demittuntur
854 3379 914 3441 tibi
936 3385 1071 3456 peecata
1117 3375 1292 3438 columbam
1315 3374 1492 3454 pertinent,
1516 3373 1600 3436 duno
1621 3373 1823 3454 lacrymarum
1848 3383 1983 3458 praediti

211 3466 279 3525 tua.
296 3461 403 3540 Neque
419 3464 519 3526 solum
544 3463 671 3524 remissa
695 3461 739 3525 illi
757 3461 841 3523 iuere
862 3462 1070 3540 peccamen
1115 3457 1242 3522 luerint.

211 3543 252 3606 ita
269 3546 460 3608 lonbaritate
476 3546 672 3619 confirmata,
690 3545 761 3619 uel,
787 3549 821 3606 ut
841 3544 1008 3620 apostotus
1022 3545 1067 3608 lo·

210 3628 328 3708 quitur,
345 3629 481 3700 lundata,
495 3635 526 3691 et
541 3629 674 3690 radicata
690 3626 767 3701 luit,
785 3631 819 3688 ut
835 3633 943 3706 postea
958 3629 1068 3690 iterum
1139 3621 1144 3631 '
1319 3653 1321 3661 s
1470 3620 1552 3684 (ιιι).
1569 3619 1623 3683 ιιι.

210 3710 350 3775 eiusdem
368 3712 479 3776 Christi
496 3713 592 3786 pedes
607 3711 751 3788 lacrymis
773 3710 889 3784 iuuerit,
907 3717 937 3773 et
951 3710 1070 3787 capillis

207 3795 274 3857 suis
288 3795 480 3858 absterserit:
495 3812 556 3858 non
568 3796 712 3874 lacrymis
727 3794 840 3855 amaris
851 3797 1063 3872 cumpunctio·
1186 3795 1229 3858 lle
1243 3793 1432 3856 necessitate
1446 3790 1639 3870 gentilicum,
1657 3803 1700 3852 em
1714 3789 1876 3862 doctrinm
1893 3799 1925 3856 et

207 3877 268 3950 nis,
286 3886 315 3941 et
331 3879 460 3955 doloris,
472 3880 528 3941 sed
545 3879 689 3957 lacrymis
701 3877 815 3938 amoris
827 3877 991 3941 dulcedine
1006 3877 1069 3955 spi·
1357 3874 1515 3952 ememplis
1531 3873 1736 3936 sanctourm.

208 3961 325 4038 rituali,
342 3969 373 4024 et
387 3961 534 4025 suavitate
549 3961 763 4040 plenissimis:
780 3967 810 4022 et
825 3977 946 4022 rursum
957 3961 1000 4033 ¹ad
1016 3975 1064 4022 se·

207 4044 371 4124 pulchrum
385 4045 496 4108 Christi
513 4045 654 4118 uirentis,
671 4043 815 4124 lacrymis
826 4043 986 4116 desiderii,
1006 4048 1068 4104 tau·
1162 4039 1309 4100 addenda
1326 4045 1399 4100 surrt
1413 4038 1473 4100 iam
1491 4039 1739 4124 testimonimuel
1754 4039 1896 4117 exempla
1912 4057 1984 4101 san·

206 4128 258 4192 diu
274 4128 418 4203 fleverit,
442 4129 542 4192 donec
565 4129 712 4190 dilectum
729 4143 819 4190 suum
837 4130 933 4204 prima
947 4127 1063 4202 ridere,
1119 4128 1237 4185 ntorum
1254 4123 1400 4194 Petrum,
1423 4123 1475 4199 qui
1499 4123 1672 4185 doctrinam
1700 4122 1928 4202 scripturarum
1945 4125 1984 4185 de

205 4216 236 4276 ei
250 4213 358 4275 audire
374 4214 533 4275 meruerit.
551 4210 576 4275 0
593 4212 701 4274 lellces
716 4211 882 4290 lacrymae,
900 4227 979 4286 auae
995 4226 1066 4285 pec·
1121 4207 1309 4284 necessitate
1325 4207 1494 4283 gemituum
1511 4205 1601 4268 libris
1618 4207 1695 4276 suis,
1713 4208 1759 4268 uel
1776 4208 1933 4283 exemplis
1946 4209 1982 4268 ad

204 4298 353 4359 natricem
368 4295 399 4370 iu
416 4304 567 4370 sanctam,
584 4313 619 4356 ac
633 4310 714 4372 pene
727 4295 925 4356 innocentem
943 4299 1070 4368 repente
1119 4297 1261 4367 posteros
1277 4291 1526 4352 transmiserunt.
1540 4287 1576 4350 Et
1589 4291 1717 4366 quidem
1730 4290 1811 4368 cuod
1825 4295 1937 4352 attinet
1947 4293 1984 4352 ad

205 4386 324 4442 mutare
341 4385 519 4457 potnerunt,
538 4379 610 4440 hinc
626 4380 708 4438 euim
726 4381 830 4454 postea
847 4377 966 4439 Christo
983 4376 1069 4456 ligno
1119 4376 1268 4452 lacrymas
1291 4373 1529 4447 poenitentium,
1547 4373 1701 4436 babemus
1728 4372 1882 4451 imprimis
1899 4375 1984 4436 testi-

204 4460 448 4536 immaculatae:
463 4463 573 4523 llariae
588 4459 704 4538 Virgini
721 4459 917 4538 purissimae,
936 4466 967 4520 ιι
981 4459 1068 4524 ιιιι-
1120 4465 1257 4519 monium
1274 4455 1306 4518 b.
1325 4455 1469 4534 Cypriani
1484 4456 1643 4534 Episcopi,
1661 4463 1690 4517 et
1706 4457 1858 4538 llnrtyris,
1877 4460 1930 4532 aui
1953 4460 1983 4518 ia

204 4546 235 4607 ni
251 4546 407 4625 discipulo
429 4545 580 4624 castitatis
605 4545 700 4621 gratia
723 4559 819 4620 super
840 4551 977 4606 caeteras
992 4543 1068 4604 dile·
1118 4556 1262 4602 sermone
1279 4539 1428 4618 delapsis
1444 4539 1482 4602 ita
1500 4539 1648 4615 loquitur:
1669 4539 1770 4616 Quam
1785 4555 1912 4618 magna
1927 4542 1982 4603 de-

205 4632 268 4697 cio.
287 4631 444 4691 indiuidua
460 4644 566 4692 comes
578 4642 701 4706 semper
715 4627 861 4689 inhaesit.
928 4651 931 4656 ·
1119 4625 1288 4703 liquimus,
1302 4628 1370 4684 tour
1383 4623 1557 4701 granditer
1569 4623 1760 4702 (teneamus.
1779 4623 1880 4686 Orare
1891 4640 1986 4702 opor·

247 4711 393 4790 Sequitur
408 4729 436 4775 s.
450 4712 570 4789 Petrus.
588 4713 638 4788 qui
656 4712 685 4770 in
702 4711 848 4789 passione
862 4711 986 4773 Domini
1001 4725 1072 4788 peo·
1119 4715 1160 4770 ιιι
1176 4709 1371 4785 impensius.
1390 4714 1567 4786 arrogare:
1584 4707 1670 4768 diam
1687 4708 1775 4770 luctu
1789 4707 1984 4786 transigere,

205 4796 284 4856 cauit
299 4803 460 4874 peccatum
478 4795 607 4874 grande,
624 4809 686 4856 uon
710 4800 810 4856 tameo
834 4810 871 4856 ιι
887 4791 1014 4860 malitia.
1040 4798 1073 4854 ut
1118 4791 1240 4870 uigiliis
1256 4794 1377 4860 noctes,
1397 4807 1435 4852 ac
1450 4787 1576 4869 delibus
1592 4791 1729 4853 ducere:
1746 4796 1872 4869 tempus
1888 4807 1985 4854 omne

206 4876 473 4956 ludasprcditor,
490 4877 549 4941 sed
576 4877 686 4953 partim
712 4893 749 4939 ex
772 4876 865 4940 nimia
890 4876 1068 4956 fragilitate,
1118 4875 1286 4951 lacrumis,
1303 4881 1331 4935 et
1347 4873 1635 4936 lamentationibus
1657 4887 1840 4950 occupare,
1862 4881 1983 4937 stratas

206 4961 318 5040 partim
335 4978 372 5024 ιιι
390 4963 482 5023 nimia
499 4959 686 5024 ιιιιιιιιιιι
701 4959 809 5023 uirium
827 4977 963 5022 suarum.
980 4960 1070 5022 Dixe-
1118 4957 1186 5021 solo
1202 4957 1381 5020 adhaerere
1397 4958 1512 5025 cineri.
1530 4958 1566 5019 in
1580 4957 1690 5020 cilicio
1704 4957 1857 5029 uolutaui,
1874 4963 1905 5018 ct
1918 4973 1986 5020 scr·

207 5049 255 5106 rat
269 5043 365 5106 euim:
382 5045 521 5108 Etiamsi
535 5044 714 5123 oportuerit
726 5061 778 5108 me
789 5045 875 5106 mori
886 5051 1072 5116 ieeummon
1123 5041 1229 5105 dibus.
1247 5039 1354 5115 Qualis
1369 5048 1418 5106 est
1435 5040 1486 5102 hic
1503 5055 1614 5116 praeeo
1631 5040 1715 5103 hert
1736 5040 1839 5117 anelis
1859 5045 1986 5105 concio·

200 5127 392 5212 1ιιιιιριιοε
410 5136 442 5188 ιι
463 5136 563 5190 tamen
580 5127 617 5190 ad
635 5127 760 5190 uerbum
777 5129 909 5190 ancillae
925 5128 1069 5200 dicentis,
1121 5133 1210 5188 nator
1225 5139 1313 5186 rarae
1330 5123 1561 5202 poenitentiae?
1577 5123 1655 5198 Quid
1672 5126 1731 5187 boe
1746 5131 1886 5200 tempore
1902 5125 1982 5188 dice·

209 5212 249 5274 ιιι
265 5216 301 5273 tu
316 5227 390 5274 eum
405 5210 478 5274 lesu
496 5211 639 5276 Galilaea
653 5227 739 5289 eras,
758 5211 811 5272 ille
835 5212 955 5291 negarit
971 5226 1072 5273 eoram
1121 5216 1189 5280 ret,
1214 5210 1239 5270 si
1257 5213 1398 5272 cerneret
1420 5207 1562 5269 homines
1576 5215 1758 5286 peccatores
1773 5209 1839 5270 sola
1862 5207 1984 5271 contes-

211 5295 359 5358 umuibus
372 5294 493 5356 dicens:
509 5295 621 5358 Nescio
637 5296 720 5374 quid
734 5295 829 5369 dicia,
845 5312 880 5357 ac
896 5296 988 5372 paolo
1004 5299 1072 5370 post
1120 5290 1209 5368 slope
1239 5297 1424 5362 contentos,
1454 5291 1624 5354 doctrinam
1653 5292 1821 5374 gemituum
1859 5293 1983 5370 penitus

210 5378 334 5441 dicente
349 5379 409 5440 alla
425 5378 548 5450 ancilla,
565 5379 603 5440 ιιι
617 5379 675 5441 Hic
690 5382 760 5440 erat
780 5394 855 5442 cum
869 5379 942 5440 lesu
964 5378 1068 5440 tiaza·
1121 5373 1292 5455 ignorare?

210 5477 292 5524 rena
307 5509 314 5530 .
338 5460 449 5524 iterum
472 5466 595 5538 negarit
610 5479 680 5524 cum
706 5464 890 5534 iuramento,
907 5463 989 5541 quin
1003 5475 1073 5524 non
1158 5459 1290 5522 Sanctus
1305 5457 1435 5520 Basilius
1449 5457 1481 5519 in
1496 5458 1634 5520 oratioue
1645 5455 1678 5524 in
1693 5455 1982 5538 ludicramdegra·

144 5614 148 5630 ι
210 5547 288 5608 neoc·
302 5545 480 5608 bominem.
496 5543 556 5606 Sed
570 5544 628 5606 hoc
645 5550 803 5622 peccatum
821 5551 903 5606 tanto
920 5545 1016 5606 imbre
1030 5544 1071 5604 la·
1120 5542 1242 5616 tiaram,
1259 5544 1401 5604 actione:
1428 5539 1564 5617 Quando
1580 5540 1619 5604 ob
1631 5546 1767 5620 peccato
1780 5542 1920 5619 fratrem
1936 5544 1985 5605 ιι·

211 5643 384 5706 arymarnm
402 5625 502 5696 diluit.
520 5636 552 5690 ιι
568 5643 607 5689 ιι
623 5627 749 5705 quidem
765 5628 859 5691 uerbo
872 5627 912 5690 ιι
927 5629 997 5708 ipso
1011 5626 1071 5689 Do·
1119 5633 1246 5706 pentem
1259 5625 1371 5692 uides.
1397 5626 1519 5701 iacuit,
1546 5630 1582 5688 tu
1596 5639 1725 5704 quoque
1747 5625 1985 5690 misericordie

214 5719 300 5795 raino
314 5716 419 5792 postea
436 5711 647 5791 reprehensus
662 5711 793 5791 legatur.
808 5709 883 5774 liam
905 5708 963 5794 (ut
976 5711 1071 5772 bran·
1119 5717 1223 5774 mattas
1237 5709 1336 5772 simut
1350 5709 1433 5798 lupe,
1453 5714 1482 5772 ιι
1496 5707 1572 5772 ιιιιι
1587 5725 1596 5768 :
1621 5707 1664 5772 Ob
1676 5714 1847 5786 peccatum
1862 5711 1983 5774 uberes
