4044 6256
817 193 924 252 LIBER
944 193 1095 252 renuitis
1668 197 1717 254 bet

56 324 255 401 pertinentia,
272 324 337 394 lilio
352 323 419 388 eiua
440 323 572 388 llenrico
593 325 785 390 concedere.
806 325 906 391 lorus
951 325 1265 406 Speciesdecepitte,
1280 325 1568 404 etcuaeupiseeutin
1581 327 1791 390 subvertimur

8 427 14 472 t
55 423 131 490 erge
147 415 178 474 et
191 416 314 486 tempus
329 409 491 472 concentui
507 407 660 485 statuitur,
684 407 735 470 ubi
758 409 835 472 hacc
855 427 906 474 res
952 417 1049 484 tuum,
1067 427 1161 489 quara
1177 411 1248 484 buc,
1264 421 1294 474 et
1310 413 1367 472 buu
1383 407 1480 470 iecisti
1495 407 1509 469 1
1531 407 1612 473 Scite
1634 412 1703 487 quia
1726 427 1791 474 rem

7 511 14 558 t
54 495 95 553 ad
108 499 225 555 certum
238 490 533 572 perducatur.liucta
545 506 615 554 reru
628 507 707 569 quae
718 491 799 554 diem
816 492 906 556 buius
952 492 1084 570 iniquam
1101 502 1243 572 operatas
1259 512 1305 558 as.
1318 491 1371 556 llis
1383 490 1473 552 dictis
1485 491 1523 554 de
1535 499 1628 554 stratu
1642 509 1711 555 euru
1725 509 1792 570 pru·

7 586 14 650 t
55 574 180 655 negocii
198 580 416 650 praecesserat,
429 572 624 636 Eberhardus
637 573 906 651 primusBmtber·
952 578 1050 644 trusit,
1067 582 1097 638 et
1118 577 1221 640 multis
1243 577 1423 640 rcrbertbus
1445 589 1580 646 caesuin,
1602 582 1791 638 cruentatum

7 685 15 726 ρ
54 657 164 734 gensis
180 657 350 736 Episcopus
367 655 407 719 ad
422 657 582 719 tentorium
595 655 741 734 praedicti
753 656 906 721 Brununis
951 659 1125 736 dereliquit.
1149 659 1229 722 llaec
1251 660 1375 739 quidem
1399 657 1556 718 surrirriaas
1579 659 1712 734 pertulit,
1736 662 1791 720 seit

10 774 13 814 ;
54 739 292 817 clamaccessii3
308 738 912 818 lectuqaceiusassidens,multasuper'
951 741 1179 820 expergefactus
1205 744 1291 822 signa
1316 743 1470 818 ptaqarcnr
1494 738 1642 801 evidentia
1666 745 1792 802 demun·

6 851 12 896 :
54 821 116 885 bac
136 838 170 886 re
192 824 358 894 rcunuade,
381 821 584 893 obsecrando,
609 826 785 886 memoriam
807 823 906 886 iratris
950 823 1112 892 strarit‚.et
1127 823 1217 888 rerba
1234 827 1392 888 uerborum
1408 823 1594 899 argumentis
1609 824 1791 898 cumprcba·

6 933 12 978 ι
53 905 158 967 enimc
173 903 355 968 inculcando
367 921 437 967 cum
449 905 559 967 eudem
571 904 723 968 sellicitus
734 906 906 985 epitlran-
950 906 1001 968 rit.
1015 906 1126 970 'luliter
1139 909 1178 971 ub
1194 907 1316 971 immani
1329 903 1508 986 praecipitio
1520 910 1675 980 retractus,
1691 905 1720 964 ic
1735 907 1791 964 mi·

8 1054 11 1063 ¹
52 997 140 1049 secta
155 1001 226 1048 rere
242 990 341 1052 multa¹
352 988 425 1050 bura
441 985 541 1049 noctis
562 985 759 1051 Iiberbardus
779 987 906 1066 lipisco·
951 988 1077 1052 nisteriu
1092 1006 1149 1054 suu
1165 1007 1262 1070 usque
1277 992 1314 1053 ad
1326 988 1546 1069 provectiorem
1558 991 1686 1048 aetatem
1701 987 1730 1048 ia
1744 1003 1793 1048 ea·

6 1101 9 1147 Ι
55 1070 415 1147 pusreccssit3elcum
437 1068 541 1132 bruno
561 1069 731 1150 Episcopus
752 1071 907 1133 obdormi·
951 1071 1020 1134 darn
1035 1070 1175 1135 Ecclesia
1198 1075 1386 1150 permansii3
1410 1078 1440 1131 ct
1463 1069 1493 1129 in
1516 1071 1582 1130 cius
1604 1068 1794 1130 surrectione

5 1187 9 1230 s
54 1153 164 1227 risset,
181 1153 266 1216 uisus
281 1160 328 1214 cst
344 1155 371 1214 ci
388 1152 480 1214 irater
493 1151 906 1231 suusImparaturicctusuu
951 1154 1037 1216 multi
1053 1155 1102 1216 alil
1125 1157 1254 1218 correcti
1277 1160 1360 1225 sunt,
1383 1150 1588 1232 glorificantes
1609 1151 1717 1224 Deum,
1741 1151 1794 1228 qui

5 1255 9 1316 ζ
52 1237 455 1315 estare,iaeiemquesuam
471 1235 692 1298 barbacxuna
715 1243 799 1315 parte
821 1237 906 1316 depi·
951 1239 1320 1313 perserruntsuurniam
1343 1240 1519 1300 euruntriuur
1542 1235 1573 1296 in
1596 1233 1701 1318 caelis,
1727 1233 1793 1296 teliu

53 1317 127 1392 lata,
144 1319 332 1398 deturpatam
348 1317 515 1382 obiectare.
531 1316 584 1382 curi
606 1334 701 1398 super
722 1321 780 1381 bac
801 1335 833 1382 rc
854 1337 905 1382 su·
950 1317 1051 1380 adbuc
1067 1321 1255 1398 operareris
1271 1321 1374 1382 terris.

5 1437 8 1480 1
54 1415 173 1478 spensa
189 1409 220 1464 et
233 1401 406 1476 admiranti,
423 1401 493 1478 quis
508 1407 567 1462 tarn
581 1405 758 1464 temerarius
770 1418 862 1464 ausus
873 1402 905 1465 ic
991 1400 1126 1474 Quadam
1142 1405 1207 1464 rice
1222 1405 1348 1480 contigit
1370 1403 1487 1462 incerte
1510 1415 1584 1462 casu
1605 1396 1739 1474 cuidam,
1763 1405 1795 1460 ut

5 1505 8 1564 p
53 1497 125 1544 eum
144 1490 367 1562 praesumeret3
383 1483 582 1560 interroganti
597 1485 767 1562 respondit,
783 1485 903 1560 dicens,
950 1483 1124 1546 dissociatis
1146 1485 1334 1550 naturatibus
1356 1481 1565 1546 instrumentis
1588 1482 1625 1542 ab
1648 1482 1791 1556 inuicem,

4 1603 7 1648 ,
52 1563 101 1627 Tu
118 1567 194 1628 bacc
210 1565 323 1637 iecisti,
340 1567 392 1644 qui
408 1581 469 1642 mc,
487 1573 517 1628 et
530 1573 654 1628 sanctus
670 1565 736 1640 liei,
753 1583 833 1642 quus
846 1582 904 1646 epu
951 1566 1127 1630 tnandibule
1143 1567 1209 1630 luce
1224 1585 1280 1632 suu
1296 1568 1420 1636 dimota,
1437 1571 1468 1628 ct
1482 1563 1543 1644 otis
1555 1562 1686 1626 efficium
1700 1565 1793 1642 impe·

4 1673 7 1734 q
54 1652 151 1710 rebus
166 1666 181 1710 a
199 1648 261 1711 lien
276 1647 351 1712 milri
367 1651 541 1726 concessis,
558 1647 661 1724 ditari,
673 1650 849 1726 despoliare
861 1649 905 1712 di·
950 1649 1039 1724 diret,
1049 1657 1080 1714 et
1091 1650 1257 1714 naturalem
1271 1650 1394 1714 irumani
1407 1647 1528 1710 deceris
1540 1645 1794 1724 compositionum

4 1771 7 1818 Ι
52 1731 218 1809 sposuisti.
234 1729 313 1794 dare
327 1746 402 1812 erqo
417 1733 546 1793 ulterius
561 1747 655 1810 super
676 1732 733 1794 bac
755 1733 905 1795 temerita·
950 1731 1144 1796 deformaret.
1172 1733 1297 1796 Talibus
1322 1737 1550 1796 circumventus
1577 1731 1793 1803 incommodis,

4 1859 7 1902 Ι
55 1814 498 1894 te‚neincaeptalnascum
520 1815 837 1894 magnalitaticrtate.
861 1816 903 1877 bd
949 1810 1792 1892 clamaritadliuudnum,etdirinaepietetisubuirius

3 1945 6 1986 Ι
52 1897 205 1960 baccilia
231 1895 475 1975 expergefactus,
501 1897 541 1961 de
566 1898 686 1960 risione
707 1899 835 1960 niarium
858 1906 905 1962 cst
949 1897 1119 1977 implorauit
1133 1899 1290 1962 auritium:
1309 1908 1339 1961 ut
1355 1915 1427 1977 crqu
1444 1895 1792 1972 martiiestareturopcra

54 1984 248 2056 perterritus,
266 1985 465 2056 omniumque
482 1979 685 2042 membrorum
708 1980 845 2054 herrore,
869 1999 904 2043 aa
948 1979 1002 2044 liei
1018 1982 1048 2044 in
1074 1982 1138 2053 ilie,
1163 1983 1266 2044 multis
1288 1975 1573 2046 interuenientibus,
1597 1979 1634 2036 ad
1658 1976 1792 2038 tumbam

2 2110 5 2135 ,
54 2070 188 2125 tremere
202 2063 488 2142 prauiterattactus.
504 2061 591 2124 dane
607 2069 705 2124 autem
723 2063 811 2136 iactu,
835 2081 902 2124 cum
948 2063 1028 2128 beati
1051 2063 1174 2126 llenrici
1196 2067 1336 2127 surressit.
1361 2069 1391 2126 et
1415 2062 1515 2136 capite
1540 2061 1791 2136 superimposita,

2 2142 5 2208 ζ
53 2145 107 2208 diu
124 2155 301 2223 expectatus
315 2146 352 2207 ad
368 2153 550 2208 contentum
566 2145 728 2207 Procerum
745 2162 805 2207 noa
821 2151 902 2208 terri·
948 2147 1068 2211 tamdiu
1079 2147 1559 2226 precibusinstitit‚quaedusquu
1572 2141 1793 2219 meritisipsius

3 2225 4 2286 ἶ
53 2234 113 2300 ret,
130 2227 224 2292 disila
240 2227 355 2306 Regina
373 2243 426 2305 pru
448 2227 512 2290 dliu
534 2229 677 2298 sollicita,
701 2229 804 2290 missis
827 2245 903 2289 nun·
947 2230 1106 2294 sanitatum
1130 2230 1260 2305 accepit.
1719 2244 1720 2247 ’

53 2311 124 2387 ciis,
141 2311 258 2391 rogarii
272 2311 357 2373 illum
373 2310 498 2382 obnixe,
515 2317 547 2373 ut
567 2311 735 2372 adueniens
755 2311 902 2374 leonissa
990 2313 1065 2374 ltem
1081 2313 1140 2374 alie
1156 2318 1294 2390 tempure
1309 2311 1476 2388 contigisse
1492 2309 1521 2370 in
1537 2306 1662 2370 reriiaie
1675 2305 1791 2371 audiri·

55 2394 231 2470 perliceret.
246 2394 304 2456 llic
319 2397 391 2456 reru
406 2391 564 2456 affirmarit
578 2409 613 2456 se
630 2400 710 2454 iente
730 2391 903 2456 infirmitate
948 2411 1028 2466 mus,
1053 2401 1083 2456 ut
1106 2396 1229 2470 quidaru
1252 2400 1283 2456 la
1311 2394 1442 2476 paretpsi
1468 2395 1544 2454 adeo
1570 2399 1738 2460 sereretur,
1761 2395 1794 2453 et

53 2479 185 2555 precari,
203 2483 234 2540 ut
249 2491 307 2539 nee
318 2475 356 2539 dc
368 2474 448 2540 lectu
462 2491 603 2556 surpere,
621 2491 678 2537 nec
701 2476 809 2552 pedena
833 2493 903 2555 pes·
948 2479 1059 2542 atinde
1075 2494 1162 2540 asum
1180 2478 1296 2539 bracati
1312 2479 1370 2540 iarn
1387 2474 1584 2555 perdidisses
1600 2478 1676 2534 nutu
1691 2479 1792 2534 autern

53 2566 104 2620 set
118 2575 272 2639 qucquam
287 2574 422 2622 morere.
439 2556 576 2636 Cumque
591 2569 758 2635 rogaretur,
776 2565 807 2620 ut
821 2575 855 2622 se
871 2563 901 2622 ia
948 2562 1051 2624 diuino
1064 2561 1238 2622 admonitus
1253 2567 1311 2631 est,
1325 2569 1356 2622 ut
1368 2561 1405 2622 ud
1417 2558 1604 2633 sepulturum
1618 2556 1714 2618 sancti
1727 2572 1792 2617 ccr-

52 2641 135 2704 lectc
150 2643 187 2705 ad
203 2648 384 2706 concentum
400 2640 514 2720 portari
530 2649 695 2719 pateretur.
714 2657 774 2719 quc
790 2642 836 2702 acl
859 2642 903 2705 sic
948 2646 1033 2724 puris
1047 2644 1218 2716 accederet,
1237 2649 1268 2706 et
1282 2647 1448 2718 prostratus
1465 2643 1493 2702 in
1511 2635 1660 2711 oraticnti,
1684 2637 1736 2700 liei
1761 2655 1792 2700 o·

54 2728 221 2801 promissio
237 2723 457 2803 perficeretur3
473 2725 599 2785 omnine
620 2724 784 2799 abdicarit,
806 2741 903 2802 seque
948 2724 1145 2804 mnipctentis
1161 2726 1415 2798 misericerdiam,
1433 2730 1462 2785 et
1476 2720 1646 2785 beatissimi
1665 2719 1718 2782 riri
1735 2720 1793 2782 ibt·

54 2809 87 2866 iu
103 2806 212 2878 Deum.
229 2807 305 2870 111111
322 2805 532 2870 marturibus
548 2821 708 2884 peccasse,
723 2807 815 2868 tibere
839 2813 902 2868 tan·
946 2813 1018 2874 dem
1031 2808 1256 2888 requiescentis
1278 2808 1383 2870 uterita
1406 2808 1573 2867 inuocaret.
1594 2803 1668 2866 Toiu
1689 2804 1792 2881 itaque

52 2889 124 2950 dem
140 2887 902 2968 rueepructamartt.sreitsquaatrinapictasper
946 2907 1079 2972 corpore
1105 2898 1274 2966 prostratus
1298 2889 1489 2953 arationibus
1515 2886 1674 2958 incubuit,
1698 2886 1792 2950 carde

53 2973 160 3034 merita
176 2972 281 3035 famuli
296 2973 357 3046 sui,
374 2986 413 3033 na
429 2985 496 3049 spe,
514 2987 604 3050 quant
622 2973 652 3030 in
669 2987 702 3032 se
715 2969 901 3050 patcit'irau·
947 2977 1045 3053 maqis
1060 2991 1148 3051 quarn
1161 2988 1214 3034 cre
1227 2971 1394 3036 decantans
1407 2987 1475 3034 curn
1489 2971 1649 3045 Propheta,
1662 2965 1791 3030 Adbuc·

53 3055 189 3134 daretur,
205 3055 306 3118 urania
324 3067 433 3132 pratae
445 3051 527 3116 illius
539 3053 777 3132 conspirationis
789 3055 900 3117 martii·
944 3062 987 3122 ait
1000 3060 1183 3136 pucinaeotu
1198 3057 1312 3118 cointe
1323 3051 1601 3127 nrccuiuiticumc
1613 3050 1791 3114 anemurium

54 3136 466 3217 nameotareprcssit3idque
478 3137 559 3214 quud
572 3137 610 3197 ab
622 3154 657 3198 eu
672 3138 900 3214 benecucptuni
945 3142 1077 3206 uerbum
1092 3146 1195 3202 tunm.
1212 3136 1288 3210 Quid
1305 3138 1395 3217 erge?
1407 3137 1545 3202 cbristus
1558 3132 1642 3194 iilius
1657 3131 1724 3204 Dei,
1740 3138 1791 3210 qui

54 3228 114 3291 est,
130 3220 339 3285 cundrmaude
354 3233 477 3298 semper
493 3218 603 3281 exinde
625 3221 662 3280 ad
685 3219 810 3282 metiore
833 3235 901 3298 pru·
946 3229 1163 3301 superterram
1179 3219 1335 3295 erudiens,
1352 3236 1473 3282 menum
1490 3217 1602 3278 aridam
1625 3214 1791 3278 habentem

52 3305 147 3366 rexit.
945 3299 1072 3381 seruerit,¹
1088 3305 1202 3368 ibidem
1217 3320 1300 3366 nuuc
1315 3304 1429 3366 sedens
1442 3301 1481 3364 ad
1503 3303 1655 3361 dexteram
1681 3297 1789 3370 l‘etris,

96 3387 157 3450 Sed
173 3386 233 3450 iem
246 3385 338 3449 11111111Ι
352 3382 389 3446 id
411 3384 570 3464 1111111111,
593 3391 760 3464 (1111111081
782 3385 899 3446 [11111111
947 3393 1054 3454 ecdem
1071 3392 1207 3450 inuocato
1229 3386 1387 3460 miraculo,
1411 3401 1465 3461 per
1488 3387 1592 3444 merita
1615 3380 1719 3442 dilecti
1742 3383 1788 3442 sui

55 3471 213 3534 transitum
230 3469 309 3546 eius,
325 3466 363 3529 ad
379 3467 562 3530 declaranda
576 3470 644 3532 clus
661 3469 833 3530 maritarunt
857 3471 901 3528 iu·
946 3472 1117 3551 supplicem
1134 3473 1224 3532 istum
1241 3468 1390 3530 liberarit.
1407 3469 1507 3530 Sanus
1520 3463 1662 3540 equidem
1675 3463 1712 3523 ab
1725 3477 1790 3524 ura.

54 3555 166 3630 siqnia,
183 3553 219 3614 ad
241 3551 443 3629 sepulchrum
464 3549 548 3613 illius
568 3557 712 3632 operatus
733 3558 780 3612 est
801 3551 901 3612 licuti-
947 3559 1029 3621 tinne
1043 3556 1186 3628 surrexit,
1203 3560 1232 3614 ct
1245 3553 1342 3614 Deum
1360 3550 1585 3628 propitiatorem
1604 3548 1634 3606 in
1656 3559 1790 3608 cumme-

56 3651 128 3710 nus‚
141 3635 310 3698 rediemus.
946 3639 1116 3702 moratione
1132 3635 1234 3700 Sancti
1250 3635 1297 3695 sui
1313 3632 1504 3710 picridearrt.
1519 3628 1639 3691 Clamor
1661 3627 1698 3690 ad
1721 3643 1789 3690 cae·

98 3717 206 3782 liulier
221 3716 368 3797 quaedam
384 3721 538 3782 contracta
553 3717 583 3778 in
599 3717 664 3796 ipsa
677 3717 817 3779 manebat
831 3719 903 3783 ciri·
947 3724 1009 3784 luni
1035 3721 1191 3790 attollitur,
1214 3723 1245 3779 et
1266 3735 1333 3779 euru
1356 3716 1457 3778 debite
1480 3711 1642 3790 gratiarum
1665 3709 1788 3805 actione

58 3807 131 3874 tate,
147 3802 222 3862 adea
237 3801 404 3872 incuruata,
419 3807 451 3860 ut
465 3801 500 3860 ad
514 3799 715 3878 gradiendum
729 3801 902 3865 nuliatenus
947 3807 1078 3886 bprnuus
1093 3804 1207 3884 pieriae
1222 3799 1439 3878 ornniputentis
1453 3797 1508 3862 liei
1525 3797 1562 3858 ab
1578 3794 1788 3858 uaitersrsus·

57 3882 132 3962 erigi
149 3888 275 3961 posset:
293 3881 348 3944 sed
364 3882 466 3957 petius
482 3883 622 3944 manibus
645 3890 787 3961 reptaret,
811 3901 900 3961 quam
946 3887 1128 3952 sistentibus
1144 3885 1334 3946 decantatur.

58 3967 191 4042 pedibus
213 3963 393 4026 ambularet.
416 3963 493 4026 llurc
514 3964 703 4028 erationibus
725 3964 902 4044 frequenter
987 3970 1051 4032 Ηοο
1066 3983 1187 4046 qunque
1202 3963 1434 4028 succcessoribus
1450 3962 1564 4024 austris
1578 3957 1714 4022 indicare
1736 3975 1789 4018 eu·

58 4051 265 4120 incumbente,
283 4047 427 4108 divinitus
441 4048 620 4124 inspiratum
643 4053 701 4116 est.
726 4055 758 4112 ut
778 4053 814 4108 ad
839 4067 901 4112 rne-
947 4055 1090 4122 ravimus,
1107 4048 1187 4127 quod
1204 4051 1235 4108 iu
1256 4047 1367 4109 diebus
1390 4046 1602 4124 Rogatianum,
1626 4043 1662 4102 ad
1685 4042 1788 4116 sepul·

58 4134 184 4192 ursariam
199 4128 371 4193 beatissimi
385 4129 439 4191 riri
454 4134 626 4204 accederet,
651 4141 741 4209 atque
762 4135 902 4212 cnrntpu·
946 4137 1052 4197 ebrum
1069 4132 1216 4212 praedicti
1232 4131 1424 4192 confessoris
1446 4128 1614 4204 contigisse
1638 4124 1785 4184 veraciter

57 4211 455 4277 tentislleimisericurdiam
468 4212 610 4274 obnixius
621 4219 899 4292 imploraretzquud
946 4217 1156 4297 cognorimus.
1173 4213 1299 4289 Quidam
1315 4216 1396 4274 enirn
1413 4207 1562 4272 Sacerdos
1582 4223 1649 4266 carni
1672 4205 1786 4284 populu

58 4300 129 4357 darn
147 4297 260 4359 iaceret
274 4297 303 4355 in
321 4294 709 4372 anniversariudieipsius,
723 4298 824 4358 subito
836 4315 901 4360 cur·
945 4317 1021 4364 suae
1033 4295 1237 4377 procurationi
1246 4289 1786 4382 euenisse,indiabusltuqatiunura

59 4378 205 4443 nectibus
225 4378 347 4440 cunctis
365 4377 568 4450 adstantibus,
591 4379 667 4441 iectu
688 4385 736 4441 est
757 4381 845 4457 quasi
868 4381 899 4443 in
947 4383 1074 4446 crucem
1090 4397 1158 4443 cunr
1175 4377 1309 4459 qumnis,
1326 4383 1356 4436 et
1370 4373 1545 4438 eantirisad
1567 4373 1784 4436 ldcnastcrrum

58 4462 183 4536 ecstasi,
200 4477 237 4525 ac
253 4464 359 4537 pastea
382 4459 466 4522 nerui
488 4460 540 4538 qui
560 4461 759 4539 diriguerant,
783 4465 899 4525 sensim
946 4466 1042 4528 sancti
1059 4463 1150 4535 Petri,
1167 4469 1196 4523 ct
1211 4460 1306 4522 sancti
1322 4458 1444 4536 Georgii
1459 4455 1624 4528 celerabat,
1642 4469 1709 4514 cnm
1726 4469 1785 4528 qua

58 4543 207 4618 dissolri,
230 4552 261 4605 et
281 4541 382 4604 amaia
406 4546 543 4620 corperis
566 4545 699 4606 membra
721 4546 899 4622 crepitantia
948 4551 1071 4626 quidam
1087 4541 1199 4608 coecus
1214 4543 1340 4605 alterius
1355 4557 1443 4602 manu
1460 4540 1569 4601 ductus
1584 4534 1736 4597 ueniebat.
1754 4534 1785 4596 ls

60 4634 227 4703 caeperunt
238 4624 375 4702 extendi3
386 4626 558 4703 mulierque
573 4637 674 4689 erecta
690 4643 777 4690 usum
794 4631 898 4690 ambe·
946 4647 1015 4692 cum
1032 4629 1068 4691 ad
1084 4627 1281 4708 sepulchrum
1297 4622 1488 4686 declamaris
1503 4620 1612 4684 curisti
1635 4617 1783 4712 uenisset,

56 4711 150 4782 landi.
167 4710 328 4788 etreliqua
344 4709 548 4773 membrorum
562 4708 660 4773 officia
676 4727 744 4772 cum
756 4717 839 4773 omni
853 4729 900 4774 sa·
947 4729 985 4776 ex
997 4719 1059 4776 tuto
1075 4712 1167 4775 carde
1182 4724 1239 4770 suo
1253 4709 1368 4787 rogarit
1390 4713 1528 4767 sanctum
1549 4703 1725 4774 Henruuum,
1751 4707 1784 4762 ut

58 4794 151 4854 nitate
166 4792 296 4870 recepit.
947 4811 1002 4874 per
1015 4795 1083 4859 eius
1097 4795 1300 4856 interventum
1315 4788 1526 4852 restitueretur
1539 4788 1567 4848 ei
1582 4785 1687 4847 lumen
1709 4799 1782 4844 ucu-

100 4874 228 4948 tlutdan
243 4875 393 4940 Aedituus
409 4875 438 4936 in
454 4878 562 4938 urdine
576 4874 654 4938 laico
669 4877 706 4938 ed
729 4879 898 4941 custodiam
944 4881 1043 4943 ieram
1057 4895 1066 4956 ς
1081 4892 1215 4950 cumque
1229 4873 1280 4936 diu
1297 4873 1451 4950 praeibas,
1468 4877 1500 4932 ct
1513 4869 1656 4947 lacrymis
1679 4865 1780 4941 pulsa·

1 5029 2 5032 Ἴ
58 4960 220 5033 deputatus
235 4957 405 5032 scelestae,
422 4959 509 5022 iurtis
530 4962 633 5035 coepit
653 4975 844 5036 assuescere,
870 4971 900 5025 et
945 4973 990 5026 ret
1004 4963 1041 5024 ad
1057 4961 1166 5024 ostium
1184 4959 1224 5034 pii
1241 4955 1447 5026 contessoris,
1462 4954 1582 5014 cunctis
1597 4947 1781 5019 ridentibus,

1 5043 2 5066 ²
59 5055 268 5118 quaecumque
284 5047 400 5118 poterat
411 5042 441 5103 in
453 5043 519 5121 ipsa
533 5042 670 5106 Ecclesia
681 5045 833 5117 clanculo,
847 5047 899 5108 de·
945 5051 975 5106 et
989 5045 1019 5106 in
1034 5043 1155 5107 laudem
1172 5041 1225 5102 liei
1240 5037 1489 5109 acclamantibus,
1512 5033 1649 5096 redditus
1671 5038 1717 5094 est
1739 5031 1781 5090 itti

59 5123 211 5184 erustabat
224 5142 234 5201 3
249 5125 305 5186 sed
321 5141 389 5188 cum
405 5125 463 5188 iarn
480 5127 584 5188 inclita
606 5127 745 5188 uitiorum
769 5141 899 5190 consue·
943 5129 1029 5189 risns
1044 5141 1097 5204 per
1111 5124 1235 5204 qratiam
1249 5119 1487 5198 omnipotentis:
1504 5125 1534 5180 et
1549 5117 1657 5178 manin
1673 5115 1703 5175 in
1720 5127 1782 5205 mc3

60 5207 174 5276 tudine,
191 5205 287 5279 ipsam
304 5208 559 5271 consuetudinem
576 5210 725 5286 peccandi
741 5212 799 5272 iam
813 5211 899 5286 quasi
944 5210 1032 5286 dum,
1046 5208 1097 5288 qui
1112 5206 1239 5271 alterius
1261 5221 1351 5266 manu
1373 5203 1494 5276 ductus,
1518 5215 1639 5262 crucem
1662 5195 1783 5290 Duarum

58 5289 157 5366 legem
173 5287 232 5348 sibi
247 5288 382 5364 iecisset,
398 5290 635 5355 misericorditei
650 5308 665 5352 a
681 5292 813 5354 Domine
834 5309 899 5353 ror·
945 5300 1096 5368 sequutus
1110 5292 1206 5353 iuerat
1227 5303 1349 5358 caccus,
1374 5286 1465 5346 nuudu
1486 5284 1619 5362 propriis
1642 5277 1785 5340 manibus·

59 5373 177 5445 ripitur.
194 5368 327 5442 Quadam
344 5375 426 5436 enim
442 5381 543 5447 necte,
566 5379 637 5436 dum
661 5375 690 5436 in
715 5376 821 5438 eadem
844 5375 898 5436 lic·
944 5391 1067 5440 crucem
1083 5374 1200 5442 lenens,
1215 5389 1283 5434 cum
1298 5369 1440 5432 leudibus
1454 5366 1513 5444 ipsi
1530 5365 1642 5443 pcpclu
1657 5362 1781 5422 domum

1 5457 2 5464 ’
61 5454 150 5515 etesia
167 5469 309 5515 sumnum
325 5464 460 5534 caperat,
477 5471 583 5520 serres
597 5456 653 5519 liei
668 5467 794 5536 aspi-ctu
816 5459 900 5520 terri·
946 5459 1096 5529 redeunti,
1113 5456 1235 5518 ductam
1252 5451 1391 5531 praebuit
1405 5449 1606 5513 illuminatus.

60 5535 129 5598 bilis
144 5535 170 5598 ci
187 5539 337 5612 apparuit.
353 5546 384 5602 at
397 5555 506 5620 aspere
522 5541 659 5606 insectus
674 5543 703 5607 in
719 5557 801 5620 eum,
815 5539 898 5620 dixit,
988 5541 1074 5604 ltiud
1090 5553 1212 5622 queque
1227 5537 1345 5602 divinae
1360 5531 1477 5598 uirtutis
1499 5529 1679 5683 miracuTerm
1703 5524 1784 5588 ecla·

162 5635 312 5698 Bcaarmntt
328 5641 357 5698 11.
373 5642 416 5700 tt.
742 5662 745 5677 ·
994 5641 997 5648 ’
