4056 6260
275 255 330 314 odit
835 256 882 312 ott
901 249 1078 313 AETERNA
1096 249 1312 310 FELICITATE

202 387 321 469 fidelis,
345 393 426 470 attio
446 405 545 472 super
563 405 674 470 portua
694 388 788 468 444444
811 386 937 466 fidele,
963 402 1059 465 super
1105 400 1163 446 suo
1178 383 1347 446 contormia
1363 382 1425 444 sint
1441 397 1502 444 uon
1519 385 1619 442 sotum
1637 382 1668 440 tn
1681 377 1832 449 claritate,
1849 375 1906 438 sed
1921 381 1967 436 ct-

200 474 306 536 mtrlta
321 481 349 536 te
362 477 580 550 constituam,
596 478 687 538 intra
699 475 738 536 in
754 473 916 553 goudium
928 471 1059 534 Domini
1105 467 1164 529 iam
1180 468 1210 530 in
1226 468 1331 530 odoris
1347 463 1580 538 suavitateoui
1597 463 1690 542 igitur
1711 457 1859 523 odoribus
1874 458 1966 521 dele·

201 560 262 619 itti:
287 556 410 638 (Mottb.
429 556 494 640 244.)
520 558 592 636 4444
617 558 761 636 probibet
785 559 858 637 4444
886 557 1070 634 existimare
1105 556 1235 625 utuntur,
1260 554 1397 630 cogitent
1423 547 1506 626 44444
1532 548 1680 610 suavitate
1706 543 1847 621 replendi
1872 541 1966 612 siut,

201 644 371 719 possimus,
386 643 478 704 rerba
495 642 791 720 illagltominicantu
807 639 900 701 totius
916 637 1059 700 caelestis
1106 635 1229 711 444444
1244 634 1276 696 44
1293 636 1380 697 horto
1396 633 1451 693 illo
1468 630 1570 694 444444
1594 636 1637 691 444
1653 622 1746 690 millia
1769 626 1879 690 llorum
1896 639 1969 690 444-

202 722 310 788 Curiae
327 726 507 801 excipienda
523 771 532 800 ,
557 732 666 786 iturum
682 730 773 803 atque
790 727 900 786 iterum
917 722 1060 782 dulcissi-
1104 717 1241 789 testium,
1260 718 1396 794 4444444
1411 715 1592 791 spirantium
1608 713 1720 774 odores
1734 712 1834 774 turios
1849 717 1879 774 44
1894 725 1967 772 sue·

202 823 252 870 me
268 809 435 884 repetenda
448 810 464 869 4
479 808 567 871 Certe
583 810 622 870 de
638 807 749 870 sancto
772 808 899 870 llartmo
923 805 1059 867 Ecclesia
1104 802 1260 877 tissimus,
1276 799 1456 884 glorificatis
1472 797 1598 862 naribus
1614 797 1766 859 haurient.

202 889 359 954 4444444444
375 895 480 955 444444
498 909 558 954 444
572 893 732 954 dubitarit:
746 891 905 952 Martinus
918 889 969 951 bie
979 906 1061 966 patt-

199 991 261 1054 444
275 984 303 1036 44
319 979 572 1042 4444444444444
588 976 713 1038 eaelum
730 973 1060 1054 ingreditarbgmnt's
1362 1004 1366 1012 ·
1438 995 1521 1059 cgp'
1545 993 1624 1058 4144ο

206 1059 396 1123 caelestibus
419 1061 612 1124 honoratur.
636 1059 689 1136 (ln
704 1055 898 1139 Laudibus.)
920 1058 1061 1134 14444444

203 1141 335 1207 Sanctus
352 1147 540 1222 Augustinus
566 1143 596 1204 in
620 1152 757 1204 extremo
778 1142 859 1206 trbro
876 1141 919 1202 lle
936 1139 1061 1202 civitate
1343 1197 1350 1212 ,
1658 1194 1664 1208 ,
1872 1193 1879 1206 ‚

203 1225 256 1288 Dei
273 1274 281 1304 ,
299 1230 358 1288 boe
376 1229 475 1304 ipsum
492 1229 617 1287 disertis
633 1227 736 1287 verbis
758 1225 887 1287 affirmat
910 1242 979 1285 oum
996 1224 1057 1283 uit:
1187 1196 1231 1260 ⁰0
1245 1197 1495 1278 flaudwfflm
1507 1195 1665 1276 44443ῑῦ44444
1679 1201 1708 1256 ⁰²
1720 1193 1891 1272 ‘abiendi-

201 1325 280 1372 uera
305 1311 352 1373 ibi
372 1313 478 1390 pluria
499 1312 582 1381 erit,
608 1309 665 1371 ubi
688 1310 856 1371 laudantis
878 1325 937 1370 neo
954 1323 1062 1370 errore

202 1395 387 1473 quisquam.
401 1411 461 1458 444
473 1393 665 1457 4444444444
678 1393 880 1474 laudabitur.
899 1393 993 1455 verua
1008 1390 1061 1452 bo·
1149 1388 1190 1449 [te
1203 1403 1299 1452 sensu
1312 1389 1455 1468 gustandi
1468 1384 1782 1465 scribunt'llteologi,
1792 1382 1887 1468 (Vide
1896 1382 1974 1445 Dio·

202 1491 276 1554 nor,
296 1483 353 1557 444
368 1481 455 1541 nulli
469 1478 642 1556 negabitur
657 1479 774 1554 44444,
798 1479 884 1538 nulli
899 1476 1062 1552 deleretur
1106 1473 1239 1552 4444444
1257 1474 1512 1536 carthusianum
1526 1474 1563 1535 tu
1579 1471 1609 1536 t.
1629 1469 1717 1534 sent.
1735 1470 1769 1532 d.
1787 1467 1839 1532 44.
1856 1474 1920 1530 art.
1939 1465 1972 1531 t.

202 1562 355 1640 indiguo:
371 1567 501 1638 444444
518 1563 562 1623 44
575 1577 647 1622 eum
664 1559 784 1622 ambiet
798 1561 887 1622 ullus
901 1560 1061 1636 indignus
1106 1559 1164 1634 qui
1179 1557 1260 1618 alios
1275 1559 1363 1628 citat,
1380 1565 1408 1623 et
1424 1557 1629 1620 Dominiatttn
1640 1573 1661 1618 a
1674 1553 1748 1618 Sota
1763 1555 1802 1618 44
1817 1551 1848 1615 4.
1866 1551 1901 1614 d.
1915 1547 1973 1614 te

202 1643 259 1706 ubi
271 1647 381 1708 nullus
397 1649 593 1723 permittitur
608 1661 674 1706 esse
688 1645 754 1705 nisi
766 1646 898 1722 dignus.
916 1642 997 1728 (W)-
1011 1642 1061 1702 22.
1108 1655 1163 1718 444.
1180 1638 1211 1703 4.
1227 1645 1291 1704 art.
1307 1639 1354 1723 t.)
1371 1659 1431 1704 uon
1446 1656 1557 1704 usuros
1569 1639 1678 1701 Beatos
1691 1638 1769 1700 cibis
1783 1635 1972 1700 mortalibus

204 1728 245 1791 de
263 1724 393 1792 Ciuitate
405 1731 473 1796 Dei.
492 1745 565 1808 cap.
580 1725 648 1801 34.)
663 1727 687 1790 0
705 1728 796 1806 igitur
812 1737 920 1802 terque
943 1733 1063 1802 anatar-
1107 1724 1162 1784 sed
1180 1724 1338 1787 babituros
1355 1735 1456 1788 tamen
1473 1723 1711 1786 oblectationem
1728 1721 1864 1797 aliquam
1882 1725 1914 1780 tn
1932 1733 1972 1782 eo

204 1827 264 1890 444
282 1815 373 1886 beati,
393 1816 443 1890 444
462 1815 491 1873 in
511 1815 578 1874 loco
594 1813 647 1872 illo
663 1857 670 1882 ,
685 1814 768 1872 4444
791 1812 893 1872 exulat
915 1809 1061 1885 adulatio,
1107 1821 1215 1883 sensu,
1233 1825 1271 1868 44
1286 1823 1536 1886 supervacaneus
1559 1822 1630 1870 esse
1653 1805 1808 1867 ridentur:
1832 1803 1971 1866 loturam

204 1896 378 1962 44444444
396 1898 549 1960 invenitur
566 1897 786 1963 menducium,
811 1895 937 1955 audient
953 1892 1064 1954 decan·
1108 1893 1208 1950 lamen
1226 1891 1461 1955 oblectationem
1479 1892 1561 1953 ittam
1580 1892 1647 1952 loro
1659 1889 1792 1952 44444444
1807 1887 1975 1950 beatorum

205 1982 260 2040 tari
274 1981 382 2043 laudes
398 1997 469 2042 suas
484 1982 552 2040 sine
569 1981 708 2056 periculo
723 1978 902 2055 superbiae,
927 1977 983 2040 sed
1000 1993 1060 2038 non
1110 1980 1141 2033 et
1157 1973 1374 2038 immortalium
1390 1984 1627 2056 congruentem.
1651 1974 1693 2035 lte
1709 1987 1805 2036 sensu
1824 1967 1977 2050 tangendi

204 2062 272 2126 sine
286 2063 480 2128 incremento
495 2063 651 2126 laetitiae!
1109 2059 1298 2120 conveniunt
1315 2076 1448 2134 omnes,
1472 2075 1561 2120 usum
1579 2061 1646 2120 eius
1663 2073 1724 2118 nou
1741 2055 1919 2118 delaturum
1943 2054 1976 2114 in

1109 2140 1280 2236 44444444
1297 2159 1424 2221 corpora
1442 2143 1602 2205 Brutorum
1616 2141 1684 2203 siue
1697 2139 1792 2207 dubio
1804 2137 1889 2215 tangi
1903 2151 1977 2230 pos·

549 2278 632 2344 eu.
1108 2219 1978 2390 44444444444444444

1109 2393 1296 2467 44444444,
1313 2399 1396 2457 siout
1411 2409 1461 2456 me
1474 2393 1591 2456 uidetis
1603 2393 1731 2456 nabere.
1751 2389 1843 2467 (Lito.
1855 2382 1926 2470 24.)
1939 2386 1978 2450 4-

464 2501 508 2564 ⁰⁶
522 2505 646 2583 ...aa
661 2483 808 2568 tla...
1109 2469 1977 2639 lllllttltlllllli.illittlttttt.tlttl

1109 2641 1282 2720 44444444,
1300 2655 1341 2721 et,
1359 2651 1391 2706 ut
1406 2648 1475 2722 ipse
1489 2643 1641 2705 Dominus
1655 2637 1852 2718 4444444414
1865 2653 1978 2701 resur·

249 2721 295 2786 De
310 2723 424 2787 eeterls
439 2724 585 2788 sensibus
610 2741 707 2804 pauca
723 2722 854 2786 dicenda
872 2728 985 2799 erunt,
1002 2737 1065 2784 non
1108 2727 1252 2790 rectione
1263 2743 1369 2808 44444
1380 2727 1625 2805 nubentnaquc
1636 2721 1980 2800 nubentur,sedentnt

207 2807 289 2884 4444
303 2807 369 2870 suis
382 2816 412 2869 et
425 2811 543 2890 magnis
555 2808 760 2889 voluptatibus
772 2808 967 2881 careant,sed
983 2805 1065 2885 quod
1110 2811 1194 2872 sieut
1205 2811 1319 2890 444444
1333 2811 1391 2874 Dei
1405 2809 1557 2875 4444444.
1573 2807 1698 2891 (444444.
1714 2804 1782 2889 22.)
1795 2807 1856 2869 Sed
1869 2821 1928 2868 nos
1945 2807 1977 2866 iu

205 2889 277 2954 illas
293 2892 590 2970 toluptotes‚auales
603 2894 721 2955 laturae
737 2892 809 2968 sint,
825 2891 983 2969 Scriptura
997 2903 1074 2952 sana
1111 2892 1172 2964 his,
1190 2911 1269 2973 4444
1286 2896 1479 2976 disputantur
1491 2893 1522 2955 in
1540 2890 1828 2968 sobolis,tmmoruri
1845 2904 1907 2951 non
1923 2903 1977 2949 ro·

208 2979 255 3037 ota
272 2990 331 3036 uon
349 2983 515 3053 aperuerit.
532 2977 612 3038 lllud
630 2976 720 3039 uobis
736 2980 811 3039 sutis
825 2981 957 3048 constat,
975 2975 1068 3037 mulla
1111 2977 1226 3040 tumus.
1244 2976 1342 3040 Unum
1361 2980 1437 3041 illud
1454 2976 1653 3050 affirmamus,
1677 2989 1806 3038 sensum
1822 2969 1974 3050 tangendi

209 3073 338 3135 corpora
353 3059 534 3121 Sanctorum
552 3065 652 3122 statim
670 3077 685 3120 a
704 3069 800 3121 morte
813 3061 938 3122 odorem
951 3061 1067 3121 suavis·
1112 3077 1174 3122 non
1198 3061 1350 3124 modicam
1372 3064 1559 3140 voluptutem
1578 3067 1795 3139 percepturum
1812 3070 1849 3118 ex
1866 3071 1980 3134 perpe·

84 3133 87 3138 ’
207 3140 319 3203 simum
336 3149 454 3219 spirare
470 3144 750 3223 eoepisse‚oualem
768 3143 858 3204 adium
877 3149 967 3205 nemo
979 3141 1068 3205 44444
1112 3147 1204 3206 44444
1219 3146 1332 3224 optima
1350 3151 1491 3225 eorporis
1509 3143 1687 3206 4444444444
1703 3141 1744 3204 44
1759 3142 1849 3202 44444
1865 3153 1978 3216 eorpo-

207 3235 359 3288 senserat.
378 3227 442 3290 lloo
458 3229 497 3289 de
512 3243 642 3307 corpore
657 3227 709 3306 (Iu
724 3231 791 3290 nito
808 3227 839 3290 S.
858 3225 1066 3304 Hilarionis.)
1113 3230 1156 3290 ris
1171 3230 1311 3306 gloriosi,
1330 3231 1369 3293 de
1384 3229 1499 3308 auibus
1513 3227 1681 3306 Apostolus
1697 3228 1727 3286 in
1745 3224 1847 3302 priore
1863 3222 1903 3286 44
1918 3220 1977 3284 Go-

207 3307 240 3371 S.
258 3309 422 3373 llilar‘ionis
435 3317 564 3374 testatur
576 3318 699 3374 sanatus
712 3311 930 3390 Hieronymus:
940 3309 1069 3372 44444444
1115 3312 1246 3374 rintnios
1260 3329 1269 3372 :
1284 3311 1485 3389 seminatur,
1499 3314 1611 3388 inquit,
1624 3307 1892 3387 incorruptione.
1907 3321 1978 3372 sttr-

207 3393 302 3468 euim,
321 3398 390 3469 post
405 3397 514 3457 daoem
539 3413 663 3457 menses
686 3414 701 3456 a
726 3397 885 3472 sepultura
908 3397 1067 3456 intentum
1114 3401 1167 3476 pet
1181 3397 1217 3459 in
1232 3397 1493 3476 intermutatione:
1510 3397 1697 3458 seminatur
1708 3394 1747 3456 in
1758 3389 1977 3472 ignobilitate,

209 3489 323 3554 eorpus
338 3479 506 3560 integrum
523 3483 609 3558 44444
623 3479 724 3541 44444
736 3485 895 3549 44444444
907 3479 998 3540 tantis
1012 3475 1069 3540 ira·
1114 3480 1272 3560 surpatio
1283 3481 1403 3560 glorio:
1415 3480 1601 3543 seminatur
1613 3481 1652 3542 in
1665 3473 1983 3554 infirmtiatesttrpet

210 3576 303 3637 grans
315 3563 514 3634 4444444444
530 3563 700 3625 delibutum
718 3564 885 3642 unguentis
899 3569 1068 3641 putaretur.
1115 3563 1153 3626 in
1179 3567 1308 3627 uirtute:
1331 3563 1515 3627 seminatur
1534 3577 1655 3640 eorpus
1684 3559 1983 3638 animatorum

210 3641 275 3705 Hoo
292 3647 373 3706 idem
391 3651 430 3708 de
446 3663 577 3726 corpote
592 3650 691 3708 sancti
708 3645 827 3710 Serruli
851 3647 1008 3728 paralytici
1024 3651 1070 3709 te·
1115 3661 1231 3724 eorpus
1246 3649 1407 3724 spiritate.
1423 3643 1468 3728 (4.
1489 3646 1559 3711 Gor.
1578 3645 1644 3725 45.)
1658 3645 1702 3708 444
1717 3645 1831 3722 auibus
1846 3649 1982 3722 quatuor

210 3731 305 3790 statur
321 3729 354 3791 S.
372 3729 537 3812 Gregorius
560 3729 590 3792 in
608 3731 767 3807 Dratogts,
792 3732 881 3793 euius
905 3735 982 3795 4444
998 3735 1070 3794 4444
1115 3730 1240 3792 4444444
1256 3731 1320 3793 slve
1334 3730 1504 3810 privilegiis
1516 3745 1680 3808 corporum
1694 3728 1981 3808 gloriosorum,una

208 3812 313 3873 rerba:
331 3813 451 3876 Anima
468 3823 618 3890 4444444,
642 3821 735 3877 tanta
757 3815 945 3896 fragrantia
960 3816 1070 3879 odoris
1115 3812 1168 3875 illu
1184 3815 1223 3876 44
1239 3818 1335 3895 gioria
1350 3817 1415 3877 sire
1431 3817 1598 3893 splendore
1620 3810 1761 3892 eorporis
1784 3810 1926 3889 gloriosi,
1942 3807 1981 3871 44

210 3909 346 3970 asperso
361 3905 418 3974 cst,
436 3905 472 3960 at
489 3915 621 3966 omncs.
645 3901 703 3979 qui
718 3901 784 3961 itltc
800 3903 961 3977 aderaut,
977 3903 1070 3962 inoe-
1114 3911 1241 3960 sensum
1259 3899 1383 3960 ridendi
1402 3899 1583 3977 pertinent,
1607 3903 1640 3958 44
1661 3913 1720 3960 444
1737 3895 1807 3959 4444
1820 3893 1981 3956 diximus:

209 3980 366 4044 stimobt'ti
377 3985 537 4046 suavitate
552 3977 1071 4066 replerentur.(tiber.t.oop,tt.)
1113 3983 1251 4059 retiquae
1267 3985 1331 4044 tres
1344 3984 1485 4045 ridentur
1500 3982 1537 4043 44
1554 3997 1681 4044 sensum
1696 3977 1842 4060 tangendi
1855 3978 1983 4056 proprie

210 4069 239 4124 et
256 4067 347 4140 paulo
365 4071 445 4143 post:
464 4064 634 4148 Quousque
651 4085 767 4145 corpus
790 4075 859 4130 ciue
881 4069 1071 4144 sepulturae
1115 4065 1286 4145 pertinere.
1304 4065 1376 4129 Nam
1394 4063 1669 4143 quemadmodum,
1687 4079 1758 4127 cum
1781 4077 1896 4140 eorpus
1913 4075 1984 4141 gra·

210 4149 387 4224 traderent,
411 4151 452 4214 ab
473 4169 593 4228 ,eorum
615 4152 752 4214 naribus
769 4153 878 4214 odoris
899 4151 991 4214 iltius
1005 4150 1072 4227 fra·
1114 4155 1201 4211 ratur
1217 4149 1345 4223 morbis,
1364 4149 1473 4230 plagis,
1490 4148 1686 4228 vulneribus,
1702 4159 1784 4228 4444
1798 4145 1836 4208 td
1851 4153 1982 4208 mortem

210 4236 345 4306 4444444
360 4245 430 4296 444
443 4238 584 4298 recessit.
603 4234 664 4296 Neo
680 4239 793 4297 desunt
816 4234 872 4296 alia
895 4251 955 4296 non
976 4249 1070 4308 44444
1118 4234 1247 4298 ducunt:
1265 4249 1379 4297 sensus
1396 4233 1541 4312 tangendi
1558 4238 1618 4311 est,
1643 4233 1695 4311 444
1707 4233 1823 4311 patitur
1837 4235 1868 4292 et
1883 4229 1983 4292 dolet:

210 4318 352 4394 exempla
370 4318 495 4394 similia,
512 4327 576 4382 turn
592 4327 691 4380 vetera
709 4326 771 4380 tum
788 4318 936 4380 recentia.
951 4317 995 4380 Er
1006 4317 1072 4395 aui·
1118 4316 1164 4379 sio
1181 4321 1272 4380 etiam
1290 4318 1413 4397 444444
1426 4333 1540 4395 eorpus
1562 4315 1645 4379 bene
1660 4315 1750 4386 44444,
1776 4320 1806 4376 et
1820 4327 1932 4376 sunum
1948 4331 1986 4376 44

209 4394 269 4459 444
285 4401 388 4476 colligi
407 4410 520 4480 potest,
537 4403 563 4464 si
580 4417 707 4481 corpora
725 4402 940 4464 detunctorum
955 4409 1024 4477 post
1039 4418 1069 4463 a·
1118 4401 1278 4464 robustum
1295 4407 1354 4473 444,
1372 4417 1487 4464 444444
1504 4401 1647 4482 tangendi
1663 4399 1788 4480 gaudet.
1801 4395 1912 4476 444444
1928 4397 1985 4478 igi·

212 4480 313 4545 nimae
340 4484 596 4564 glorificationem
623 4501 747 4548 suarem
776 4485 896 4561 spirant
921 4487 1071 4560 odorem,
1119 4485 1421 4564 iurgandiosensus
1439 4484 1582 4566 tangendi
1599 4481 1982 4554 afficietur·lueaelo,cnm

212 4567 423 4656 multomagis
440 4585 568 4648 corpora
584 4567 648 4631 vira
672 4577 700 4630 et
717 4567 907 4647 glorificata,
932 4577 1073 4630 sanatum
1119 4578 1190 4648 post
1205 4569 1464 4632 resurrectionem
1481 4582 1610 4646 corpora
1626 4566 1787 4630 beatarum
1803 4563 1984 4628 immortali·

210 4649 338 4711 odorem
356 4652 574 4714 suavissimum
591 4651 753 4728 spiratum.
769 4650 909 4722 locanti,
927 4653 1010 4732 quod
1027 4669 1074 4715 re·
1118 4658 1180 4730 tate
1196 4659 1227 4716 44
1241 4653 1513 4729 444444444444444,
1537 4658 1629 4729 44444
1644 4651 1723 4714 4444
1735 4647 1849 4730 optimu
1863 4649 1983 4712 rutatu-

209 4729 268 4792 4444
283 4734 365 4794 4444
383 4735 515 4796 Sanctus
537 4735 704 4816 Gregorius
726 4736 765 4796 44
792 4749 922 4812 corpore
949 4735 1074 4798 Domini
1119 4733 1192 4798 dine
1204 4735 1236 4798 in
1253 4744 1411 4800 aeternum
1429 4737 1581 4798 truantur.
1597 4733 1676 4812 Quid
1694 4749 1756 4797 non
1779 4731 1914 4794 libenter
1930 4732 1985 4796 da·

211 4816 307 4876 nostri
325 4816 448 4880 virente
475 4825 505 4881 et
521 4821 769 4896 gloriosissimo,
794 4821 883 4880 ouius
899 4817 978 4882 4444
1004 4825 1076 4882 4444
1120 4821 1271 4894 tentoni,
1287 4821 1469 4899 praesertim
1484 4819 1656 4895 Principes,
1674 4819 1770 4898 siper
1785 4815 1983 4878 totnmritam

211 4898 305 4959 rerba
325 4901 356 4961 in
374 4902 453 4964 libro
469 4912 580 4978 auarto
603 4900 821 4980 oratogorun,
850 4908 880 4964 44
896 4903 927 4964 44
945 4903 1076 4964 Humilia
1120 4919 1135 4962 4
1153 4903 1298 4982 podagra,
1317 4904 1439 4981 capitis,
1456 4903 1648 4966 stomaobire
1670 4907 1721 4963 444
1743 4913 1853 4964 tenum
1871 4899 1986 4962 dolori·

211 4983 344 5059 quadam
360 5001 455 5061 super
471 4983 738 5059 Evangelinztuno
754 5001 883 5048 tursum
895 4988 1074 5064 respiciens
1119 4986 1178 5051 444
1192 4987 1415 5052 liberarentur?
1425 4987 1514 5064 44444
1528 4985 1622 5067 igitur
1636 4984 1783 5068 gaudium
1797 4983 1855 5045 erit
1869 4983 1901 5044 in
1915 4999 1986 5046 oae-

211 5064 309 5143 (Tarsi
328 5068 354 5129 44
368 5069 467 5146 virgo)
481 5067 590 5128 Jeaum
604 5069 786 5131 uenientem
800 5071 894 5132 uidit:
918 5077 1075 5151 tantaque
1120 5068 1161 5146 lo,
1181 5088 1196 5132 4
1215 5088 1276 5151 444
1293 5073 1475 5153 longissime
1491 5087 1552 5133 non
1569 5070 1670 5133 salum
1689 5085 1790 5146 mors,
1813 5068 1867 5130 sed
1885 5069 1987 5134 omnis

211 5149 316 5212 sabito
331 5150 517 5228 fragrantia
529 5153 606 5213 miri
618 5153 726 5214 odoris
742 5169 873 5231 aspersa
890 5161 990 5229 est‚ut
1001 5159 1076 5232 ipsa
1121 5155 1248 5219 morbus
1273 5162 1302 5220 et
1317 5157 1420 5219 omnis
1435 5155 1523 5218 dolor
1540 5151 1668 5218 4444444
1688 5152 1823 5218 Proinde
1845 5153 1986 5216 4444441-

213 5249 341 5314 444444
356 5237 501 5297 suauitas
516 5238 639 5296 44444444
655 5241 848 5314 ostenderet,
865 5239 945 5300 illuc
961 5236 1075 5301 Attoto·
1122 5239 1181 5311 lae,
1200 5257 1256 5320 per
1271 5243 1347 5321 4444
1363 5255 1475 5320 corpus
1498 5239 1698 5320 oomuptiblle
1721 5237 1821 5315 surgit
1841 5233 1984 5300 incorru-

211 5331 281 5379 rem
297 5320 466 5380 suauitatis
481 5321 618 5380 uenisse.
634 5319 718 5392 (tib.
735 5320 846 5399 4444.
858 5319 1074 5406 4444444438.)
1120 5323 1242 5402 ptibile,
1258 5330 1289 5388 et
1305 5339 1419 5404 eorpus
1436 5321 1589 5387 infirmum
1606 5327 1704 5403 surgit
1719 5318 1928 5396 impassibile,
1947 5323 1984 5384 44

215 5397 303 5477 Quod
320 5401 345 5462 si
359 5417 471 5496 eorpus
487 5401 701 5498 Redemptoris
725 5405 926 5482 gloridcatum
947 5407 1074 5469 odorem
1120 5407 1267 5486 gaudium
1284 5407 1739 5488 sensustungandipertiaent.
1755 5403 1808 5468 Sia
1820 5405 1913 5468 etiam
1931 5405 1985 5470 44-

213 5487 316 5580 444444
332 5487 491 5547 suauitatis
506 5492 625 5562 44444,
652 5487 778 5551 444444
800 5488 949 5552 credibile
965 5496 1024 5563 est,
1040 5505 1072 5553 o·
1123 5495 1170 5554 ies
1186 5491 1332 5574 agilitatis
1348 5499 1378 5556 44
1393 5491 1593 5568 subtilitatis,
1618 5507 1674 5571 per
1696 5503 1774 5570 4444
1790 5503 1907 5566 corpus
1922 5489 1987 5552 eni·

194 5575 197 5582 '
215 5581 301 5664 muta
314 5583 442 5647 corporo
459 5569 641 5632 Sanctorum
656 5571 685 5634 in
699 5574 785 5635 oa'elo
797 5571 946 5651 spiratum
963 5572 1071 5638 miram
1118 5573 1197 5638 male
1213 5569 1320 5657 surget
1335 5577 1520 5657 spirituale,
1547 5576 1585 5640 44
1601 5575 1747 5639 eumdem
1769 5587 1900 5636 sensam
1921 5577 1985 5635 tau·

215 5650 322 5716 444444
334 5653 526 5718 sueritttemt
549 5655 641 5720 44444
654 5654 738 5718 anim
762 5661 796 5720 44
814 5655 951 5722 membru
976 5655 1070 5740 rapiti
1116 5659 1380 5742 gondipertum
1393 5661 1548 5727 ridentur.
1571 5659 1734 5742 Siquidem
1759 5655 1924 5738 spirituale
1938 5657 1986 5720 dl·
