4044 6256
820 159 929 222 niuea
952 157 1103 220 amotos
1688 159 1738 222 eoi

9 317 18 365 r
77 294 178 358 flliam
194 291 341 359 diaetam:
357 292 408 372 qui
422 290 602 373 imperator,
616 291 657 357 ob
671 307 788 357 mamm
802 297 926 360 comite·
970 296 1091 366 rocnnt,
1106 289 1138 356 ln
1154 290 1292 358 eiusde'm
1307 299 1472 376 perpetuae
1486 293 1618 375 Virginis
1630 295 1761 367 laudem,
1779 297 1810 356 et

9 405 19 453 q
82 387 164 454 tem,
180 383 210 440 et
225 375 503 452 mansuetudinem,
519 375 591 438 Pius
606 380 653 440 esi
676 376 857 456 appellatus.
884 376 927 442 Ea
972 373 1131 448 honorem,
1146 379 1177 438 et
1189 375 1347 455 grandem,
1364 382 1395 440 et
1409 376 1575 456 insignem,
1591 384 1681 457 eique
1697 377 1728 438 iu
1750 375 1810 456 pri·

9 487 18 536 g
73 468 186 524 nutem
201 458 312 534 (lisele,
329 458 494 522 chrismate
507 465 611 528 noem,
626 459 928 540 etceronarcgieie·
972 459 1031 519 mis
1045 453 1198 522 celebrem
1213 456 1372 522 basilicam
1386 459 1533 540 condidit,
1550 475 1645 538 opere
1659 473 1734 525 sane
1756 461 1811 520 mi·

9 577 19 638 ἶ
74 546 209 622 signite,
226 542 347 621 quatem
363 555 398 604 se
413 541 586 618 praebuerit
601 555 671 621 erge
686 539 741 603 liei
754 543 927 607 cuttomor·
971 537 1712 621 rideocelatisChoriparietibuseipavimente
1733 557 1810 603 mar·

9 655 18 706 g
74 627 232 696 nandum,
251 638 340 704 quarn
356 623 513 702 [eaqueus
529 623 717 703 staengan,
733 640 768 686 nc
791 625 927 690 liberalis
972 626 1175 684 norestrato.
1201 622 1295 696 Quem
1318 625 1473 687 basilicam
1496 627 1547 702 qui
1570 625 1653 697 vidit,
1677 625 1812 686 testimo·
1924 653 1927 662 ·

9 741 15 784 q
76 725 156 786 erge
179 707 299 771 Christo
324 708 521 768 servientium
549 709 801 786 congregationes
826 710 947 784 luerit,·
970 702 1054 767 oium
1070 703 1210 782 perhibet
1224 706 1811 784 dictisnostrie,ienumereillicheberi

9 825 16 872 ,
76 792 247 853 muitarum
260 786 461 851 eeclesiarum
476 787 677 865 Cruces,vesa
691 795 926 868 sacrmeioien·
971 787 1142 865 petitorum,
1158 793 1188 850 et
1202 801 1320 864 eorum,
1337 805 1413 868 quae
1427 797 1599 869 paramenta
1617 797 1735 866 vocent,
1758 805 1811 868 ge·

9 907 15 956 Ι
73 871 161 948 sitia,
179 873 255 934 miro
270 885 365 950 opere
390 869 509 950 effecte,
535 873 584 934 vei
609 878 760 944 puniente,
786 871 817 934 in
845 875 927 938 laune
970 885 1041 932 nere
1056 886 1064 932 :
1079 870 1199 934 tabulas
1212 869 1350 934 altarium
1366 889 1427 935 non
1442 889 1556 952 pauens
1571 888 1607 936 ex
1622 888 1694 935 auro
1711 873 1811 950 puris·

9 991 14 1056 ,
76 971 181 1034 usque
197 956 278 1016 diem
293 960 464 1020 testentur:
481 956 647 1033 praecipue
671 961 768 1018 temen
789 955 926 1019 Ecclesia
969 951 1059 1024 simo,
1083 953 1372 1031 pretiosissimorum
1395 956 1528 1033 tapidum
1554 954 1715 1016 ordinibus
1739 971 1812 1017 con-

9 1077 14 1120 ,
74 1035 323 1115 Vesprinieosts,
341 1051 429 1113 quarn
445 1037 494 1100 illa
515 1054 531 1098 e
557 1035 763 1100 fundamentis
788 1047 925 1102 constru·
970 1035 1115 1111 spioueat
1131 1035 1339 1098 Eucharistiae
1354 1039 1538 1109 aedicolam,
1556 1053 1643 1116 qoem
1659 1036 1809 1100 11110ιί1111

9 1149 12 1206 ,
73 1125 174 1194 etam,
192 1121 285 1182 rebus
300 1118 457 1190 omnibus,
474 1134 553 1198 quee
577 1120 614 1181 ad
640 1117 695 1181 liei
722 1121 924 1196 ministerium
969 1116 1085 1193 dicunt,
1100 1124 1165 1180 erte
1183 1117 1314 1180 mirabili
1329 1136 1419 1198 supra
1435 1120 1545 1183 Christi
1562 1135 1696 1184 mensam
1712 1125 1811 1182 entra·

9 1229 13 1290 q
70 1199 242 1274 sufficiant,
260 1207 289 1262 tn
306 1216 390 1277 euro,
406 1209 543 1280 argento,
571 1199 809 1280 multigenisque
832 1207 926 1266 vesti·
969 1203 1047 1261 ctam
1062 1218 1070 1261 :
1087 1201 1230 1263 conclave
1245 1203 1328 1263 omni
1342 1219 1458 1283 genere
1472 1219 1612 1267 vesorum
1625 1203 1812 1284 crystallino·

9 1329 13 1376 ¹
72 1283 139 1346 bus
156 1284 312 1363 praeclare
327 1287 454 1347 ornavit.
474 1284 547 1364 ipse
572 1299 643 1348 raro
668 1285 730 1348 lter
759 1303 858 1365 nuper
882 1291 926 1350 in·
970 1297 1047 1352 rum.
1074 1281 1309 1362 onychinorum,
1335 1301 1515 1358 ιιιιιιοιιιιιι,
1544 1291 1574 1347 0¹
1598 1290 1812 1363 argenteorum

72 1367 209 1429 chonias
235 1366 451 1445 Episcopatus,
478 1367 570 1436 idest,
597 1374 656 1429 tem
683 1370 923 1448 metropolitam,
968 1363 1390 1431 abundareiertum.'lantee
1415 1384 1486 1431 rero
1511 1369 1681 1446 elegantiae
1705 1368 1812 1430 Enete·

9 1497 12 1542 ,
71 1465 168 1526 quam
185 1457 322 1512 caeteras
337 1449 529 1512 cathedrales
544 1449 711 1522 Eeelcstes,
734 1451 924 1531 amplissima
967 1447 1044 1510 sient
1059 1462 1158 1526 usqua
1173 1449 1249 1511 adeo
1266 1464 1317 1511 rex
1332 1449 1392 1514 sihi
1407 1452 1458 1512 uni
1475 1451 1656 1526 vendicavit,
1672 1450 1810 1527 adeoque

72 1531 212 1610 singulis
226 1534 379 1610 assignate
405 1531 555 1609 dioecesi,
581 1537 612 1594 et
634 1532 747 1596 idoneo
773 1535 925 1612 praelecto
969 1530 1134 1592 immonem
1150 1545 1221 1594 esso
1242 1531 1346 1604 voluit,
1364 1539 1396 1594 ιιι
1417 1533 1521 1596 ιιιιιι
1536 1533 1708 1612 Episcopus
1729 1532 1812 1607 quic·

74 1613 236 1689 antistite,
255 1613 399 1676 abbatias
415 1630 551 1691 nonore,
568 1613 712 1695 praediis,
729 1614 923 1694 cohortibus,
968 1629 1058 1688 quan
1081 1614 1111 1674 tn
1134 1627 1169 1684 et
1187 1612 1262 1676 turis
1286 1614 1424 1678 heberet·
1441 1615 1558 1689 potens
1580 1623 1680 1678 aurern
1702 1615 1813 1676 uranos

9 1753 10 1756 ,
77 1696 217 1770 familiis,
235 1703 265 1758 ct
278 1695 449 1760 redditibus
464 1697 546 1777 regie
558 1698 650 1776 plane
662 1697 867 1762 munificentia
880 1703 924 1762 in·
967 1694 1118 1758 absolutio
1133 1703 1216 1758 esset
1231 1697 1459 1773 poenitentibus
1474 1699 1691 1776 impendenda,
1704 1705 1754 1759 ont
1765 1713 1811 1758 sn·

9 1787 10 1842 3
77 1777 200 1844 struxit.
211 1776 462 1848 Crucibusvasis
476 1781 583 1854 sacris,
599 1781 720 1860 aliaque
731 1783 924 1860 supellectile
967 1793 1051 1842 erum
1067 1776 1203 1841 chrisma
1219 1778 1456 1848 coniciendum.
1474 1797 1544 1844 eum
1559 1780 1745 1859 Episcopum
1760 1793 1811 1842 vo-

9 1853 11 1878 *
78 1863 118 1922 ad
134 1861 190 1924 Dei
207 1860 408 1924 ministeriam
424 1867 597 1940 spectante,
613 1879 669 1940 pro
695 1864 845 1946 cuiusque
871 1882 925 1930 ne·
965 1859 1022 1922 luit
1037 1861 1068 1922 in
1081 1875 1115 1922 ea
1130 1860 1290 1924 absolvere
1307 1865 1510 1940 poenitentes.
1528 1870 1557 1925 et
1579 1863 1717 1926 chrisme
1738 1879 1810 1925 con·

73 1947 232 2019 cessione,
250 1943 296 2006 vet
313 1943 493 2024 irrigantia,
509 1945 759 2021 sattserornrvtq
772 1947 923 2027 annisque
966 1942 1071 2016 unare,
1088 1959 1178 2020 qoam
1194 1943 1262 2021 ipsa
1278 1947 1325 2007 ret
1340 1961 1487 2023 prensans
1503 1948 1531 2006 11
1555 1945 1654 2008 terere
1677 1946 1809 2017 iuberet,

76 2026 225 2105 singuiis,
248 2027 345 2105 quoad
369 2027 451 2100 vixit,
469 2043 594 2091 monera
610 2036 640 2092 et
653 2027 825 2093 oblationes
845 2045 925 2094 sem·
965 2025 1014 2088 vei
1029 2041 1118 2105 qoem
1134 2025 1246 2088 absens
1262 2042 1300 2089 eo
1315 2029 1467 2092 mitteret:
1485 2029 1588 2091 Divina
1604 2043 1727 2108 quoque
1739 2029 1810 2090 llis·

75 2125 135 2188 per
150 2110 245 2186 anxit,
263 2125 301 2171 ne
318 2106 433 2184 aliquid
448 2110 641 2174 extrinsecus
665 2113 849 2191 conquirere
874 2129 923 2178 co·
966 2121 1067 2171 serum
1083 2108 1244 2184 solemnia,
1267 2125 1340 2188 rega
1362 2112 1424 2174 iilic
1444 2118 1620 2191 praesente,
1636 2127 1705 2173 eum
1721 2111 1808 2172 dum·

75 2199 237 2265 gerentur,
254 2193 304 2269 qui
321 2189 415 2254 rebus
429 2190 539 2254 divinis
554 2193 737 2272 peragendis
749 2204 922 2275 praeerant.
967 2195 1045 2253 texat
1059 2189 1246 2269 Episcopum
1264 2193 1433 2268 1111θῦ11111,
1449 2197 1497 2257 cut
1515 2209 1578 2268 t⁰¹r
1594 2193 1809 2256 ⁰⁰ttittt¹¹i⁰t¹¹⁰

77 2275 297 2338 ilonacttorom
314 2289 436 2351 quoque
461 2274 563 2350 ritem,
591 2281 622 2340 ei
647 2278 922 2357 conversationen,
966 2287 1037 2335 eum
1051 2273 1193 2337 iratribus
1207 2274 1393 2353 Praeposito,
1410 2277 1441 2340 id
1457 2278 1667 2339 demandaret:
1680 2277 1809 2338 absente

75 2360 170 2420 modo
186 2356 420 2434 perseipsum,
436 2359 527 2418 modo
543 2373 598 2436 per
612 2359 689 2421 elios
712 2365 853 2424 accurato
879 2362 923 2424 tn.
965 2359 1064 2418 entem
1080 2371 1165 2436 rege,
1182 2356 1299 2434 absque
1314 2358 1480 2436 Praepositi
1493 2369 1521 2420 et
1534 2361 1655 2422 troicum
1669 2360 1747 2421 bona
1759 2374 1811 2420 ve·

75 2438 243 2519 vestigans,
254 2440 378 2502 desides
389 2439 546 2518 arguebat,
557 2441 723 2518 alacres,et
734 2441 923 2522 rigilcsche·
967 2441 1027 2506 nia,
1045 2438 1159 2501 1111111111
1176 2437 1363 2516 Episcopum
1381 2442 1443 2504 iiiii
1458 2441 1518 2504 Sibi
1532 2442 1580 2505 iii
1594 2441 1702 2504 illisis
1725 2441 1809 2502 ⁰0¹³·

79 2539 131 2585 res
149 2523 293 2595 hebebet,
310 2521 531 2584 canonicorum
558 2525 772 2597 ministerium,
798 2525 923 2605 Episno.
965 2520 1086 2592 brandi,
1102 2523 1148 2583 vet
1164 2521 1332 2584 cuiuslibet
1346 2524 1530 2602 pontiiicntis
1546 2525 1704 2586 ministerii
1727 2539 1809 2585 exer·

77 2621 188 2684 porum
206 2603 419 2678 moderationi,
437 2610 467 2667 ct
481 2603 747 2684 circumspectioni
765 2607 824 2670 sub
839 2609 922 2672 chri.
966 2603 1055 2667 cendi
1068 2603 1221 2666 licentiam
1234 2621 1394 2681 usurpare.
1405 2607 1559 2670 Praeterea
1574 2607 1641 2669 eius
1653 2606 1810 2668 Ecclesiae

72 2687 126 2760 sti,
143 2694 173 2749 ct
187 2686 345 2750 Ecclesiae
361 2685 576 2749 testificatione
593 2689 837 2760 commendabat,
853 2709 921 2755 cnm
966 2688 1113 2766 poputum
1139 2693 1218 2750 tanta
1242 2687 1383 2752 libertate
1408 2700 1437 2752 ct
1462 2689 1650 2752 immunitate
1675 2691 1810 2768 gaudere
1915 2709 1918 2716 ·

73 2768 225 2848 Apostoio
240 2771 386 2832 omnibns
398 2768 501 2832 omnia
516 2771 624 2846 iactus,
649 2777 680 2833 ot
701 2788 810 2835 omnes
831 2774 922 2838 lucri·
965 2771 1070 2839 toleti,
1087 2773 1119 2831 ut
1134 2769 1210 2830 notti
1225 2770 1350 2833 omnino
1365 2772 1516 2850 Episcopo
1539 2773 1674 2834 decimes
1696 2772 1810 2848 pende·

73 2849 201 2916 iaceret.
443 2923 445 2928 ,
965 2857 1034 2912 ret:
1051 2852 1106 2914 scd
1122 2853 1179 2914 soti
1196 2849 1380 2928 Praeposito
1393 2861 1422 2917 et
1448 2855 1601 2923 tratribus,
1629 2860 1718 2932 prout
1742 2855 1810 2934 ipse

118 2935 158 2995 En
175 2931 396 3012 tempestatein
410 2935 639 2999 monasterias.
652 2936 768 3000 hlertloi
782 2944 845 3000 erat
858 2954 922 3001 mo·
970 2934 1164 3007 instituisset,
1180 2934 1336 2996 servitium
1354 2938 1525 3000 exhiheret.
1784 2945 1787 2952 ’

77 3015 196 3080 nachus
212 3017 347 3094 quidem,
373 3015 571 3080 Sebastianus
595 3019 731 3096 nominc,
754 3019 843 3082 carius
863 3023 922 3084 vite
1008 3014 1224 3092 Quaecumque
1239 3025 1338 3080 tutem
1355 3033 1461 3080 sertus
1482 3019 1537 3082 liei
1560 3035 1615 3098 iter
1636 3017 1666 3078 id
1689 3023 1810 3097 tempus

79 3098 265 3177 probabilia,
281 3105 313 3161 et
326 3100 356 3160 in
373 3097 429 3162 Dei
444 3099 526 3162 coitu
541 3099 681 3178 religiosa
698 3101 818 3164 devotio
831 3103 923 3165 bebc'-
965 3099 1125 3174 acquirere
1140 3099 1248 3177 potnit,
1265 3114 1299 3161 θιι
1325 3099 1355 3162 iu
1383 3100 1532 3164 Christum
1559 3101 1722 3165 retundere
1747 3107 1810 3162 stu·

77 3181 179 3244 batur.
199 3181 272 3243 corn
298 3180 484 3243 venerantes
510 3181 571 3245 tter
597 3187 672 3245 ntro
697 3183 795 3266 caepit
819 3201 922 3249 rmore
965 3181 1041 3252 duit,
1059 3197 1074 3242 ι
1089 3195 1150 3257 ιιι
1166 3178 1216 3242 ittr
1234 3181 1437 3256 preteoraroo
1452 3183 1808 3263 ignoraraqntonirnrn

77 3263 261 3342 complecti:
278 3261 420 3346 (Quanto
441 3263 523 3324 enirn
546 3267 676 3340 quisquc
697 3273 780 3328 esset
802 3270 924 3346 religio·
965 3265 1070 3324 mundi
1098 3264 1187 3326 notos
1212 3263 1306 3342 glorie
1332 3273 1361 3328 et
1386 3265 1503 3328 honere
1530 3268 1655 3344 dignum
1681 3261 1807 3334 lecerat.

76 3346 155 3424 sior,
171 3351 251 3408 tanto
268 3348 310 3408 itti
325 3361 449 3422 quoque
463 3347 585 3410 charior
599 3345 680 3432 eret)
691 3355 781 3428 etque
793 3349 832 3412 ub
844 3353 921 3414 vitae
966 3344 1055 3406 etiarn
1071 3345 1214 3407 caelestis
1230 3347 1345 3424 petrina
1359 3347 1477 3412 civibus
1501 3350 1669 3411 clementer
1692 3349 1808 3410 adscri-

77 3430 146 3490 eius
162 3428 266 3491 merite
282 3427 407 3506 dignum
434 3444 504 3491 eum
531 3446 674 3502 censens,
702 3434 751 3508 qui
776 3431 921 3512 Episcopi
966 3428 1040 3490 bere
1056 3427 1244 3506 dignaretur.
1260 3428 1297 3491 Ei
1312 3430 1342 3490 in
1358 3431 1519 3509 Prophetis
1534 3430 1656 3508 quidem
1673 3429 1712 3495 de
1728 3431 1807 3507 epo·

77 3509 224 3590 dignitate
239 3511 380 3592 polleret,
397 3509 617 3590 strigoniensis
627 3513 786 3575 Ecclesiae
798 3515 922 3578 Archia·
964 3510 1052 3572 etntis
1066 3509 1211 3588 scripturn
1227 3510 1371 3590 tegimus,
1386 3513 1426 3577 le
1447 3529 1574 3576 omnem
1595 3520 1716 3576 tersum
1738 3513 1807 3575 ceci·

78 3593 237 3672 piscopuur
261 3609 332 3656 esse
358 3592 462 3656 volirit.
489 3593 549 3656 Sed
575 3595 646 3672 quia
669 3595 813 3678 stepelini
839 3600 921 3663 dieue
962 3594 1044 3656 visit
1057 3607 1174 3654 8⁰tt¹tm
1188 3608 1310 3658 witim-
1328 3601 1358 3656 ti
1372 3600 1407 3657 in
1423 3597 1503 3668 111118
1517 3595 1603 3659 ttrbt'ss
1617 3601 1722 3658 11111111
1736 3611 1805 3658 uer·

77 3691 205 3740 omnem
218 3676 333 3750 ilium,
351 3689 445 3756 quern
457 3678 584 3756 recipio
601 3678 811 3741 Sebastianum
828 3682 913 3744 illurn
964 3675 1006 3739 ho
1019 3675 1211 3738 aeremitae
1227 3676 1320 3738 debet
1335 3684 1434 3739 antem
1453 3680 1511 3740 troc
1523 3681 1561 3740 de
1573 3678 1648 3740 solis
1660 3675 1721 3740 iilis
1733 3681 1807 3740 doo-

77 3765 109 3819 ut
122 3760 189 3821 eius
205 3761 348 3835 patientia
366 3758 555 3837 probaretur,
573 3760 609 3822 ed
627 3767 746 3837 tempus
762 3763 920 3842 utriusque
965 3757 1062 3822 decim
1079 3758 1188 3836 accipi,
1206 3759 1260 3819 sed
1277 3757 1314 3822 de
1330 3761 1484 3835 ominibus,
1501 3780 1516 3822 a
1532 3761 1597 3823 lieo
1612 3764 1649 3822 ed
1672 3759 1806 3838 Evange·

77 3840 202 3903 luminis
218 3841 346 3903 orbitate
364 3839 483 3902 afflixit.
509 3841 550 3904 ile
574 3859 646 3906 vero
672 3843 811 3906 novellus
832 3862 917 3924 grex,
964 3839 1116 3904 tiraodum
1132 3840 1247 3916 missis,
1264 3857 1391 3916 quorum
1408 3842 1480 3912 lide.
1495 3843 1597 3907 verbis
1612 3847 1643 3905 ei
1657 3843 1806 3914 moribus,

78 3927 209 4001 pastoris
224 3924 445 4000 gubernatione
467 3923 641 3996 destitutos,
665 3943 680 3987 a
705 3935 787 3988 recto
810 3927 919 3994 itinere
963 3921 1098 3984 Ecclesia
1114 3923 1179 3985 suis
1194 3927 1330 4002 augescit
1345 3923 1555 3989 incrementis.
1571 3925 1612 3988 Er
1629 3941 1732 3988 eorum
1754 3943 1805 3986 eo·

79 4005 268 4076 deflecteret,
285 4013 314 4067 ct
339 4005 515 4084 aberrarci;
541 4005 677 4071 Romano
701 4008 848 4073 Pontillee
870 4025 918 4073 es·
964 4010 1022 4066 tem
1039 4017 1167 4066 nurnero
1182 4005 1245 4081 ille,
1259 4004 1298 4067 de
1310 4024 1369 4086 quo
1382 4007 1510 4085 agimus.
1526 4007 1806 4071 christianissimus

79 4088 402 4152 sentientehstrieum
416 4088 611 4152 colocensem
622 4089 918 4170 Episcopum,euius
963 4086 1025 4151 iter
1041 4102 1102 4150 non
1118 4087 1262 4151 minimos
1278 4091 1373 4152 tuisse
1387 4097 1540 4168 potandos
1556 4094 1614 4160 est,
1631 4095 1662 4150 ut
1678 4090 1729 4167 qui
1752 4089 1805 4150 bo·

78 4172 136 4231 iem
154 4171 261 4233 crebro
276 4179 323 4232 est
338 4169 439 4232 habita
455 4174 579 4237 mentio.
594 4171 625 4235 in
648 4175 715 4237 cios
735 4175 835 4236 locum
856 4175 918 4238 lter
964 4185 1021 4232 nae
1034 4170 1197 4233 volontatis
1219 4175 1249 4233 et
1268 4177 1386 4250 piorum
1413 4189 1540 4249 operum
1563 4169 1687 4244 iamim,
1714 4188 1803 4250 qoem

81 4253 249 4316 substituit.
265 4251 409 4315 l’rlennio
424 4253 640 4332 indeeroloto,
664 4255 861 4318 Sebastianus
882 4275 919 4320 ex
962 4251 1110 4315 Ecclesiis
1136 4253 1166 4313 in
1193 4255 1333 4330 propriae
1356 4253 1480 4316 ditionis
1505 4254 1707 4331 amplitudine
1731 4269 1804 4316 coo·

77 4335 131 4398 Dei
146 4335 336 4412 benignitate
361 4338 552 4412 recuperavit
576 4337 685 4412 visum,
713 4347 743 4399 et
768 4337 917 4402 l'ouiitica
963 4336 1117 4398 struendis
1132 4334 1190 4396 sibi
1207 4336 1343 4412 peperit3
1360 4336 1391 4400 in
1408 4337 1590 4415 longinquas
1605 4335 1760 4414 regiones,
1774 4348 1804 4398 et

77 4419 212 4480 Romano
223 4418 426 4498 approbante,
441 4418 579 4482 hstricus
593 4435 661 4480 curu
677 4420 769 4500 pallio
781 4419 917 4485 rediitad
963 4417 1056 4480 orbes
1070 4415 1287 4480 celeberrimas
1302 4416 1468 4491 diffuderit,
1484 4436 1519 4480 un
1546 4420 1731 4498 propagarit.
1746 4419 1804 4480 Ex·

79 4517 164 4563 suem
183 4500 382 4564 colocensem
398 4499 578 4576 Ecclesiam,
595 4500 793 4567 Sebastianus
805 4501 919 4582 Strigo·
964 4501 1149 4562 tronitenim
1165 4501 1194 4562 iu
1211 4500 1276 4577 ipsa
1293 4499 1513 4581 llierosolqma,
1528 4501 1737 4564 obibominus
1749 4515 1803 4564 uo-

78 4585 216 4645 niensem
233 4583 460 4660 gubernandam
477 4587 604 4665 recepit.
961 4589 1024 4646 ster
1035 4583 1124 4646 lesus
1139 4581 1276 4654 Chrisius
1290 4582 1321 4644 in
1337 4599 1429 4646 cerne
1452 4593 1589 4648 versatos
1614 4592 1672 4656 est,
1701 4599 1804 4647 mona·

117 4665 187 4729 Erat
201 4681 274 4728 sane
290 4665 352 4729 lter
367 4665 418 4728 itte
434 4666 546 4734 idetis.
560 4673 588 4728 et
602 4669 719 4746 integer
731 4667 761 4729 in
774 4666 917 4738 omnihus
960 4667 1087 4729 chorum
1103 4665 1295 4740 caenobium,
1312 4665 1456 4744 idemque
1479 4665 1613 4744 praediis
1638 4672 1668 4730 et
1691 4667 1800 4739 vineis,

77 4747 161 4811 lectis
176 4750 254 4820 sois,
272 4748 332 4813 lieo
349 4756 411 4810 toto
427 4756 550 4826 pectore
564 4749 697 4813 deditos.
715 4759 745 4810 et
759 4750 914 4814 addictos:
960 4749 1043 4812 unde
1057 4751 1103 4809 ets
1118 4748 1286 4826 quotidiani
1302 4748 1400 4812 victus
1415 4750 1500 4828 copie
1516 4754 1668 4826 suppetat,
1685 4750 1800 4811 ditavit.

9 4899 10 4906 ,
79 4849 111 4892 se
128 4835 227 4904 ipsum
244 4846 366 4910 queque
381 4838 412 4892 et
427 4847 553 4910 regnum
568 4849 658 4896 soum
675 4849 730 4905 pcr
750 4837 864 4905 votum,
887 4839 917 4895 et
961 4831 1074 4894 Romae
1089 4846 1222 4910 quoque,
1238 4839 1378 4908 quaeest
1393 4833 1498 4894 mundi
1514 4837 1615 4911 eaput,
1629 4833 1687 4893 sub
1700 4834 1801 4908 proto·

79 4914 260 4976 oblationem
277 4913 308 4975 in
324 4921 486 4993 perpetuae
507 4913 639 4992 Virginis
661 4914 770 4978 herlae
793 4916 914 4979 tutelam
961 4917 1097 4994 martyro
1111 4913 1255 4991 Stephani
1272 4913 1369 4985 tituto,
1396 4914 1556 4978 duodecim
1579 4912 1799 4977 canonicorum

79 4995 209 5059 assiduis
237 4996 381 5073 precibus
409 4997 547 5060 contulit.
575 4997 668 5060 Cuius
692 4999 920 5062 secretissimae¹
961 4995 1130 5076 Collegium
1146 4995 1293 5073 condidit,
1310 4995 1401 5059 rebus
1416 4997 1613 5071 necessariis,
1626 4998 1705 5059 etad
1718 4999 1801 5058 cios·

79 5078 334 5153 virginistronor.
351 5078 490 5157 et'gtoria
517 5089 575 5140 tarn
603 5087 649 5142 est
673 5081 809 5143 celebris
833 5081 923 5157 epod·
962 5079 1043 5144 orodi
1068 5078 1236 5155 collegium
1262 5079 1462 5142 attinentibus
1488 5078 1664 5154 abundans,
1691 5080 1800 5141 domos

10 5161 11 5168 ’
79 5161 245 5238 ilungaros,
274 5169 305 5223 nt
330 5161 439 5224 testum
466 5161 692 5241 assumptionis
716 5165 798 5240 eius,
821 5166 914 5226 ‘incito
960 5160 1800 5241 qooqoeethospitiellongererom.qoiorationiscao·

81 5244 200 5320 proprio
216 5244 351 5319 nomine,
368 5261 420 5307 sae
438 5243 539 5324 lingua
554 5246 634 5307 diem
652 5243 796 5309 bominac
811 5246 915 5322 eppei·
960 5262 993 5306 ιι
1008 5244 1133 5308 Romam
1149 5244 1281 5308 adbeeii
1307 5244 1384 5307 Petri
1410 5245 1623 5321 Apostolorum
1649 5243 1800 5320 Principis

80 5328 254 5402 tcnt.dtqoe
269 5331 301 5389 ut
314 5327 376 5390 Rex
390 5327 548 5404 piissimus
562 5329 800 5406 propensionem
816 5333 915 5394 tantae
960 5326 1065 5391 limina
1079 5325 1452 5402 venirent,exeediilcavit,
1462 5343 1548 5388 tnuro
1562 5341 1595 5390 ee
1607 5326 1730 5402 lapideo
1743 5325 1800 5388 cir·

79 5409 207 5488 Virginis
222 5408 449 5482 defensionem,
464 5415 494 5472 et
510 5412 709 5486 patrocinium
726 5414 831 5490 posset
845 5427 915 5488 pro·
961 5410 1123 5473 comdens.
1138 5409 1213 5471 'ium
1229 5424 1352 5488 qunque
1367 5409 1476 5472 llrbem
1491 5409 1614 5488 Regiam
1631 5408 1800 5472 dunstane·

9 5507 16 5562 r
81 5495 202 5570 mereri;
219 5490 249 5554 in
266 5491 331 5573 ipsa
344 5493 446 5572 regine
458 5492 542 5557 sedis
557 5495 687 5572 civitate,
704 5511 793 5576 qoem
810 5495 914 5558 albem
963 5492 1096 5574 eupolim
1113 5491 1208 5556 notuit
1223 5507 1296 5556 suae
1321 5491 1509 5557 liberalitatis
1536 5507 1605 5556 esse
1630 5497 1797 5570 expertem,
