<?xml version="1.0" encoding="UTF-8"?>
<!DOCTYPE html PUBLIC "-//W3C//DTD XHTML 1.0 Transitional//EN"
    "http://www.w3.org/TR/xhtml1/DTD/xhtml1-transitional.dtd">
<html xmlns="http://www.w3.org/1999/xhtml" xml:lang="en" lang="en">
 <head>
  <title>
</title>
<meta http-equiv="Content-Type" content="text/html;charset=utf-8" />
  <meta name='ocr-system' content='tesseract 3.04.00' />
  <meta name='ocr-capabilities' content='ocr_page ocr_carea ocr_par ocr_line ocrx_word'/>
</head>
<body>
  <div class='ocr_page' id='page_1' title='image "./operaomnia00sforgoog_0374.png"; bbox 0 0 4086 6258; ppageno 0'>
   <div class='ocr_carea' id='block_1_1' title="bbox 50 287 1848 507">
    <p class='ocr_par' dir='ltr' id='par_1_1' title="bbox 50 287 1848 507">
     <span class='ocr_line' id='line_1_1' title="bbox 805 287 1772 354; baseline 0.007 -7"><span class='ocrx_word' id='word_1_1' title='bbox 805 287 913 348; x_wconf 77' lang='lat' dir='ltr'><strong>utenti</strong></span> <span class='ocrx_word' id='word_1_2' title='bbox 935 288 1113 350; x_wconf 80' lang='lat' dir='ltr'>SECUNDUS</span> <span class='ocrx_word' id='word_1_3' title='bbox 1722 295 1772 354; x_wconf 75' lang='lat' dir='ltr'><strong>att</strong></span> 
     </span>
     <span class='ocr_line' id='line_1_2' title="bbox 50 415 1848 507; baseline 0.008 -27"><span class='ocrx_word' id='word_1_4' title='bbox 50 418 113 482; x_wconf 89' lang='lat' dir='ltr'><strong>dis</strong></span> <span class='ocrx_word' id='word_1_5' title='bbox 129 415 264 484; x_wconf 92' lang='lat' dir='ltr'><strong>bumani</strong></span> <span class='ocrx_word' id='word_1_6' title='bbox 277 419 417 502; x_wconf 86' lang='lat' dir='ltr'><strong>germina</strong></span> <span class='ocrx_word' id='word_1_7' title='bbox 433 421 572 485; x_wconf 91' lang='lat' dir='ltr'><strong>omnium</strong></span> <span class='ocrx_word' id='word_1_8' title='bbox 588 421 748 486; x_wconf 90' lang='lat' dir='ltr'><strong>virtutum.</strong></span> <span class='ocrx_word' id='word_1_9' title='bbox 770 423 816 486; x_wconf 83' lang='lat' dir='ltr'><strong>oa</strong></span> <span class='ocrx_word' id='word_1_10' title='bbox 831 423 882 487; x_wconf 87' lang='lat' dir='ltr'><strong>bia</strong></span> <span class='ocrx_word' id='word_1_11' title='bbox 893 424 935 486; x_wconf 91' lang='lat' dir='ltr'><strong>ta·</strong></span> <span class='ocrx_word' id='word_1_12' title='bbox 980 425 1075 505; x_wconf 89' lang='lat' dir='ltr'><strong>pauci</strong></span> <span class='ocrx_word' id='word_1_13' title='bbox 1089 424 1147 504; x_wconf 91' lang='lat' dir='ltr'><strong>illi,</strong></span> <span class='ocrx_word' id='word_1_14' title='bbox 1164 425 1216 506; x_wconf 84' lang='lat' dir='ltr'><strong>qni</strong></span> <span class='ocrx_word' id='word_1_15' title='bbox 1233 425 1333 489; x_wconf 83' lang='lat' dir='ltr'><strong>heum</strong></span> <span class='ocrx_word' id='word_1_16' title='bbox 1349 425 1495 490; x_wconf 76' lang='lat' dir='ltr'><strong>ardenter</strong></span> <span class='ocrx_word' id='word_1_17' title='bbox 1509 425 1654 507; x_wconf 88' lang='lat' dir='ltr'><strong>diligunt,</strong></span> <span class='ocrx_word' id='word_1_18' title='bbox 1679 445 1748 492; x_wconf 91' lang='lat' dir='ltr'><strong>cnm</strong></span> <span class='ocrx_word' id='word_1_19' title='bbox 1767 430 1848 494; x_wconf 85' lang='lat' dir='ltr'><strong>ierne</strong></span> 
     </span>
    </p>
   </div>
   <div class='ocr_carea' id='block_1_2' title="bbox 49 502 1861 5732">
    <p class='ocr_par' dir='ltr' id='par_1_2' title="bbox 49 502 1861 5732">
     <span class='ocr_line' id='line_1_3' title="bbox 50 502 1844 589; baseline 0.008 -27"><span class='ocrx_word' id='word_1_20' title='bbox 50 502 184 582; x_wconf 76' lang='lat' dir='ltr'><strong>crvmis</strong></span> <span class='ocrx_word' id='word_1_21' title='bbox 199 503 320 568; x_wconf 85' lang='lat' dir='ltr'><strong>dicits.</strong></span> <span class='ocrx_word' id='word_1_22' title='bbox 336 503 528 582; x_wconf 69' lang='lat' dir='ltr'><strong>Augustinus</strong></span> <span class='ocrx_word' id='word_1_23' title='bbox 543 506 574 568; x_wconf 93' lang='lat' dir='ltr'><strong>iu</strong></span> <span class='ocrx_word' id='word_1_24' title='bbox 592 505 800 584; x_wconf 77' lang='lat' dir='ltr'><strong>explicatione</strong></span> <span class='ocrx_word' id='word_1_25' title='bbox 821 506 934 570; x_wconf 84' lang='lat' dir='ltr'><strong>Psalmi</strong></span> <span class='ocrx_word' id='word_1_26' title='bbox 981 525 1044 571; x_wconf 94' lang='lat' dir='ltr'><strong>uuu</strong></span> <span class='ocrx_word' id='word_1_27' title='bbox 1071 516 1202 589; x_wconf 91' lang='lat' dir='ltr'><strong>possunt</strong></span> <span class='ocrx_word' id='word_1_28' title='bbox 1228 525 1329 589; x_wconf 87' lang='lat' dir='ltr'><strong>aequo</strong></span> <span class='ocrx_word' id='word_1_29' title='bbox 1355 510 1461 572; x_wconf 91' lang='lat' dir='ltr'><strong>auimo</strong></span> <span class='ocrx_word' id='word_1_30' title='bbox 1484 513 1600 572; x_wconf 89' lang='lat' dir='ltr'><strong>tantam</strong></span> <span class='ocrx_word' id='word_1_31' title='bbox 1629 512 1771 576; x_wconf 90' lang='lat' dir='ltr'><strong>iniuriam</strong></span> <span class='ocrx_word' id='word_1_32' title='bbox 1787 513 1844 577; x_wconf 83' lang='lat' dir='ltr'><strong>liei</strong></span> 
     </span>
     <span class='ocr_line' id='line_1_4' title="bbox 49 585 1848 672; baseline 0.008 -27"><span class='ocrx_word' id='word_1_33' title='bbox 49 585 346 666; x_wconf 87' lang='lat' dir='ltr'><strong>vicesimiseptimi,</strong></span> <span class='ocrx_word' id='word_1_34' title='bbox 362 585 529 652; x_wconf 84' lang='lat' dir='ltr'><strong>Dulciores</strong></span> <span class='ocrx_word' id='word_1_35' title='bbox 543 597 621 653; x_wconf 85' lang='lat' dir='ltr'><strong>aaut</strong></span> <span class='ocrx_word' id='word_1_36' title='bbox 643 591 809 672; x_wconf 67' lang='lat' dir='ltr'><strong>bogenan</strong></span> <span class='ocrx_word' id='word_1_37' title='bbox 835 605 935 653; x_wconf 85' lang='lat' dir='ltr'><strong>oreu-</strong></span> <span class='ocrx_word' id='word_1_38' title='bbox 980 596 1097 654; x_wconf 76' lang='lat' dir='ltr'><strong>butam</strong></span> <span class='ocrx_word' id='word_1_39' title='bbox 1121 591 1400 671; x_wconf 90' lang='lat' dir='ltr'><strong>iugratitudinem,</strong></span> <span class='ocrx_word' id='word_1_40' title='bbox 1425 598 1539 655; x_wconf 89' lang='lat' dir='ltr'><strong>tautam</strong></span> <span class='ocrx_word' id='word_1_41' title='bbox 1557 592 1749 670; x_wconf 85' lang='lat' dir='ltr'><strong>iniquitatem</strong></span> <span class='ocrx_word' id='word_1_42' title='bbox 1765 616 1772 656; x_wconf 93' lang='lat'>:</span> <span class='ocrx_word' id='word_1_43' title='bbox 1790 596 1848 660; x_wconf 91' lang='lat' dir='ltr'><strong>lrc-</strong></span> 
     </span>
     <span class='ocr_line' id='line_1_5' title="bbox 51 669 1847 758; baseline 0.007 -28"><span class='ocrx_word' id='word_1_44' title='bbox 51 669 161 746; x_wconf 80' lang='lat' dir='ltr'><strong>tium,</strong></span> <span class='ocrx_word' id='word_1_45' title='bbox 176 685 279 752; x_wconf 83' lang='lat' dir='ltr'><strong>guum</strong></span> <span class='ocrx_word' id='word_1_46' title='bbox 292 671 422 750; x_wconf 82' lang='lat' dir='ltr'><strong>gaudio</strong></span> <span class='ocrx_word' id='word_1_47' title='bbox 435 671 649 738; x_wconf 74' lang='lat' dir='ltr'><strong>theatrorum.</strong></span> <span class='ocrx_word' id='word_1_48' title='bbox 663 674 814 736; x_wconf 83' lang='lat' dir='ltr'><strong>illuditur</strong></span> <span class='ocrx_word' id='word_1_49' title='bbox 829 681 934 736; x_wconf 89' lang='lat' dir='ltr'><strong>autem</strong></span> <span class='ocrx_word' id='word_1_50' title='bbox 981 681 1069 737; x_wconf 92' lang='lat' dir='ltr'><strong>munt</strong></span> <span class='ocrx_word' id='word_1_51' title='bbox 1085 690 1159 754; x_wconf 91' lang='lat' dir='ltr'><strong>prae</strong></span> <span class='ocrx_word' id='word_1_52' title='bbox 1172 677 1239 738; x_wconf 86' lang='lat' dir='ltr'><strong>aeto</strong></span> <span class='ocrx_word' id='word_1_53' title='bbox 1253 681 1330 738; x_wconf 91' lang='lat' dir='ltr'><strong>iutra</strong></span> <span class='ocrx_word' id='word_1_54' title='bbox 1346 692 1393 751; x_wconf 90' lang='lat' dir='ltr'><strong>sc,</strong></span> <span class='ocrx_word' id='word_1_55' title='bbox 1407 681 1439 740; x_wconf 90' lang='lat' dir='ltr'><strong>ot</strong></span> <span class='ocrx_word' id='word_1_56' title='bbox 1449 674 1587 754; x_wconf 88' lang='lat' dir='ltr'><strong>copiosis</strong></span> <span class='ocrx_word' id='word_1_57' title='bbox 1601 679 1747 758; x_wconf 77' lang='lat' dir='ltr'><strong>lacrymis</strong></span> <span class='ocrx_word' id='word_1_58' title='bbox 1763 681 1847 744; x_wconf 87' lang='lat' dir='ltr'><strong>desi·</strong></span> 
     </span>
     <span class='ocr_line' id='line_1_6' title="bbox 51 750 1847 838; baseline 0.006 -24"><span class='ocrx_word' id='word_1_59' title='bbox 51 750 117 814; x_wconf 88' lang='lat' dir='ltr'><strong>hio</strong></span> <span class='ocrx_word' id='word_1_60' title='bbox 134 753 283 818; x_wconf 83' lang='lat' dir='ltr'><strong>caelestis</strong></span> <span class='ocrx_word' id='word_1_61' title='bbox 297 757 367 816; x_wconf 90' lang='lat' dir='ltr'><strong>lons</strong></span> <span class='ocrx_word' id='word_1_62' title='bbox 383 757 414 816; x_wconf 95' lang='lat' dir='ltr'><strong>in</strong></span> <span class='ocrx_word' id='word_1_63' title='bbox 432 762 497 818; x_wconf 89' lang='lat' dir='ltr'><strong>tres</strong></span> <span class='ocrx_word' id='word_1_64' title='bbox 511 756 603 836; x_wconf 86' lang='lat' dir='ltr'><strong>quasi</strong></span> <span class='ocrx_word' id='word_1_65' title='bbox 612 759 709 832; x_wconf 85' lang='lat' dir='ltr'><strong>rivos,</strong></span> <span class='ocrx_word' id='word_1_66' title='bbox 726 758 779 835; x_wconf 83' lang='lat' dir='ltr'><strong>qui</strong></span> <span class='ocrx_word' id='word_1_67' title='bbox 793 764 866 820; x_wconf 90' lang='lat' dir='ltr'><strong>suut</strong></span> <span class='ocrx_word' id='word_1_68' title='bbox 883 758 936 820; x_wconf 92' lang='lat' dir='ltr'><strong>de·</strong></span> <span class='ocrx_word' id='word_1_69' title='bbox 982 759 1103 820; x_wconf 91' lang='lat' dir='ltr'><strong>derium</strong></span> <span class='ocrx_word' id='word_1_70' title='bbox 1119 759 1237 838; x_wconf 92' lang='lat' dir='ltr'><strong>gloriae</strong></span> <span class='ocrx_word' id='word_1_71' title='bbox 1253 759 1321 832; x_wconf 83' lang='lat' dir='ltr'><strong>liei,</strong></span> <span class='ocrx_word' id='word_1_72' title='bbox 1339 774 1400 836; x_wconf 82' lang='lat' dir='ltr'><strong>uuo</strong></span> <span class='ocrx_word' id='word_1_73' title='bbox 1415 758 1556 837; x_wconf 81' lang='lat' dir='ltr'><strong>flagrant,</strong></span> <span class='ocrx_word' id='word_1_74' title='bbox 1571 760 1675 838; x_wconf 83' lang='lat' dir='ltr'><strong>aliquo</strong></span> <span class='ocrx_word' id='word_1_75' title='bbox 1689 763 1779 824; x_wconf 93' lang='lat' dir='ltr'><strong>modo</strong></span> <span class='ocrx_word' id='word_1_76' title='bbox 1791 765 1847 826; x_wconf 89' lang='lat' dir='ltr'><strong>rui·</strong></span> 
     </span>
     <span class='ocr_line' id='line_1_7' title="bbox 50 835 1849 921; baseline 0.006 -25"><span class='ocrx_word' id='word_1_77' title='bbox 50 835 184 900; x_wconf 88' lang='lat' dir='ltr'><strong>sideria</strong></span> <span class='ocrx_word' id='word_1_78' title='bbox 199 838 256 900; x_wconf 90' lang='lat' dir='ltr'><strong>tria</strong></span> <span class='ocrx_word' id='word_1_79' title='bbox 269 838 472 914; x_wconf 76' lang='lat' dir='ltr'><strong>procedentia</strong></span> <span class='ocrx_word' id='word_1_80' title='bbox 488 853 526 902; x_wconf 87' lang='lat' dir='ltr'><strong>ex</strong></span> <span class='ocrx_word' id='word_1_81' title='bbox 540 855 645 902; x_wconf 90' lang='lat' dir='ltr'><strong>amore</strong></span> <span class='ocrx_word' id='word_1_82' title='bbox 659 839 729 917; x_wconf 82' lang='lat' dir='ltr'><strong>liei3</strong></span> <span class='ocrx_word' id='word_1_83' title='bbox 743 839 934 902; x_wconf 89' lang='lat' dir='ltr'><strong>desiderium</strong></span> <span class='ocrx_word' id='word_1_84' title='bbox 981 839 1092 921; x_wconf 86' lang='lat' dir='ltr'><strong>ligare,</strong></span> <span class='ocrx_word' id='word_1_85' title='bbox 1109 857 1144 902; x_wconf 91' lang='lat' dir='ltr'><strong>ac</strong></span> <span class='ocrx_word' id='word_1_86' title='bbox 1160 843 1259 904; x_wconf 88' lang='lat' dir='ltr'><strong>lenire</strong></span> <span class='ocrx_word' id='word_1_87' title='bbox 1275 842 1503 906; x_wconf 76' lang='lat' dir='ltr'><strong>studentibus</strong></span> <span class='ocrx_word' id='word_1_88' title='bbox 1516 860 1551 904; x_wconf 85' lang='lat' dir='ltr'><strong>ex</strong></span> <span class='ocrx_word' id='word_1_89' title='bbox 1567 843 1615 905; x_wconf 92' lang='lat' dir='ltr'><strong>eis</strong></span> <span class='ocrx_word' id='word_1_90' title='bbox 1630 843 1779 921; x_wconf 77' lang='lat' dir='ltr'><strong>Propheta</strong></span> <span class='ocrx_word' id='word_1_91' title='bbox 1793 847 1849 908; x_wconf 88' lang='lat' dir='ltr'><strong>lia·</strong></span> 
     </span>
     <span class='ocr_line' id='line_1_8' title="bbox 53 918 1851 1007; baseline 0.006 -27"><span class='ocrx_word' id='word_1_92' title='bbox 53 918 216 983; x_wconf 87' lang='lat' dir='ltr'><strong>videlicet</strong></span> <span class='ocrx_word' id='word_1_93' title='bbox 231 918 350 1001; x_wconf 86' lang='lat' dir='ltr'><strong>gloriae</strong></span> <span class='ocrx_word' id='word_1_94' title='bbox 366 920 436 998; x_wconf 80' lang='lat' dir='ltr'><strong>liei3</strong></span> <span class='ocrx_word' id='word_1_95' title='bbox 451 922 646 985; x_wconf 90' lang='lat' dir='ltr'><strong>desiderium</strong></span> <span class='ocrx_word' id='word_1_96' title='bbox 662 921 867 987; x_wconf 89' lang='lat' dir='ltr'><strong>beatitudiuis</strong></span> <span class='ocrx_word' id='word_1_97' title='bbox 883 938 936 985; x_wconf 92' lang='lat' dir='ltr'><strong>nn·</strong></span> <span class='ocrx_word' id='word_1_98' title='bbox 983 925 1047 1001; x_wconf 86' lang='lat' dir='ltr'><strong>rid,</strong></span> <span class='ocrx_word' id='word_1_99' title='bbox 1065 922 1246 996; x_wconf 80' lang='lat' dir='ltr'><strong>Pohesoerc,</strong></span> <span class='ocrx_word' id='word_1_100' title='bbox 1264 925 1375 1004; x_wconf 81' lang='lat' dir='ltr'><strong>iuquit,</strong></span> <span class='ocrx_word' id='word_1_101' title='bbox 1392 941 1443 986; x_wconf 87' lang='lat' dir='ltr'><strong>me</strong></span> <span class='ocrx_word' id='word_1_102' title='bbox 1456 925 1531 1002; x_wconf 73' lang='lat' dir='ltr'><strong>feeit</strong></span> <span class='ocrx_word' id='word_1_103' title='bbox 1544 926 1635 989; x_wconf 82' lang='lat' dir='ltr'><strong>zeina</strong></span> <span class='ocrx_word' id='word_1_104' title='bbox 1649 942 1752 1004; x_wconf 87' lang='lat' dir='ltr'><strong>meus,</strong></span> <span class='ocrx_word' id='word_1_105' title='bbox 1770 930 1851 1007; x_wconf 83' lang='lat' dir='ltr'><strong>goie</strong></span> 
     </span>
     <span class='ocr_line' id='line_1_9' title="bbox 56 1002 1846 1088; baseline 0.005 -24"><span class='ocrx_word' id='word_1_106' title='bbox 56 1008 165 1078; x_wconf 88' lang='lat' dir='ltr'><strong>strae,</strong></span> <span class='ocrx_word' id='word_1_107' title='bbox 181 1010 213 1065; x_wconf 87' lang='lat' dir='ltr'><strong>et</strong></span> <span class='ocrx_word' id='word_1_108' title='bbox 226 1002 419 1066; x_wconf 90' lang='lat' dir='ltr'><strong>desiderium</strong></span> <span class='ocrx_word' id='word_1_109' title='bbox 436 1006 571 1082; x_wconf 89' lang='lat' dir='ltr'><strong>gratiae,</strong></span> <span class='ocrx_word' id='word_1_110' title='bbox 587 1021 645 1083; x_wconf 90' lang='lat' dir='ltr'><strong>per</strong></span> <span class='ocrx_word' id='word_1_111' title='bbox 660 1023 751 1083; x_wconf 83' lang='lat' dir='ltr'><strong>cunm</strong></span> <span class='ocrx_word' id='word_1_112' title='bbox 767 1004 937 1085; x_wconf 88' lang='lat' dir='ltr'><strong>acquiritur</strong></span> <span class='ocrx_word' id='word_1_113' title='bbox 983 1006 1075 1069; x_wconf 88' lang='lat' dir='ltr'><strong>obiiti</strong></span> <span class='ocrx_word' id='word_1_114' title='bbox 1088 1012 1166 1070; x_wconf 82' lang='lat' dir='ltr'><strong>auct</strong></span> <span class='ocrx_word' id='word_1_115' title='bbox 1179 1007 1280 1070; x_wconf 73' lang='lat' dir='ltr'><strong>nebu</strong></span> <span class='ocrx_word' id='word_1_116' title='bbox 1294 1015 1355 1070; x_wconf 88' lang='lat' dir='ltr'><strong>tuo</strong></span> <span class='ocrx_word' id='word_1_117' title='bbox 1366 1009 1498 1071; x_wconf 80' lang='lat' dir='ltr'><strong>inimici</strong></span> <span class='ocrx_word' id='word_1_118' title='bbox 1508 1013 1595 1084; x_wconf 86' lang='lat' dir='ltr'><strong>met,</strong></span> <span class='ocrx_word' id='word_1_119' title='bbox 1612 1013 1644 1070; x_wconf 90' lang='lat' dir='ltr'><strong>et</strong></span> <span class='ocrx_word' id='word_1_120' title='bbox 1656 1009 1747 1087; x_wconf 90' lang='lat' dir='ltr'><strong>paulo</strong></span> <span class='ocrx_word' id='word_1_121' title='bbox 1766 1018 1846 1088; x_wconf 87' lang='lat' dir='ltr'><strong>post:</strong></span> 
     </span>
     <span class='ocr_line' id='line_1_10' title="bbox 52 1083 1851 1174; baseline 0.006 -28"><span class='ocrx_word' id='word_1_122' title='bbox 52 1083 253 1148; x_wconf 84' lang='lat' dir='ltr'><strong>beatitudo:</strong></span> <span class='ocrx_word' id='word_1_123' title='bbox 279 1103 360 1164; x_wconf 86' lang='lat' dir='ltr'><strong>quae</strong></span> <span class='ocrx_word' id='word_1_124' title='bbox 375 1087 433 1148; x_wconf 90' lang='lat' dir='ltr'><strong>tria</strong></span> <span class='ocrx_word' id='word_1_125' title='bbox 448 1088 604 1153; x_wconf 89' lang='lat' dir='ltr'><strong>desideria</strong></span> <span class='ocrx_word' id='word_1_126' title='bbox 620 1090 696 1152; x_wconf 91' lang='lat' dir='ltr'><strong>satis</strong></span> <span class='ocrx_word' id='word_1_127' title='bbox 711 1096 819 1167; x_wconf 90' lang='lat' dir='ltr'><strong>aperte</strong></span> <span class='ocrx_word' id='word_1_128' title='bbox 833 1089 939 1151; x_wconf 91' lang='lat' dir='ltr'><strong>videu-</strong></span> <span class='ocrx_word' id='word_1_129' title='bbox 982 1089 1058 1152; x_wconf 84' lang='lat' dir='ltr'><strong>Vidi</strong></span> <span class='ocrx_word' id='word_1_130' title='bbox 1070 1094 1351 1170; x_wconf 82' lang='lat' dir='ltr'><strong>pruennrtcoutes,</strong></span> <span class='ocrx_word' id='word_1_131' title='bbox 1362 1098 1392 1154; x_wconf 91' lang='lat' dir='ltr'><strong>et</strong></span> <span class='ocrx_word' id='word_1_132' title='bbox 1408 1091 1706 1172; x_wconf 77' lang='lat' dir='ltr'><strong>tabescehomguiu</strong></span> <span class='ocrx_word' id='word_1_133' title='bbox 1719 1093 1851 1174; x_wconf 82' lang='lat' dir='ltr'><strong>eloquin</strong></span> 
     </span>
     <span class='ocr_line' id='line_1_11' title="bbox 54 1169 1851 1254; baseline 0.006 -26"><span class='ocrx_word' id='word_1_134' title='bbox 54 1171 117 1232; x_wconf 87' lang='lat' dir='ltr'><strong>tur</strong></span> <span class='ocrx_word' id='word_1_135' title='bbox 129 1182 274 1247; x_wconf 83' lang='lat' dir='ltr'><strong>expressa</strong></span> <span class='ocrx_word' id='word_1_136' title='bbox 289 1171 321 1230; x_wconf 92' lang='lat' dir='ltr'><strong>in</strong></span> <span class='ocrx_word' id='word_1_137' title='bbox 338 1169 447 1249; x_wconf 91' lang='lat' dir='ltr'><strong>primis</strong></span> <span class='ocrx_word' id='word_1_138' title='bbox 462 1172 561 1235; x_wconf 88' lang='lat' dir='ltr'><strong>trihus</strong></span> <span class='ocrx_word' id='word_1_139' title='bbox 573 1171 777 1250; x_wconf 87' lang='lat' dir='ltr'><strong>petitionibus</strong></span> <span class='ocrx_word' id='word_1_140' title='bbox 788 1172 937 1235; x_wconf 89' lang='lat' dir='ltr'><strong>orationis</strong></span> <span class='ocrx_word' id='word_1_141' title='bbox 981 1177 1042 1234; x_wconf 87' lang='lat' dir='ltr'><strong>tun</strong></span> <span class='ocrx_word' id='word_1_142' title='bbox 1055 1188 1124 1235; x_wconf 85' lang='lat' dir='ltr'><strong>ooo</strong></span> <span class='ocrx_word' id='word_1_143' title='bbox 1140 1176 1376 1246; x_wconf 77' lang='lat' dir='ltr'><strong>melodiarum,</strong></span> <span class='ocrx_word' id='word_1_144' title='bbox 1401 1181 1432 1236; x_wconf 93' lang='lat' dir='ltr'><strong>et</strong></span> <span class='ocrx_word' id='word_1_145' title='bbox 1446 1175 1534 1237; x_wconf 88' lang='lat' dir='ltr'><strong>alibi:</strong></span> <span class='ocrx_word' id='word_1_146' title='bbox 1550 1176 1665 1238; x_wconf 79' lang='lat' dir='ltr'><strong>Nouae</strong></span> <span class='ocrx_word' id='word_1_147' title='bbox 1680 1221 1687 1246; x_wconf 95' lang='lat'><strong>,</strong></span> <span class='ocrx_word' id='word_1_148' title='bbox 1705 1179 1762 1254; x_wconf 85' lang='lat' dir='ltr'><strong>qui</strong></span> <span class='ocrx_word' id='word_1_149' title='bbox 1776 1178 1851 1240; x_wconf 89' lang='lat' dir='ltr'><strong>odc·</strong></span> 
     </span>
     <span class='ocr_line' id='line_1_12' title="bbox 57 1249 1847 1336; baseline 0.006 -24"><span class='ocrx_word' id='word_1_150' title='bbox 57 1249 267 1315; x_wconf 86' lang='lat' dir='ltr'><strong>Dcminicae.</strong></span> <span class='ocrx_word' id='word_1_151' title='bbox 284 1251 316 1315; x_wconf 88' lang='lat' dir='ltr'><strong>Si</strong></span> <span class='ocrx_word' id='word_1_152' title='bbox 333 1252 460 1329; x_wconf 84' lang='lat' dir='ltr'><strong>quidem</strong></span> <span class='ocrx_word' id='word_1_153' title='bbox 478 1257 531 1331; x_wconf 83' lang='lat' dir='ltr'><strong>qui</strong></span> <span class='ocrx_word' id='word_1_154' title='bbox 554 1261 643 1326; x_wconf 92' lang='lat' dir='ltr'><strong>urat,</strong></span> <span class='ocrx_word' id='word_1_155' title='bbox 671 1263 703 1317; x_wconf 92' lang='lat' dir='ltr'><strong>ut</strong></span> <span class='ocrx_word' id='word_1_156' title='bbox 729 1253 939 1318; x_wconf 86' lang='lat' dir='ltr'><strong>sanctificetur</strong></span> <span class='ocrx_word' id='word_1_157' title='bbox 981 1261 1062 1319; x_wconf 83' lang='lat' dir='ltr'><strong>rect</strong></span> <span class='ocrx_word' id='word_1_158' title='bbox 1077 1265 1106 1319; x_wconf 90' lang='lat' dir='ltr'><strong>te</strong></span> <span class='ocrx_word' id='word_1_159' title='bbox 1120 1256 1256 1320; x_wconf 84' lang='lat' dir='ltr'><strong>Domiue</strong></span> <span class='ocrx_word' id='word_1_160' title='bbox 1271 1258 1421 1330; x_wconf 88' lang='lat' dir='ltr'><strong>oderam,</strong></span> <span class='ocrx_word' id='word_1_161' title='bbox 1444 1263 1473 1320; x_wconf 92' lang='lat' dir='ltr'><strong>et</strong></span> <span class='ocrx_word' id='word_1_162' title='bbox 1487 1273 1587 1336; x_wconf 84' lang='lat' dir='ltr'><strong>super</strong></span> <span class='ocrx_word' id='word_1_163' title='bbox 1609 1259 1760 1322; x_wconf 82' lang='lat' dir='ltr'><strong>iuimicus</strong></span> <span class='ocrx_word' id='word_1_164' title='bbox 1776 1265 1847 1324; x_wconf 85' lang='lat' dir='ltr'><strong>tuoe</strong></span> 
     </span>
     <span class='ocr_line' id='line_1_13' title="bbox 56 1333 1848 1420; baseline 0.005 -24"><span class='ocrx_word' id='word_1_165' title='bbox 56 1349 183 1398; x_wconf 89' lang='lat' dir='ltr'><strong>noman</strong></span> <span class='ocrx_word' id='word_1_166' title='bbox 207 1333 285 1404; x_wconf 77' lang='lat' dir='ltr'><strong>liei.</strong></span> <span class='ocrx_word' id='word_1_167' title='bbox 306 1335 337 1397; x_wconf 93' lang='lat' dir='ltr'><strong>id</strong></span> <span class='ocrx_word' id='word_1_168' title='bbox 355 1338 513 1414; x_wconf 90' lang='lat' dir='ltr'><strong>postulat,</strong></span> <span class='ocrx_word' id='word_1_169' title='bbox 531 1344 565 1401; x_wconf 94' lang='lat' dir='ltr'><strong>nt</strong></span> <span class='ocrx_word' id='word_1_170' title='bbox 578 1337 664 1401; x_wconf 82' lang='lat' dir='ltr'><strong>Dens</strong></span> <span class='ocrx_word' id='word_1_171' title='bbox 678 1337 890 1418; x_wconf 82' lang='lat' dir='ltr'><strong>glorificetur,</strong></span> <span class='ocrx_word' id='word_1_172' title='bbox 909 1343 940 1400; x_wconf 92' lang='lat' dir='ltr'><strong>et</strong></span> <span class='ocrx_word' id='word_1_173' title='bbox 983 1337 1212 1401; x_wconf 79' lang='lat' dir='ltr'><strong>tabescebam?</strong></span> <span class='ocrx_word' id='word_1_174' title='bbox 1226 1340 1263 1402; x_wconf 85' lang='lat' dir='ltr'><strong>llt</strong></span> <span class='ocrx_word' id='word_1_175' title='bbox 1278 1355 1361 1419; x_wconf 91' lang='lat' dir='ltr'><strong>vere,</strong></span> <span class='ocrx_word' id='word_1_176' title='bbox 1391 1339 1418 1402; x_wconf 88' lang='lat' dir='ltr'><strong>si</strong></span> <span class='ocrx_word' id='word_1_177' title='bbox 1431 1344 1501 1418; x_wconf 85' lang='lat' dir='ltr'><strong>quis</strong></span> <span class='ocrx_word' id='word_1_178' title='bbox 1516 1347 1632 1404; x_wconf 87' lang='lat' dir='ltr'><strong>attente</strong></span> <span class='ocrx_word' id='word_1_179' title='bbox 1658 1341 1848 1420; x_wconf 87' lang='lat' dir='ltr'><strong>consideret,</strong></span> 
     </span>
     <span class='ocr_line' id='line_1_14' title="bbox 56 1416 1848 1502; baseline 0.004 -23"><span class='ocrx_word' id='word_1_180' title='bbox 56 1416 285 1491; x_wconf 79' lang='lat' dir='ltr'><strong>benedicatur,</strong></span> <span class='ocrx_word' id='word_1_181' title='bbox 303 1425 334 1480; x_wconf 90' lang='lat' dir='ltr'><strong>et</strong></span> <span class='ocrx_word' id='word_1_182' title='bbox 349 1419 563 1490; x_wconf 83' lang='lat' dir='ltr'><strong>sanctificatur</strong></span> <span class='ocrx_word' id='word_1_183' title='bbox 576 1422 615 1484; x_wconf 90' lang='lat' dir='ltr'><strong>ab</strong></span> <span class='ocrx_word' id='word_1_184' title='bbox 628 1421 774 1482; x_wconf 89' lang='lat' dir='ltr'><strong>omuibus</strong></span> <span class='ocrx_word' id='word_1_185' title='bbox 789 1420 937 1500; x_wconf 77' lang='lat' dir='ltr'><strong>Angelis,</strong></span> <span class='ocrx_word' id='word_1_186' title='bbox 983 1423 1109 1500; x_wconf 84' lang='lat' dir='ltr'><strong>quantis</strong></span> <span class='ocrx_word' id='word_1_187' title='bbox 1124 1421 1340 1500; x_wconf 88' lang='lat' dir='ltr'><strong>blasphemiis,</strong></span> <span class='ocrx_word' id='word_1_188' title='bbox 1358 1425 1693 1502; x_wconf 89' lang='lat' dir='ltr'><strong>periuriis,maiedietis</strong></span> <span class='ocrx_word' id='word_1_189' title='bbox 1709 1424 1848 1500; x_wconf 82' lang='lat' dir='ltr'><strong>qnotidie</strong></span> 
     </span>
     <span class='ocr_line' id='line_1_15' title="bbox 57 1499 1848 1584; baseline 0.004 -21"><span class='ocrx_word' id='word_1_190' title='bbox 57 1507 97 1563; x_wconf 88' lang='lat' dir='ltr'><strong>et</strong></span> <span class='ocrx_word' id='word_1_191' title='bbox 114 1499 310 1572; x_wconf 86' lang='lat' dir='ltr'><strong>hominibus,</strong></span> <span class='ocrx_word' id='word_1_192' title='bbox 329 1507 361 1563; x_wconf 89' lang='lat' dir='ltr'><strong>et</strong></span> <span class='ocrx_word' id='word_1_193' title='bbox 376 1503 469 1566; x_wconf 91' lang='lat' dir='ltr'><strong>modo</strong></span> <span class='ocrx_word' id='word_1_194' title='bbox 485 1503 620 1578; x_wconf 84' lang='lat' dir='ltr'><strong>caedam</strong></span> <span class='ocrx_word' id='word_1_195' title='bbox 636 1521 711 1578; x_wconf 92' lang='lat' dir='ltr'><strong>sun,</strong></span> <span class='ocrx_word' id='word_1_196' title='bbox 736 1502 776 1564; x_wconf 90' lang='lat' dir='ltr'><strong>ab</strong></span> <span class='ocrx_word' id='word_1_197' title='bbox 792 1504 939 1566; x_wconf 91' lang='lat' dir='ltr'><strong>omuibus</strong></span> <span class='ocrx_word' id='word_1_198' title='bbox 982 1505 1022 1567; x_wconf 92' lang='lat' dir='ltr'><strong>ab</strong></span> <span class='ocrx_word' id='word_1_199' title='bbox 1036 1503 1216 1567; x_wconf 88' lang='lat' dir='ltr'><strong>homiuibus</strong></span> <span class='ocrx_word' id='word_1_200' title='bbox 1231 1503 1407 1568; x_wconf 79' lang='lat' dir='ltr'><strong>offendatur</strong></span> <span class='ocrx_word' id='word_1_201' title='bbox 1421 1506 1518 1584; x_wconf 85' lang='lat' dir='ltr'><strong>Deus,</strong></span> <span class='ocrx_word' id='word_1_202' title='bbox 1544 1512 1575 1569; x_wconf 91' lang='lat' dir='ltr'><strong>ct</strong></span> <span class='ocrx_word' id='word_1_203' title='bbox 1590 1523 1681 1583; x_wconf 83' lang='lat' dir='ltr'><strong>cuam</strong></span> <span class='ocrx_word' id='word_1_204' title='bbox 1700 1508 1787 1570; x_wconf 92' lang='lat' dir='ltr'><strong>multi</strong></span> <span class='ocrx_word' id='word_1_205' title='bbox 1804 1509 1848 1570; x_wconf 90' lang='lat' dir='ltr'><strong>le-</strong></span> 
     </span>
     <span class='ocr_line' id='line_1_16' title="bbox 57 1583 1851 1665; baseline 0.004 -21"><span class='ocrx_word' id='word_1_206' title='bbox 57 1583 165 1646; x_wconf 90' lang='lat' dir='ltr'><strong>rebus</strong></span> <span class='ocrx_word' id='word_1_207' title='bbox 180 1583 305 1646; x_wconf 89' lang='lat' dir='ltr'><strong>creatis.</strong></span> <span class='ocrx_word' id='word_1_208' title='bbox 318 1583 355 1645; x_wconf 85' lang='lat' dir='ltr'><strong>lit</strong></span> <span class='ocrx_word' id='word_1_209' title='bbox 370 1585 423 1662; x_wconf 82' lang='lat' dir='ltr'><strong>gui</strong></span> <span class='ocrx_word' id='word_1_210' title='bbox 440 1588 626 1665; x_wconf 91' lang='lat' dir='ltr'><strong>postulat,ut</strong></span> <span class='ocrx_word' id='word_1_211' title='bbox 639 1586 781 1650; x_wconf 89' lang='lat' dir='ltr'><strong>adveniat</strong></span> <span class='ocrx_word' id='word_1_212' title='bbox 796 1585 939 1665; x_wconf 87' lang='lat' dir='ltr'><strong>Regnum</strong></span> <span class='ocrx_word' id='word_1_213' title='bbox 983 1603 1053 1664; x_wconf 87' lang='lat' dir='ltr'><strong>gem</strong></span> <span class='ocrx_word' id='word_1_214' title='bbox 1070 1603 1140 1650; x_wconf 88' lang='lat' dir='ltr'><strong>erus</strong></span> <span class='ocrx_word' id='word_1_215' title='bbox 1151 1588 1393 1665; x_wconf 90' lang='lat' dir='ltr'><strong>immaculatam,</strong></span> <span class='ocrx_word' id='word_1_216' title='bbox 1410 1595 1443 1650; x_wconf 90' lang='lat' dir='ltr'><strong>et</strong></span> <span class='ocrx_word' id='word_1_217' title='bbox 1455 1590 1706 1662; x_wconf 83' lang='lat' dir='ltr'><strong>saluberrimam,</strong></span> <span class='ocrx_word' id='word_1_218' title='bbox 1723 1597 1754 1652; x_wconf 90' lang='lat' dir='ltr'><strong>et</strong></span> <span class='ocrx_word' id='word_1_219' title='bbox 1768 1590 1851 1653; x_wconf 93' lang='lat' dir='ltr'><strong>desi-</strong></span> 
     </span>
     <span class='ocr_line' id='line_1_17' title="bbox 56 1665 1855 1752; baseline 0.003 -22"><span class='ocrx_word' id='word_1_220' title='bbox 56 1665 136 1736; x_wconf 87' lang='lat' dir='ltr'><strong>Dei,</strong></span> <span class='ocrx_word' id='word_1_221' title='bbox 153 1665 186 1729; x_wconf 93' lang='lat' dir='ltr'><strong>id</strong></span> <span class='ocrx_word' id='word_1_222' title='bbox 201 1666 290 1745; x_wconf 90' lang='lat' dir='ltr'><strong>petit,</strong></span> <span class='ocrx_word' id='word_1_223' title='bbox 308 1670 343 1728; x_wconf 93' lang='lat' dir='ltr'><strong>nt</strong></span> <span class='ocrx_word' id='word_1_224' title='bbox 355 1668 497 1746; x_wconf 89' lang='lat' dir='ltr'><strong>Regnum</strong></span> <span class='ocrx_word' id='word_1_225' title='bbox 515 1670 582 1742; x_wconf 85' lang='lat' dir='ltr'><strong>liei,</strong></span> <span class='ocrx_word' id='word_1_226' title='bbox 599 1671 682 1745; x_wconf 84' lang='lat' dir='ltr'><strong>cuod</strong></span> <span class='ocrx_word' id='word_1_227' title='bbox 700 1685 866 1732; x_wconf 88' lang='lat' dir='ltr'><strong>commune</strong></span> <span class='ocrx_word' id='word_1_228' title='bbox 882 1671 941 1732; x_wconf 89' lang='lat' dir='ltr'><strong>erit</strong></span> <span class='ocrx_word' id='word_1_229' title='bbox 983 1671 1153 1733; x_wconf 93' lang='lat' dir='ltr'><strong>derabilem</strong></span> <span class='ocrx_word' id='word_1_230' title='bbox 1170 1687 1268 1749; x_wconf 91' lang='lat' dir='ltr'><strong>super</strong></span> <span class='ocrx_word' id='word_1_231' title='bbox 1281 1679 1438 1748; x_wconf 83' lang='lat' dir='ltr'><strong>aurum3et</strong></span> <span class='ocrx_word' id='word_1_232' title='bbox 1453 1673 1624 1734; x_wconf 90' lang='lat' dir='ltr'><strong>dulciorem</strong></span> <span class='ocrx_word' id='word_1_233' title='bbox 1637 1687 1733 1752; x_wconf 89' lang='lat' dir='ltr'><strong>super</strong></span> <span class='ocrx_word' id='word_1_234' title='bbox 1748 1673 1855 1736; x_wconf 89' lang='lat' dir='ltr'><strong>meliis</strong></span> 
     </span>
     <span class='ocr_line' id='line_1_18' title="bbox 57 1748 1848 1834; baseline 0.003 -22"><span class='ocrx_word' id='word_1_235' title='bbox 57 1748 278 1812; x_wconf 78' lang='lat' dir='ltr'><strong>christorum</strong></span> <span class='ocrx_word' id='word_1_236' title='bbox 294 1751 442 1813; x_wconf 90' lang='lat' dir='ltr'><strong>omnibns</strong></span> <span class='ocrx_word' id='word_1_237' title='bbox 466 1752 589 1816; x_wconf 89' lang='lat' dir='ltr'><strong>Sanctis</strong></span> <span class='ocrx_word' id='word_1_238' title='bbox 613 1753 677 1815; x_wconf 93' lang='lat' dir='ltr'><strong>cito</strong></span> <span class='ocrx_word' id='word_1_239' title='bbox 701 1751 939 1826; x_wconf 89' lang='lat' dir='ltr'><strong>mauiicstetnr,</strong></span> <span class='ocrx_word' id='word_1_240' title='bbox 984 1755 1098 1827; x_wconf 87' lang='lat' dir='ltr'><strong>levum,</strong></span> <span class='ocrx_word' id='word_1_241' title='bbox 1116 1754 1277 1823; x_wconf 89' lang='lat' dir='ltr'><strong>lacerent,</strong></span> <span class='ocrx_word' id='word_1_242' title='bbox 1300 1755 1440 1831; x_wconf 92' lang='lat' dir='ltr'><strong>violent,</strong></span> <span class='ocrx_word' id='word_1_243' title='bbox 1459 1756 1685 1834; x_wconf 81' lang='lat' dir='ltr'><strong>transgreditur</strong></span> <span class='ocrx_word' id='word_1_244' title='bbox 1700 1756 1769 1818; x_wconf 91' lang='lat' dir='ltr'><strong>sine</strong></span> <span class='ocrx_word' id='word_1_245' title='bbox 1785 1756 1848 1818; x_wconf 92' lang='lat' dir='ltr'><strong>ullo</strong></span> 
     </span>
     <span class='ocr_line' id='line_1_19' title="bbox 59 1831 1848 1916; baseline 0.003 -22"><span class='ocrx_word' id='word_1_246' title='bbox 59 1832 154 1906; x_wconf 77' lang='lat' dir='ltr'><strong>cuod</strong></span> <span class='ocrx_word' id='word_1_247' title='bbox 169 1831 223 1894; x_wconf 86' lang='lat' dir='ltr'><strong>iiet</strong></span> <span class='ocrx_word' id='word_1_248' title='bbox 238 1834 271 1895; x_wconf 93' lang='lat' dir='ltr'><strong>in</strong></span> <span class='ocrx_word' id='word_1_249' title='bbox 286 1831 338 1896; x_wconf 89' lang='lat' dir='ltr'><strong>die</strong></span> <span class='ocrx_word' id='word_1_250' title='bbox 354 1834 550 1908; x_wconf 90' lang='lat' dir='ltr'><strong>novissimo,</strong></span> <span class='ocrx_word' id='word_1_251' title='bbox 580 1835 707 1912; x_wconf 82' lang='lat' dir='ltr'><strong>cnacdn</strong></span> <span class='ocrx_word' id='word_1_252' title='bbox 733 1833 942 1913; x_wconf 81' lang='lat' dir='ltr'><strong>complebitur</strong></span> <span class='ocrx_word' id='word_1_253' title='bbox 984 1836 1106 1910; x_wconf 89' lang='lat' dir='ltr'><strong>timore,</strong></span> <span class='ocrx_word' id='word_1_254' title='bbox 1124 1842 1176 1900; x_wconf 90' lang='lat' dir='ltr'><strong>aut</strong></span> <span class='ocrx_word' id='word_1_255' title='bbox 1191 1837 1319 1910; x_wconf 86' lang='lat' dir='ltr'><strong>rubore,</strong></span> <span class='ocrx_word' id='word_1_256' title='bbox 1333 1845 1364 1899; x_wconf 91' lang='lat' dir='ltr'><strong>ct</strong></span> <span class='ocrx_word' id='word_1_257' title='bbox 1378 1845 1454 1915; x_wconf 85' lang='lat' dir='ltr'><strong>quot</strong></span> <span class='ocrx_word' id='word_1_258' title='bbox 1465 1838 1527 1900; x_wconf 92' lang='lat' dir='ltr'><strong>sint</strong></span> <span class='ocrx_word' id='word_1_259' title='bbox 1538 1839 1640 1900; x_wconf 87' lang='lat' dir='ltr'><strong>adbuc</strong></span> <span class='ocrx_word' id='word_1_260' title='bbox 1657 1838 1781 1916; x_wconf 91' lang='lat' dir='ltr'><strong>pagani,</strong></span> <span class='ocrx_word' id='word_1_261' title='bbox 1798 1838 1848 1900; x_wconf 91' lang='lat' dir='ltr'><strong>vel</strong></span> 
     </span>
     <span class='ocr_line' id='line_1_20' title="bbox 60 1914 1851 2000; baseline 0.004 -24"><span class='ocrx_word' id='word_1_262' title='bbox 60 1914 230 1978; x_wconf 88' lang='lat' dir='ltr'><strong>beatitudo</strong></span> <span class='ocrx_word' id='word_1_263' title='bbox 245 1914 443 1990; x_wconf 86' lang='lat' dir='ltr'><strong>Sanctorum,</strong></span> <span class='ocrx_word' id='word_1_264' title='bbox 459 1919 615 1981; x_wconf 89' lang='lat' dir='ltr'><strong>adiunctis</strong></span> <span class='ocrx_word' id='word_1_265' title='bbox 627 1917 813 1995; x_wconf 91' lang='lat' dir='ltr'><strong>cerporibus</strong></span> <span class='ocrx_word' id='word_1_266' title='bbox 827 1918 941 1996; x_wconf 90' lang='lat' dir='ltr'><strong>glorio·</strong></span> <span class='ocrx_word' id='word_1_267' title='bbox 983 1917 1131 1982; x_wconf 89' lang='lat' dir='ltr'><strong>haeretici</strong></span> <span class='ocrx_word' id='word_1_268' title='bbox 1149 1921 1201 1995; x_wconf 83' lang='lat' dir='ltr'><strong>nui</strong></span> <span class='ocrx_word' id='word_1_269' title='bbox 1217 1921 1314 1983; x_wconf 83' lang='lat' dir='ltr'><strong>licum</strong></span> <span class='ocrx_word' id='word_1_270' title='bbox 1329 1937 1436 1982; x_wconf 91' lang='lat' dir='ltr'><strong>verum</strong></span> <span class='ocrx_word' id='word_1_271' title='bbox 1454 1935 1515 1983; x_wconf 93' lang='lat' dir='ltr'><strong>non</strong></span> <span class='ocrx_word' id='word_1_272' title='bbox 1528 1929 1715 2000; x_wconf 90' lang='lat' dir='ltr'><strong>agnoscunt,</strong></span> <span class='ocrx_word' id='word_1_273' title='bbox 1732 1921 1851 1984; x_wconf 90' lang='lat' dir='ltr'><strong>sedvel</strong></span> 
     </span>
     <span class='ocr_line' id='line_1_21' title="bbox 58 1997 1851 2083; baseline 0.004 -23"><span class='ocrx_word' id='word_1_274' title='bbox 58 1997 113 2060; x_wconf 88' lang='lat' dir='ltr'><strong>sis</strong></span> <span class='ocrx_word' id='word_1_275' title='bbox 131 1997 173 2058; x_wconf 92' lang='lat' dir='ltr'><strong>ad</strong></span> <span class='ocrx_word' id='word_1_276' title='bbox 189 1999 309 2061; x_wconf 90' lang='lat' dir='ltr'><strong>animas</strong></span> <span class='ocrx_word' id='word_1_277' title='bbox 332 1998 452 2064; x_wconf 88' lang='lat' dir='ltr'><strong>beatas.</strong></span> <span class='ocrx_word' id='word_1_278' title='bbox 476 2001 619 2079; x_wconf 79' lang='lat' dir='ltr'><strong>Denique</strong></span> <span class='ocrx_word' id='word_1_279' title='bbox 643 2000 696 2079; x_wconf 84' lang='lat' dir='ltr'><strong>qui</strong></span> <span class='ocrx_word' id='word_1_280' title='bbox 720 2001 819 2076; x_wconf 90' lang='lat' dir='ltr'><strong>petit,</strong></span> <span class='ocrx_word' id='word_1_281' title='bbox 844 2006 876 2063; x_wconf 91' lang='lat' dir='ltr'><strong>ut</strong></span> <span class='ocrx_word' id='word_1_282' title='bbox 890 1999 943 2062; x_wconf 88' lang='lat' dir='ltr'><strong>ilat</strong></span> <span class='ocrx_word' id='word_1_283' title='bbox 984 2017 1069 2079; x_wconf 86' lang='lat' dir='ltr'><strong>saxa,</strong></span> <span class='ocrx_word' id='word_1_284' title='bbox 1085 2009 1138 2065; x_wconf 93' lang='lat' dir='ltr'><strong>aut</strong></span> <span class='ocrx_word' id='word_1_285' title='bbox 1153 2003 1255 2080; x_wconf 91' lang='lat' dir='ltr'><strong>ligna,</strong></span> <span class='ocrx_word' id='word_1_286' title='bbox 1271 2005 1321 2065; x_wconf 91' lang='lat' dir='ltr'><strong>vel</strong></span> <span class='ocrx_word' id='word_1_287' title='bbox 1337 2004 1448 2083; x_wconf 88' lang='lat' dir='ltr'><strong>capitis</strong></span> <span class='ocrx_word' id='word_1_288' title='bbox 1463 2003 1512 2067; x_wconf 90' lang='lat' dir='ltr'><strong>sui</strong></span> <span class='ocrx_word' id='word_1_289' title='bbox 1528 2005 1701 2067; x_wconf 86' lang='lat' dir='ltr'><strong>chimaeras</strong></span> <span class='ocrx_word' id='word_1_290' title='bbox 1716 2021 1771 2083; x_wconf 91' lang='lat' dir='ltr'><strong>pro</strong></span> <span class='ocrx_word' id='word_1_291' title='bbox 1787 2003 1851 2069; x_wconf 83' lang='lat' dir='ltr'><strong>bec</strong></span> 
     </span>
     <span class='ocr_line' id='line_1_22' title="bbox 61 2081 1849 2164; baseline 0.003 -22"><span class='ocrx_word' id='word_1_292' title='bbox 61 2081 213 2144; x_wconf 89' lang='lat' dir='ltr'><strong>voluutas</strong></span> <span class='ocrx_word' id='word_1_293' title='bbox 230 2081 296 2159; x_wconf 83' lang='lat' dir='ltr'><strong>liei,</strong></span> <span class='ocrx_word' id='word_1_294' title='bbox 313 2083 396 2144; x_wconf 91' lang='lat' dir='ltr'><strong>sicut</strong></span> <span class='ocrx_word' id='word_1_295' title='bbox 410 2085 442 2144; x_wconf 91' lang='lat' dir='ltr'><strong>ic</strong></span> <span class='ocrx_word' id='word_1_296' title='bbox 460 2086 548 2148; x_wconf 91' lang='lat' dir='ltr'><strong>caelo</strong></span> <span class='ocrx_word' id='word_1_297' title='bbox 564 2091 595 2148; x_wconf 91' lang='lat' dir='ltr'><strong>et</strong></span> <span class='ocrx_word' id='word_1_298' title='bbox 610 2084 642 2145; x_wconf 91' lang='lat' dir='ltr'><strong>iu</strong></span> <span class='ocrx_word' id='word_1_299' title='bbox 658 2091 751 2158; x_wconf 91' lang='lat' dir='ltr'><strong>terra,</strong></span> <span class='ocrx_word' id='word_1_300' title='bbox 768 2082 798 2144; x_wconf 89' lang='lat' dir='ltr'><strong>id</strong></span> <span class='ocrx_word' id='word_1_301' title='bbox 815 2084 942 2160; x_wconf 85' lang='lat' dir='ltr'><strong>petit,ut</strong></span> <span class='ocrx_word' id='word_1_302' title='bbox 986 2090 1196 2161; x_wconf 90' lang='lat' dir='ltr'><strong>venerantur,</strong></span> <span class='ocrx_word' id='word_1_303' title='bbox 1214 2093 1244 2147; x_wconf 89' lang='lat' dir='ltr'><strong>et</strong></span> <span class='ocrx_word' id='word_1_304' title='bbox 1260 2088 1390 2163; x_wconf 88' lang='lat' dir='ltr'><strong>coluut;</strong></span> <span class='ocrx_word' id='word_1_305' title='bbox 1413 2087 1441 2148; x_wconf 90' lang='lat' dir='ltr'><strong>is</strong></span> <span class='ocrx_word' id='word_1_306' title='bbox 1457 2088 1543 2149; x_wconf 90' lang='lat' dir='ltr'><strong>nullo</strong></span> <span class='ocrx_word' id='word_1_307' title='bbox 1559 2087 1652 2149; x_wconf 93' lang='lat' dir='ltr'><strong>modu</strong></span> <span class='ocrx_word' id='word_1_308' title='bbox 1669 2087 1783 2164; x_wconf 89' lang='lat' dir='ltr'><strong>poterit</strong></span> <span class='ocrx_word' id='word_1_309' title='bbox 1799 2133 1806 2158; x_wconf 94' lang='lat'><strong>,</strong></span> <span class='ocrx_word' id='word_1_310' title='bbox 1823 2086 1849 2148; x_wconf 88' lang='lat' dir='ltr'><strong>si</strong></span> 
     </span>
     <span class='ocr_line' id='line_1_23' title="bbox 61 2163 1852 2246; baseline 0.004 -22"><span class='ocrx_word' id='word_1_311' title='bbox 61 2164 167 2242; x_wconf 83' lang='lat' dir='ltr'><strong>gratia</strong></span> <span class='ocrx_word' id='word_1_312' title='bbox 186 2163 278 2226; x_wconf 92' lang='lat' dir='ltr'><strong>nobis</strong></span> <span class='ocrx_word' id='word_1_313' title='bbox 295 2166 386 2228; x_wconf 88' lang='lat' dir='ltr'><strong>detur</strong></span> <span class='ocrx_word' id='word_1_314' title='bbox 411 2167 559 2246; x_wconf 89' lang='lat' dir='ltr'><strong>implendi</strong></span> <span class='ocrx_word' id='word_1_315' title='bbox 587 2166 729 2228; x_wconf 90' lang='lat' dir='ltr'><strong>mandata</strong></span> <span class='ocrx_word' id='word_1_316' title='bbox 754 2165 939 2242; x_wconf 86' lang='lat' dir='ltr'><strong>Dominioa,</strong></span> <span class='ocrx_word' id='word_1_317' title='bbox 984 2183 1057 2229; x_wconf 89' lang='lat' dir='ltr'><strong>vere</strong></span> <span class='ocrx_word' id='word_1_318' title='bbox 1073 2167 1171 2244; x_wconf 70' lang='lat' dir='ltr'><strong>licum</strong></span> <span class='ocrx_word' id='word_1_319' title='bbox 1187 2174 1269 2230; x_wconf 90' lang='lat' dir='ltr'><strong>amat</strong></span> <span class='ocrx_word' id='word_1_320' title='bbox 1283 2168 1388 2230; x_wconf 91' lang='lat' dir='ltr'><strong>animo</strong></span> <span class='ocrx_word' id='word_1_321' title='bbox 1403 2172 1642 2244; x_wconf 80' lang='lat' dir='ltr'><strong>conquiescere,</strong></span> <span class='ocrx_word' id='word_1_322' title='bbox 1666 2174 1722 2232; x_wconf 90' lang='lat' dir='ltr'><strong>sed</strong></span> <span class='ocrx_word' id='word_1_323' title='bbox 1740 2170 1852 2230; x_wconf 90' lang='lat' dir='ltr'><strong>elama-</strong></span> 
     </span>
     <span class='ocr_line' id='line_1_24' title="bbox 63 2247 1852 2331; baseline 0.003 -24"><span class='ocrx_word' id='word_1_324' title='bbox 63 2247 230 2324; x_wconf 84' lang='lat' dir='ltr'><strong>qnnmodu</strong></span> <span class='ocrx_word' id='word_1_325' title='bbox 245 2247 358 2326; x_wconf 87' lang='lat' dir='ltr'><strong>Angeli</strong></span> <span class='ocrx_word' id='word_1_326' title='bbox 373 2251 473 2313; x_wconf 86' lang='lat' dir='ltr'><strong>saneti</strong></span> <span class='ocrx_word' id='word_1_327' title='bbox 501 2252 532 2312; x_wconf 93' lang='lat' dir='ltr'><strong>iu</strong></span> <span class='ocrx_word' id='word_1_328' title='bbox 559 2252 647 2312; x_wconf 88' lang='lat' dir='ltr'><strong>caelo</strong></span> <span class='ocrx_word' id='word_1_329' title='bbox 674 2265 801 2328; x_wconf 89' lang='lat' dir='ltr'><strong>semper</strong></span> <span class='ocrx_word' id='word_1_330' title='bbox 823 2249 941 2312; x_wconf 89' lang='lat' dir='ltr'><strong>iaciunt</strong></span> <span class='ocrx_word' id='word_1_331' title='bbox 984 2249 1041 2326; x_wconf 91' lang='lat' dir='ltr'><strong>bit,</strong></span> <span class='ocrx_word' id='word_1_332' title='bbox 1060 2257 1089 2311; x_wconf 91' lang='grc' dir='ltr'><strong>ει</strong></span> <span class='ocrx_word' id='word_1_333' title='bbox 1105 2251 1188 2313; x_wconf 91' lang='lat' dir='ltr'><strong>dicet</strong></span> <span class='ocrx_word' id='word_1_334' title='bbox 1203 2267 1273 2312; x_wconf 91' lang='lat' dir='ltr'><strong>cnm</strong></span> <span class='ocrx_word' id='word_1_335' title='bbox 1289 2251 1434 2314; x_wconf 87' lang='lat' dir='ltr'><strong>Ieremia:</strong></span> <span class='ocrx_word' id='word_1_336' title='bbox 1458 2252 1537 2327; x_wconf 83' lang='lat' dir='ltr'><strong>Quis</strong></span> <span class='ocrx_word' id='word_1_337' title='bbox 1559 2252 1651 2315; x_wconf 87' lang='lat' dir='ltr'><strong>dubit</strong></span> <span class='ocrx_word' id='word_1_338' title='bbox 1666 2254 1767 2331; x_wconf 87' lang='lat' dir='ltr'><strong>cupiti</strong></span> <span class='ocrx_word' id='word_1_339' title='bbox 1780 2267 1852 2314; x_wconf 86' lang='lat' dir='ltr'><strong>meo</strong></span> 
     </span>
     <span class='ocr_line' id='line_1_25' title="bbox 61 2329 1853 2415; baseline 0.004 -27"><span class='ocrx_word' id='word_1_340' title='bbox 61 2329 260 2392; x_wconf 89' lang='lat' dir='ltr'><strong>volantatem</strong></span> <span class='ocrx_word' id='word_1_341' title='bbox 273 2329 342 2393; x_wconf 84' lang='lat' dir='ltr'><strong>het.</strong></span> <span class='ocrx_word' id='word_1_342' title='bbox 984 2349 1108 2412; x_wconf 84' lang='lat' dir='ltr'><strong>equum</strong></span> <span class='ocrx_word' id='word_1_343' title='bbox 1122 2377 1129 2407; x_wconf 92' lang='lat'><strong>,</strong></span> <span class='ocrx_word' id='word_1_344' title='bbox 1153 2341 1183 2396; x_wconf 89' lang='lat' dir='ltr'><strong>et</strong></span> <span class='ocrx_word' id='word_1_345' title='bbox 1198 2335 1300 2397; x_wconf 87' lang='lat' dir='ltr'><strong>oculis</strong></span> <span class='ocrx_word' id='word_1_346' title='bbox 1321 2335 1403 2396; x_wconf 81' lang='lat' dir='ltr'><strong>meis</strong></span> <span class='ocrx_word' id='word_1_347' title='bbox 1417 2334 1541 2411; x_wconf 72' lang='lat' dir='ltr'><strong>ioutcrn</strong></span> <span class='ocrx_word' id='word_1_348' title='bbox 1555 2337 1802 2415; x_wconf 70' lang='lat' dir='ltr'><strong>lacrymarum,</strong></span> <span class='ocrx_word' id='word_1_349' title='bbox 1819 2341 1853 2396; x_wconf 93' lang='lat' dir='ltr'><strong>ut</strong></span> 
     </span>
     <span class='ocr_line' id='line_1_26' title="bbox 111 2412 1853 2493; baseline 0.002 -19"><span class='ocrx_word' id='word_1_350' title='bbox 111 2412 308 2491; x_wconf 90' lang='lat' dir='ltr'><strong>Incipiamus</strong></span> <span class='ocrx_word' id='word_1_351' title='bbox 324 2431 340 2476; x_wconf 98' lang='lat' dir='ltr'><strong>a</strong></span> <span class='ocrx_word' id='word_1_352' title='bbox 357 2413 459 2489; x_wconf 93' lang='lat' dir='ltr'><strong>primo</strong></span> <span class='ocrx_word' id='word_1_353' title='bbox 476 2415 635 2478; x_wconf 82' lang='lat' dir='ltr'><strong>desiderio</strong></span> <span class='ocrx_word' id='word_1_354' title='bbox 650 2459 657 2486; x_wconf 89' lang='lat'><strong>,</strong></span> <span class='ocrx_word' id='word_1_355' title='bbox 687 2427 749 2492; x_wconf 84' lang='lat' dir='ltr'><strong>qno</strong></span> <span class='ocrx_word' id='word_1_356' title='bbox 764 2415 896 2493; x_wconf 88' lang='lat' dir='ltr'><strong>flagrant</strong></span> <span class='ocrx_word' id='word_1_357' title='bbox 909 2430 941 2476; x_wconf 91' lang='lat' dir='ltr'><strong>o·</strong></span> <span class='ocrx_word' id='word_1_358' title='bbox 984 2415 1113 2479; x_wconf 90' lang='lat' dir='ltr'><strong>iniurias</strong></span> <span class='ocrx_word' id='word_1_359' title='bbox 1130 2417 1252 2480; x_wconf 84' lang='lat' dir='ltr'><strong>Domini</strong></span> <span class='ocrx_word' id='word_1_360' title='bbox 1269 2416 1424 2479; x_wconf 82' lang='lat' dir='ltr'><strong>Creatoris</strong></span> <span class='ocrx_word' id='word_1_361' title='bbox 1440 2417 1513 2493; x_wconf 93' lang='lat' dir='ltr'><strong>mei,</strong></span> <span class='ocrx_word' id='word_1_362' title='bbox 1531 2419 1580 2480; x_wconf 92' lang='lat' dir='ltr'><strong>cui</strong></span> <span class='ocrx_word' id='word_1_363' title='bbox 1597 2419 1728 2480; x_wconf 89' lang='lat' dir='ltr'><strong>debetur</strong></span> <span class='ocrx_word' id='word_1_364' title='bbox 1750 2419 1853 2479; x_wconf 87' lang='lat' dir='ltr'><strong>omnis</strong></span> 
     </span>
     <span class='ocr_line' id='line_1_27' title="bbox 63 2495 1852 2576; baseline 0.003 -22"><span class='ocrx_word' id='word_1_365' title='bbox 63 2509 160 2557; x_wconf 87' lang='lat' dir='ltr'><strong>tunes</strong></span> <span class='ocrx_word' id='word_1_366' title='bbox 173 2495 236 2557; x_wconf 87' lang='lat' dir='ltr'><strong>reri</strong></span> <span class='ocrx_word' id='word_1_367' title='bbox 251 2495 341 2559; x_wconf 89' lang='lat' dir='ltr'><strong>amici</strong></span> <span class='ocrx_word' id='word_1_368' title='bbox 359 2497 518 2561; x_wconf 81' lang='lat' dir='ltr'><strong>lieilleus</strong></span> <span class='ocrx_word' id='word_1_369' title='bbox 530 2505 636 2562; x_wconf 87' lang='lat' dir='ltr'><strong>uester</strong></span> <span class='ocrx_word' id='word_1_370' title='bbox 647 2497 801 2560; x_wconf 89' lang='lat' dir='ltr'><strong>bonorum</strong></span> <span class='ocrx_word' id='word_1_371' title='bbox 819 2503 939 2560; x_wconf 89' lang='lat' dir='ltr'><strong>nostro·</strong></span> <span class='ocrx_word' id='word_1_372' title='bbox 984 2499 1098 2573; x_wconf 83' lang='lat' dir='ltr'><strong>lrouor,</strong></span> <span class='ocrx_word' id='word_1_373' title='bbox 1115 2506 1145 2561; x_wconf 90' lang='lat' dir='ltr'><strong>et</strong></span> <span class='ocrx_word' id='word_1_374' title='bbox 1160 2500 1281 2576; x_wconf 85' lang='lat' dir='ltr'><strong>gloria,</strong></span> <span class='ocrx_word' id='word_1_375' title='bbox 1305 2501 1459 2562; x_wconf 80' lang='lat' dir='ltr'><strong>lamentet</strong></span> <span class='ocrx_word' id='word_1_376' title='bbox 1473 2509 1504 2560; x_wconf 92' lang='lat' dir='ltr'><strong>et</strong></span> <span class='ocrx_word' id='word_1_377' title='bbox 1519 2501 1650 2562; x_wconf 89' lang='lat' dir='ltr'><strong>detleam</strong></span> <span class='ocrx_word' id='word_1_378' title='bbox 1666 2547 1675 2574; x_wconf 91' lang='lat'><strong>,</strong></span> <span class='ocrx_word' id='word_1_379' title='bbox 1693 2501 1795 2561; x_wconf 90' lang='lat' dir='ltr'><strong>donec</strong></span> <span class='ocrx_word' id='word_1_380' title='bbox 1810 2501 1852 2560; x_wconf 93' lang='lat' dir='ltr'><strong>la·</strong></span> 
     </span>
     <span class='ocr_line' id='line_1_28' title="bbox 61 2577 1853 2661; baseline 0.002 -22"><span class='ocrx_word' id='word_1_381' title='bbox 61 2593 135 2639; x_wconf 92' lang='lat' dir='ltr'><strong>rum</strong></span> <span class='ocrx_word' id='word_1_382' title='bbox 153 2593 216 2639; x_wconf 92' lang='lat' dir='ltr'><strong>uon</strong></span> <span class='ocrx_word' id='word_1_383' title='bbox 231 2577 350 2657; x_wconf 85' lang='lat' dir='ltr'><strong>indiget</strong></span> <span class='ocrx_word' id='word_1_384' title='bbox 365 2581 484 2657; x_wconf 85' lang='lat' dir='ltr'><strong>quieta</strong></span> <span class='ocrx_word' id='word_1_385' title='bbox 502 2597 538 2644; x_wconf 91' lang='lat' dir='ltr'><strong>se</strong></span> <span class='ocrx_word' id='word_1_386' title='bbox 554 2582 647 2644; x_wconf 89' lang='lat' dir='ltr'><strong>babet</strong></span> <span class='ocrx_word' id='word_1_387' title='bbox 670 2580 772 2644; x_wconf 89' lang='lat' dir='ltr'><strong>omnia</strong></span> <span class='ocrx_word' id='word_1_388' title='bbox 788 2581 870 2643; x_wconf 89' lang='lat' dir='ltr'><strong>buna</strong></span> <span class='ocrx_word' id='word_1_389' title='bbox 887 2586 940 2653; x_wconf 89' lang='lat' dir='ltr'><strong>,at</strong></span> <span class='ocrx_word' id='word_1_390' title='bbox 983 2598 1107 2661; x_wconf 80' lang='lat' dir='ltr'><strong>crymae</strong></span> <span class='ocrx_word' id='word_1_391' title='bbox 1123 2582 1296 2644; x_wconf 83' lang='lat' dir='ltr'><strong>deiiciauti</strong></span> <span class='ocrx_word' id='word_1_392' title='bbox 1313 2582 1344 2644; x_wconf 87' lang='lat' dir='ltr'><strong>Si</strong></span> <span class='ocrx_word' id='word_1_393' title='bbox 1361 2585 1444 2644; x_wconf 90' lang='lat' dir='ltr'><strong>euim</strong></span> <span class='ocrx_word' id='word_1_394' title='bbox 1463 2583 1635 2657; x_wconf 88' lang='lat' dir='ltr'><strong>llatatbias,</strong></span> <span class='ocrx_word' id='word_1_395' title='bbox 1660 2589 1692 2644; x_wconf 93' lang='lat' dir='ltr'><strong>et</strong></span> <span class='ocrx_word' id='word_1_396' title='bbox 1713 2582 1769 2644; x_wconf 91' lang='lat' dir='ltr'><strong>tltii</strong></span> <span class='ocrx_word' id='word_1_397' title='bbox 1784 2581 1853 2644; x_wconf 91' lang='lat' dir='ltr'><strong>eius</strong></span> 
     </span>
     <span class='ocr_line' id='line_1_29' title="bbox 61 2658 1856 2744; baseline 0.003 -23"><span class='ocrx_word' id='word_1_398' title='bbox 61 2658 137 2737; x_wconf 90' lang='lat' dir='ltr'><strong>ipse</strong></span> <span class='ocrx_word' id='word_1_399' title='bbox 152 2667 202 2723; x_wconf 92' lang='lat' dir='ltr'><strong>est</strong></span> <span class='ocrx_word' id='word_1_400' title='bbox 215 2676 386 2740; x_wconf 89' lang='lat' dir='ltr'><strong>summum,</strong></span> <span class='ocrx_word' id='word_1_401' title='bbox 402 2669 432 2725; x_wconf 89' lang='lat' dir='ltr'><strong>et</strong></span> <span class='ocrx_word' id='word_1_402' title='bbox 446 2663 601 2727; x_wconf 89' lang='lat' dir='ltr'><strong>inlinitum</strong></span> <span class='ocrx_word' id='word_1_403' title='bbox 618 2667 749 2727; x_wconf 86' lang='lat' dir='ltr'><strong>bouum.</strong></span> <span class='ocrx_word' id='word_1_404' title='bbox 762 2663 880 2726; x_wconf 88' lang='lat' dir='ltr'><strong>Placuit</strong></span> <span class='ocrx_word' id='word_1_405' title='bbox 896 2670 939 2725; x_wconf 89' lang='lat' dir='ltr'><strong>ta·</strong></span> <span class='ocrx_word' id='word_1_406' title='bbox 984 2663 1033 2744; x_wconf 92' lang='lat' dir='ltr'><strong>(ut</strong></span> <span class='ocrx_word' id='word_1_407' title='bbox 1048 2671 1097 2728; x_wconf 91' lang='lat' dir='ltr'><strong>est</strong></span> <span class='ocrx_word' id='word_1_408' title='bbox 1112 2665 1143 2727; x_wconf 90' lang='lat' dir='ltr'><strong>iu</strong></span> <span class='ocrx_word' id='word_1_409' title='bbox 1162 2668 1265 2743; x_wconf 90' lang='lat' dir='ltr'><strong>priore</strong></span> <span class='ocrx_word' id='word_1_410' title='bbox 1288 2665 1368 2727; x_wconf 90' lang='lat' dir='ltr'><strong>libro</strong></span> <span class='ocrx_word' id='word_1_411' title='bbox 1391 2664 1676 2744; x_wconf 90' lang='lat' dir='ltr'><strong>llaohabaenrum)</strong></span> <span class='ocrx_word' id='word_1_412' title='bbox 1693 2667 1856 2727; x_wconf 88' lang='lat' dir='ltr'><strong>sciderunt</strong></span> 
     </span>
     <span class='ocr_line' id='line_1_30' title="bbox 64 2743 1854 2826; baseline 0.004 -24"><span class='ocrx_word' id='word_1_413' title='bbox 64 2758 143 2805; x_wconf 90' lang='lat' dir='ltr'><strong>meu</strong></span> <span class='ocrx_word' id='word_1_414' title='bbox 160 2743 290 2806; x_wconf 91' lang='lat' dir='ltr'><strong>bonitati</strong></span> <span class='ocrx_word' id='word_1_415' title='bbox 307 2746 376 2808; x_wconf 91' lang='lat' dir='ltr'><strong>eius</strong></span> <span class='ocrx_word' id='word_1_416' title='bbox 392 2749 542 2810; x_wconf 92' lang='lat' dir='ltr'><strong>mundum</strong></span> <span class='ocrx_word' id='word_1_417' title='bbox 559 2763 690 2824; x_wconf 90' lang='lat' dir='ltr'><strong>creare,</strong></span> <span class='ocrx_word' id='word_1_418' title='bbox 714 2753 748 2810; x_wconf 90' lang='lat' dir='ltr'><strong>ut</strong></span> <span class='ocrx_word' id='word_1_419' title='bbox 768 2747 938 2809; x_wconf 87' lang='lat' dir='ltr'><strong>bonitatem</strong></span> <span class='ocrx_word' id='word_1_420' title='bbox 982 2748 1167 2812; x_wconf 87' lang='lat' dir='ltr'><strong>vestimenta</strong></span> <span class='ocrx_word' id='word_1_421' title='bbox 1183 2764 1252 2820; x_wconf 90' lang='lat' dir='ltr'><strong>sua,</strong></span> <span class='ocrx_word' id='word_1_422' title='bbox 1269 2754 1301 2810; x_wconf 92' lang='lat' dir='ltr'><strong>et</strong></span> <span class='ocrx_word' id='word_1_423' title='bbox 1325 2748 1425 2824; x_wconf 89' lang='lat' dir='ltr'><strong>operti</strong></span> <span class='ocrx_word' id='word_1_424' title='bbox 1441 2754 1516 2810; x_wconf 92' lang='lat' dir='ltr'><strong>suut</strong></span> <span class='ocrx_word' id='word_1_425' title='bbox 1530 2749 1663 2822; x_wconf 88' lang='lat' dir='ltr'><strong>ciliciis,</strong></span> <span class='ocrx_word' id='word_1_426' title='bbox 1680 2753 1713 2810; x_wconf 90' lang='lat' dir='ltr'><strong>et</strong></span> <span class='ocrx_word' id='word_1_427' title='bbox 1727 2749 1854 2826; x_wconf 85' lang='lat' dir='ltr'><strong>planxe-</strong></span> 
     </span>
     <span class='ocr_line' id='line_1_31' title="bbox 62 2829 1853 2909; baseline 0.002 -21"><span class='ocrx_word' id='word_1_428' title='bbox 62 2841 157 2888; x_wconf 90' lang='lat' dir='ltr'><strong>suam</strong></span> <span class='ocrx_word' id='word_1_429' title='bbox 174 2833 258 2888; x_wconf 81' lang='lat' dir='ltr'><strong>extra</strong></span> <span class='ocrx_word' id='word_1_430' title='bbox 274 2841 310 2889; x_wconf 88' lang='lat' dir='ltr'><strong>se</strong></span> <span class='ocrx_word' id='word_1_431' title='bbox 326 2829 556 2905; x_wconf 82' lang='lat' dir='ltr'><strong>quodammodo</strong></span> <span class='ocrx_word' id='word_1_432' title='bbox 573 2829 766 2905; x_wconf 79' lang='lat' dir='ltr'><strong>effunderet,</strong></span> <span class='ocrx_word' id='word_1_433' title='bbox 791 2845 853 2892; x_wconf 92' lang='lat' dir='ltr'><strong>uun</strong></span> <span class='ocrx_word' id='word_1_434' title='bbox 870 2843 938 2892; x_wconf 90' lang='lat' dir='ltr'><strong>eam</strong></span> <span class='ocrx_word' id='word_1_435' title='bbox 984 2839 1056 2891; x_wconf 90' lang='lat' dir='ltr'><strong>runt</strong></span> <span class='ocrx_word' id='word_1_436' title='bbox 1073 2831 1173 2906; x_wconf 89' lang='lat' dir='ltr'><strong>vaide,</strong></span> <span class='ocrx_word' id='word_1_437' title='bbox 1189 2832 1259 2909; x_wconf 88' lang='lat' dir='ltr'><strong>quin</strong></span> <span class='ocrx_word' id='word_1_438' title='bbox 1276 2837 1389 2908; x_wconf 85' lang='lat' dir='ltr'><strong>gentes</strong></span> <span class='ocrx_word' id='word_1_439' title='bbox 1411 2832 1682 2909; x_wconf 80' lang='lat' dir='ltr'><strong>prophanaverunt</strong></span> <span class='ocrx_word' id='word_1_440' title='bbox 1706 2832 1853 2909; x_wconf 87' lang='lat' dir='ltr'><strong>templum</strong></span> 
     </span>
     <span class='ocr_line' id='line_1_32' title="bbox 64 2909 1858 2993; baseline 0.002 -23"><span class='ocrx_word' id='word_1_441' title='bbox 64 2909 238 2984; x_wconf 89' lang='lat' dir='ltr'><strong>amittens,</strong></span> <span class='ocrx_word' id='word_1_442' title='bbox 255 2912 313 2972; x_wconf 88' lang='lat' dir='ltr'><strong>sed</strong></span> <span class='ocrx_word' id='word_1_443' title='bbox 329 2927 400 2972; x_wconf 89' lang='lat' dir='ltr'><strong>cum</strong></span> <span class='ocrx_word' id='word_1_444' title='bbox 417 2913 488 2974; x_wconf 89' lang='lat' dir='ltr'><strong>aliis</strong></span> <span class='ocrx_word' id='word_1_445' title='bbox 503 2914 763 2985; x_wconf 88' lang='lat' dir='ltr'><strong>communicans,</strong></span> <span class='ocrx_word' id='word_1_446' title='bbox 781 2913 938 2991; x_wconf 82' lang='lat' dir='ltr'><strong>quomodo</strong></span> <span class='ocrx_word' id='word_1_447' title='bbox 983 2913 1130 2992; x_wconf 88' lang='lat' dir='ltr'><strong>Domini,</strong></span> <span class='ocrx_word' id='word_1_448' title='bbox 1154 2922 1184 2976; x_wconf 90' lang='lat' dir='ltr'><strong>et</strong></span> <span class='ocrx_word' id='word_1_449' title='bbox 1206 2918 1351 2993; x_wconf 76' lang='lat' dir='ltr'><strong>mysteria</strong></span> <span class='ocrx_word' id='word_1_450' title='bbox 1374 2913 1428 2975; x_wconf 91' lang='lat' dir='ltr'><strong>iila</strong></span> <span class='ocrx_word' id='word_1_451' title='bbox 1450 2915 1650 2992; x_wconf 87' lang='lat' dir='ltr'><strong>polluerant,</strong></span> <span class='ocrx_word' id='word_1_452' title='bbox 1674 2930 1753 2989; x_wconf 80' lang='lat' dir='ltr'><strong>unae</strong></span> <span class='ocrx_word' id='word_1_453' title='bbox 1770 2919 1858 2976; x_wconf 89' lang='lat' dir='ltr'><strong>eraut</strong></span> 
     </span>
     <span class='ocr_line' id='line_1_33' title="bbox 62 2992 1857 3075; baseline 0.002 -21"><span class='ocrx_word' id='word_1_454' title='bbox 62 2992 140 3054; x_wconf 88' lang='lat' dir='ltr'><strong>inus</strong></span> <span class='ocrx_word' id='word_1_455' title='bbox 154 3007 253 3069; x_wconf 84' lang='lat' dir='ltr'><strong>aquae</strong></span> <span class='ocrx_word' id='word_1_456' title='bbox 268 2992 386 3057; x_wconf 90' lang='lat' dir='ltr'><strong>ilumen</strong></span> <span class='ocrx_word' id='word_1_457' title='bbox 402 2996 547 3073; x_wconf 88' lang='lat' dir='ltr'><strong>producit</strong></span> <span class='ocrx_word' id='word_1_458' title='bbox 565 3042 573 3069; x_wconf 89' lang='lat'><strong>,</strong></span> <span class='ocrx_word' id='word_1_459' title='bbox 597 2996 676 3058; x_wconf 91' lang='lat' dir='ltr'><strong>nibil</strong></span> <span class='ocrx_word' id='word_1_460' title='bbox 703 2995 772 3074; x_wconf 90' lang='lat' dir='ltr'><strong>ipse</strong></span> <span class='ocrx_word' id='word_1_461' title='bbox 789 2996 938 3072; x_wconf 88' lang='lat' dir='ltr'><strong>perdens.</strong></span> <span class='ocrx_word' id='word_1_462' title='bbox 985 2997 1114 3059; x_wconf 86' lang='lat' dir='ltr'><strong>umbrae</strong></span> <span class='ocrx_word' id='word_1_463' title='bbox 1130 3011 1234 3058; x_wconf 91' lang='lat' dir='ltr'><strong>rerum</strong></span> <span class='ocrx_word' id='word_1_464' title='bbox 1246 2996 1432 3058; x_wconf 78' lang='lat' dir='ltr'><strong>suturarum:</strong></span> <span class='ocrx_word' id='word_1_465' title='bbox 1446 2998 1520 3071; x_wconf 82' lang='lat' dir='ltr'><strong>auid</strong></span> <span class='ocrx_word' id='word_1_466' title='bbox 1534 3013 1627 3073; x_wconf 82' lang='lat' dir='ltr'><strong>agere</strong></span> <span class='ocrx_word' id='word_1_467' title='bbox 1640 2995 1772 3058; x_wconf 89' lang='lat' dir='ltr'><strong>deberet</strong></span> <span class='ocrx_word' id='word_1_468' title='bbox 1785 2996 1857 3075; x_wconf 91' lang='lat' dir='ltr'><strong>pins</strong></span> 
     </span>
     <span class='ocr_line' id='line_1_34' title="bbox 65 3073 1854 3156; baseline 0.001 -20"><span class='ocrx_word' id='word_1_469' title='bbox 65 3073 148 3148; x_wconf 85' lang='lat' dir='ltr'><strong>Quid</strong></span> <span class='ocrx_word' id='word_1_470' title='bbox 165 3090 240 3153; x_wconf 90' lang='lat' dir='ltr'><strong>ergo</strong></span> <span class='ocrx_word' id='word_1_471' title='bbox 256 3090 312 3152; x_wconf 91' lang='lat' dir='ltr'><strong>par</strong></span> <span class='ocrx_word' id='word_1_472' title='bbox 323 3085 401 3150; x_wconf 91' lang='lat' dir='ltr'><strong>eret,</strong></span> <span class='ocrx_word' id='word_1_473' title='bbox 419 3084 452 3141; x_wconf 92' lang='lat' dir='ltr'><strong>nt</strong></span> <span class='ocrx_word' id='word_1_474' title='bbox 463 3094 513 3142; x_wconf 91' lang='lat' dir='ltr'><strong>res</strong></span> <span class='ocrx_word' id='word_1_475' title='bbox 529 3086 663 3154; x_wconf 87' lang='lat' dir='ltr'><strong>creatae,</strong></span> <span class='ocrx_word' id='word_1_476' title='bbox 680 3095 760 3154; x_wconf 80' lang='lat' dir='ltr'><strong>cuae</strong></span> <span class='ocrx_word' id='word_1_477' title='bbox 776 3078 868 3155; x_wconf 87' lang='lat' dir='ltr'><strong>panlc</strong></span> <span class='ocrx_word' id='word_1_478' title='bbox 884 3094 940 3141; x_wconf 89' lang='lat' dir='ltr'><strong>en·</strong></span> <span class='ocrx_word' id='word_1_479' title='bbox 985 3079 1181 3142; x_wconf 78' lang='lat' dir='ltr'><strong>Christianus</strong></span> <span class='ocrx_word' id='word_1_480' title='bbox 1198 3081 1256 3140; x_wconf 89' lang='lat' dir='ltr'><strong>boc</strong></span> <span class='ocrx_word' id='word_1_481' title='bbox 1270 3087 1425 3156; x_wconf 89' lang='lat' dir='ltr'><strong>tempore,</strong></span> <span class='ocrx_word' id='word_1_482' title='bbox 1443 3097 1503 3156; x_wconf 86' lang='lat' dir='ltr'><strong>qno</strong></span> <span class='ocrx_word' id='word_1_483' title='bbox 1518 3079 1727 3141; x_wconf 72' lang='lat' dir='ltr'><strong>mahumetani</strong></span> <span class='ocrx_word' id='word_1_484' title='bbox 1751 3086 1782 3140; x_wconf 90' lang='lat' dir='ltr'><strong>et</strong></span> <span class='ocrx_word' id='word_1_485' title='bbox 1796 3077 1854 3140; x_wconf 84' lang='lat' dir='ltr'><strong>hu·</strong></span> 
     </span>
     <span class='ocr_line' id='line_1_35' title="bbox 64 3158 1854 3236; baseline 0.003 -18"><span class='ocrx_word' id='word_1_486' title='bbox 64 3165 101 3220; x_wconf 92' lang='lat' dir='ltr'><strong>te</strong></span> <span class='ocrx_word' id='word_1_487' title='bbox 117 3158 193 3220; x_wconf 90' lang='lat' dir='ltr'><strong>nibil</strong></span> <span class='ocrx_word' id='word_1_488' title='bbox 210 3163 319 3230; x_wconf 89' lang='lat' dir='ltr'><strong>eraut,</strong></span> <span class='ocrx_word' id='word_1_489' title='bbox 337 3167 396 3221; x_wconf 88' lang='lat' dir='ltr'><strong>tam</strong></span> <span class='ocrx_word' id='word_1_490' title='bbox 414 3162 556 3226; x_wconf 82' lang='lat' dir='ltr'><strong>benefico</strong></span> <span class='ocrx_word' id='word_1_491' title='bbox 580 3164 719 3225; x_wconf 90' lang='lat' dir='ltr'><strong>douatcri</strong></span> <span class='ocrx_word' id='word_1_492' title='bbox 744 3162 937 3236; x_wconf 90' lang='lat' dir='ltr'><strong>tribuerent,</strong></span> <span class='ocrx_word' id='word_1_493' title='bbox 983 3163 1106 3224; x_wconf 90' lang='lat' dir='ltr'><strong>theraci</strong></span> <span class='ocrx_word' id='word_1_494' title='bbox 1122 3171 1151 3224; x_wconf 89' lang='lat' dir='ltr'><strong>et</strong></span> <span class='ocrx_word' id='word_1_495' title='bbox 1167 3160 1367 3232; x_wconf 78' lang='lat' dir='ltr'><strong>calvinistae,</strong></span> <span class='ocrx_word' id='word_1_496' title='bbox 1380 3177 1416 3224; x_wconf 93' lang='lat' dir='ltr'><strong>ac</strong></span> <span class='ocrx_word' id='word_1_497' title='bbox 1431 3163 1546 3223; x_wconf 87' lang='lat' dir='ltr'><strong>caeteri</strong></span> <span class='ocrx_word' id='word_1_498' title='bbox 1563 3163 1669 3224; x_wconf 81' lang='lat' dir='ltr'><strong>hostes</strong></span> <span class='ocrx_word' id='word_1_499' title='bbox 1682 3161 1736 3223; x_wconf 85' lang='lat' dir='ltr'><strong>liei</strong></span> <span class='ocrx_word' id='word_1_500' title='bbox 1754 3169 1784 3224; x_wconf 92' lang='lat' dir='ltr'><strong>et</strong></span> <span class='ocrx_word' id='word_1_501' title='bbox 1798 3160 1854 3223; x_wconf 85' lang='lat' dir='ltr'><strong>Ec·</strong></span> 
     </span>
     <span class='ocr_line' id='line_1_36' title="bbox 67 3240 1856 3317; baseline 0.002 -15"><span class='ocrx_word' id='word_1_502' title='bbox 67 3240 132 3303; x_wconf 87' lang='lat' dir='ltr'><strong>nisi</strong></span> <span class='ocrx_word' id='word_1_503' title='bbox 149 3246 182 3303; x_wconf 93' lang='lat' dir='ltr'><strong>ut</strong></span> <span class='ocrx_word' id='word_1_504' title='bbox 199 3247 279 3304; x_wconf 90' lang='lat' dir='ltr'><strong>tntae</strong></span> <span class='ocrx_word' id='word_1_505' title='bbox 294 3252 552 3308; x_wconf 83' lang='lat' dir='ltr'><strong>converterentur</strong></span> <span class='ocrx_word' id='word_1_506' title='bbox 575 3248 605 3308; x_wconf 93' lang='lat' dir='ltr'><strong>ic</strong></span> <span class='ocrx_word' id='word_1_507' title='bbox 630 3247 740 3307; x_wconf 91' lang='lat' dir='ltr'><strong>laudes</strong></span> <span class='ocrx_word' id='word_1_508' title='bbox 763 3243 940 3306; x_wconf 81' lang='lat' dir='ltr'><strong>creatoris?</strong></span> <span class='ocrx_word' id='word_1_509' title='bbox 985 3244 1112 3317; x_wconf 90' lang='lat' dir='ltr'><strong>clasiae,</strong></span> <span class='ocrx_word' id='word_1_510' title='bbox 1130 3243 1236 3306; x_wconf 91' lang='lat' dir='ltr'><strong>multis</strong></span> <span class='ocrx_word' id='word_1_511' title='bbox 1250 3244 1282 3306; x_wconf 92' lang='lat' dir='ltr'><strong>iu</strong></span> <span class='ocrx_word' id='word_1_512' title='bbox 1295 3245 1387 3312; x_wconf 87' lang='lat' dir='ltr'><strong>locis,</strong></span> <span class='ocrx_word' id='word_1_513' title='bbox 1404 3259 1466 3306; x_wconf 92' lang='lat' dir='ltr'><strong>nou</strong></span> <span class='ocrx_word' id='word_1_514' title='bbox 1484 3244 1584 3306; x_wconf 91' lang='lat' dir='ltr'><strong>solum</strong></span> <span class='ocrx_word' id='word_1_515' title='bbox 1598 3241 1758 3306; x_wconf 87' lang='lat' dir='ltr'><strong>Ecclesias</strong></span> <span class='ocrx_word' id='word_1_516' title='bbox 1771 3260 1856 3306; x_wconf 91' lang='lat' dir='ltr'><strong>avor-</strong></span> 
     </span>
     <span class='ocr_line' id='line_1_37' title="bbox 66 3323 1858 3403; baseline 0.001 -17"><span class='ocrx_word' id='word_1_517' title='bbox 66 3332 101 3386; x_wconf 87' lang='grc' dir='ltr'><strong>ει</strong></span> <span class='ocrx_word' id='word_1_518' title='bbox 116 3323 242 3403; x_wconf 88' lang='lat' dir='ltr'><strong>quidem</strong></span> <span class='ocrx_word' id='word_1_519' title='bbox 259 3339 312 3386; x_wconf 92' lang='lat' dir='ltr'><strong>res</strong></span> <span class='ocrx_word' id='word_1_520' title='bbox 325 3325 503 3398; x_wconf 86' lang='lat' dir='ltr'><strong>inanimae,</strong></span> <span class='ocrx_word' id='word_1_521' title='bbox 520 3330 569 3390; x_wconf 92' lang='lat' dir='ltr'><strong>vet</strong></span> <span class='ocrx_word' id='word_1_522' title='bbox 583 3331 643 3390; x_wconf 89' lang='lat' dir='ltr'><strong>vite</strong></span> <span class='ocrx_word' id='word_1_523' title='bbox 660 3375 668 3400; x_wconf 95' lang='lat'><strong>,</strong></span> <span class='ocrx_word' id='word_1_524' title='bbox 693 3337 721 3389; x_wconf 90' lang='lat' dir='ltr'><strong>et</strong></span> <span class='ocrx_word' id='word_1_525' title='bbox 738 3343 834 3390; x_wconf 89' lang='lat' dir='ltr'><strong>seusu</strong></span> <span class='ocrx_word' id='word_1_526' title='bbox 853 3341 940 3402; x_wconf 87' lang='lat' dir='ltr'><strong>prae·</strong></span> <span class='ocrx_word' id='word_1_527' title='bbox 985 3335 1101 3400; x_wconf 89' lang='lat' dir='ltr'><strong>terunt,</strong></span> <span class='ocrx_word' id='word_1_528' title='bbox 1117 3328 1174 3389; x_wconf 90' lang='lat' dir='ltr'><strong>sed</strong></span> <span class='ocrx_word' id='word_1_529' title='bbox 1187 3343 1312 3388; x_wconf 84' lang='lat' dir='ltr'><strong>umnam</strong></span> <span class='ocrx_word' id='word_1_530' title='bbox 1325 3328 1442 3388; x_wconf 89' lang='lat' dir='ltr'><strong>cultum</strong></span> <span class='ocrx_word' id='word_1_531' title='bbox 1455 3325 1593 3389; x_wconf 90' lang='lat' dir='ltr'><strong>divinum</strong></span> <span class='ocrx_word' id='word_1_532' title='bbox 1607 3327 1811 3400; x_wconf 87' lang='lat' dir='ltr'><strong>sustulerunt,</strong></span> <span class='ocrx_word' id='word_1_533' title='bbox 1827 3333 1858 3388; x_wconf 90' lang='lat' dir='ltr'><strong>et</strong></span> 
     </span>
     <span class='ocr_line' id='line_1_38' title="bbox 66 3406 1805 3489; baseline 0.001 -21"><span class='ocrx_word' id='word_1_534' title='bbox 66 3406 164 3478; x_wconf 90' lang='lat' dir='ltr'><strong>ditae,</strong></span> <span class='ocrx_word' id='word_1_535' title='bbox 181 3408 238 3470; x_wconf 90' lang='lat' dir='ltr'><strong>sed</strong></span> <span class='ocrx_word' id='word_1_536' title='bbox 255 3407 378 3487; x_wconf 80' lang='lat' dir='ltr'><strong>absque</strong></span> <span class='ocrx_word' id='word_1_537' title='bbox 400 3409 619 3489; x_wconf 88' lang='lat' dir='ltr'><strong>intelligentia,</strong></span> <span class='ocrx_word' id='word_1_538' title='bbox 636 3420 667 3474; x_wconf 91' lang='lat' dir='ltr'><strong>et</strong></span> <span class='ocrx_word' id='word_1_539' title='bbox 682 3411 783 3474; x_wconf 90' lang='lat' dir='ltr'><strong>libero</strong></span> <span class='ocrx_word' id='word_1_540' title='bbox 798 3411 937 3472; x_wconf 90' lang='lat' dir='ltr'><strong>volunta·</strong></span> <span class='ocrx_word' id='word_1_541' title='bbox 985 3418 1183 3473; x_wconf 87' lang='lat' dir='ltr'><strong>sacrosancta</strong></span> <span class='ocrx_word' id='word_1_542' title='bbox 1200 3410 1346 3489; x_wconf 84' lang='lat' dir='ltr'><strong>mysteria</strong></span> <span class='ocrx_word' id='word_1_543' title='bbox 1363 3409 1488 3488; x_wconf 89' lang='lat' dir='ltr'><strong>publice</strong></span> <span class='ocrx_word' id='word_1_544' title='bbox 1507 3410 1805 3486; x_wconf 76' lang='lat' dir='ltr'><strong>prophanaverunt?</strong></span> 
     </span>
     <span class='ocr_line' id='line_1_39' title="bbox 68 3489 1855 3572; baseline 0.003 -23"><span class='ocrx_word' id='word_1_545' title='bbox 68 3489 111 3551; x_wconf 92' lang='lat' dir='ltr'><strong>tis</strong></span> <span class='ocrx_word' id='word_1_546' title='bbox 125 3490 383 3562; x_wconf 89' lang='lat' dir='ltr'><strong>arbitrio,muuus</strong></span> <span class='ocrx_word' id='word_1_547' title='bbox 394 3510 485 3558; x_wconf 86' lang='lat' dir='ltr'><strong>suurn</strong></span> <span class='ocrx_word' id='word_1_548' title='bbox 501 3503 653 3572; x_wconf 91' lang='lat' dir='ltr'><strong>perpetuo</strong></span> <span class='ocrx_word' id='word_1_549' title='bbox 665 3492 941 3572; x_wconf 85' lang='lat' dir='ltr'><strong>expleul.Semper</strong></span> <span class='ocrx_word' id='word_1_550' title='bbox 1025 3493 1089 3556; x_wconf 92' lang='lat' dir='ltr'><strong>Iam</strong></span> <span class='ocrx_word' id='word_1_551' title='bbox 1107 3508 1181 3554; x_wconf 91' lang='lat' dir='ltr'><strong>vern</strong></span> <span class='ocrx_word' id='word_1_552' title='bbox 1204 3493 1328 3554; x_wconf 84' lang='lat' dir='ltr'><strong>divinus</strong></span> <span class='ocrx_word' id='word_1_553' title='bbox 1354 3509 1439 3554; x_wconf 91' lang='lat' dir='ltr'><strong>amor</strong></span> <span class='ocrx_word' id='word_1_554' title='bbox 1465 3493 1579 3554; x_wconf 87' lang='lat' dir='ltr'><strong>excitat</strong></span> <span class='ocrx_word' id='word_1_555' title='bbox 1603 3491 1855 3556; x_wconf 85' lang='lat' dir='ltr'><strong>ardentissimum</strong></span> 
     </span>
     <span class='ocr_line' id='line_1_40' title="bbox 66 3573 1859 3658; baseline 0.002 -24"><span class='ocrx_word' id='word_1_556' title='bbox 66 3574 153 3635; x_wconf 90' lang='lat' dir='ltr'><strong>enim</strong></span> <span class='ocrx_word' id='word_1_557' title='bbox 169 3573 249 3636; x_wconf 89' lang='lat' dir='ltr'><strong>caeli</strong></span> <span class='ocrx_word' id='word_1_558' title='bbox 263 3581 410 3638; x_wconf 87' lang='lat' dir='ltr'><strong>enarrant</strong></span> <span class='ocrx_word' id='word_1_559' title='bbox 423 3578 553 3658; x_wconf 87' lang='lat' dir='ltr'><strong>gloriam</strong></span> <span class='ocrx_word' id='word_1_560' title='bbox 570 3578 676 3653; x_wconf 89' lang='lat' dir='ltr'><strong>Dei,et</strong></span> <span class='ocrx_word' id='word_1_561' title='bbox 692 3583 863 3648; x_wconf 90' lang='lat' dir='ltr'><strong>montes,et</strong></span> <span class='ocrx_word' id='word_1_562' title='bbox 877 3575 941 3637; x_wconf 88' lang='lat' dir='ltr'><strong>col·</strong></span> <span class='ocrx_word' id='word_1_563' title='bbox 986 3574 1181 3638; x_wconf 91' lang='lat' dir='ltr'><strong>desiderium</strong></span> <span class='ocrx_word' id='word_1_564' title='bbox 1198 3576 1323 3638; x_wconf 91' lang='lat' dir='ltr'><strong>videndi</strong></span> <span class='ocrx_word' id='word_1_565' title='bbox 1342 3575 1488 3645; x_wconf 76' lang='lat' dir='ltr'><strong>ileumet</strong></span> <span class='ocrx_word' id='word_1_566' title='bbox 1503 3575 1679 3650; x_wconf 85' lang='lat' dir='ltr'><strong>assidue,et</strong></span> <span class='ocrx_word' id='word_1_567' title='bbox 1693 3591 1763 3635; x_wconf 92' lang='lat' dir='ltr'><strong>cum</strong></span> <span class='ocrx_word' id='word_1_568' title='bbox 1780 3578 1859 3639; x_wconf 92' lang='lat' dir='ltr'><strong>mol-</strong></span> 
     </span>
     <span class='ocr_line' id='line_1_41' title="bbox 68 3655 1859 3738; baseline 0.002 -21"><span class='ocrx_word' id='word_1_569' title='bbox 68 3655 120 3718; x_wconf 89' lang='lat' dir='ltr'><strong>les</strong></span> <span class='ocrx_word' id='word_1_570' title='bbox 135 3656 267 3718; x_wconf 88' lang='lat' dir='ltr'><strong>inbilaut</strong></span> <span class='ocrx_word' id='word_1_571' title='bbox 281 3673 385 3720; x_wconf 88' lang='lat' dir='ltr'><strong>coram</strong></span> <span class='ocrx_word' id='word_1_572' title='bbox 400 3659 480 3734; x_wconf 86' lang='lat' dir='ltr'><strong>Iteo,</strong></span> <span class='ocrx_word' id='word_1_573' title='bbox 496 3666 528 3723; x_wconf 88' lang='lat' dir='ltr'><strong>et</strong></span> <span class='ocrx_word' id='word_1_574' title='bbox 543 3661 663 3738; x_wconf 82' lang='lat' dir='ltr'><strong>reliqua</strong></span> <span class='ocrx_word' id='word_1_575' title='bbox 678 3661 782 3722; x_wconf 90' lang='lat' dir='ltr'><strong>omnia</strong></span> <span class='ocrx_word' id='word_1_576' title='bbox 799 3660 940 3720; x_wconf 87' lang='lat' dir='ltr'><strong>seruiunt</strong></span> <span class='ocrx_word' id='word_1_577' title='bbox 986 3660 1024 3722; x_wconf 87' lang='lat' dir='ltr'><strong>tis</strong></span> <span class='ocrx_word' id='word_1_578' title='bbox 1041 3659 1186 3736; x_wconf 80' lang='lat' dir='ltr'><strong>lacrymis</strong></span> <span class='ocrx_word' id='word_1_579' title='bbox 1200 3659 1321 3734; x_wconf 91' lang='lat' dir='ltr'><strong>orandi,</strong></span> <span class='ocrx_word' id='word_1_580' title='bbox 1340 3673 1377 3720; x_wconf 92' lang='lat' dir='ltr'><strong>ac</strong></span> <span class='ocrx_word' id='word_1_581' title='bbox 1393 3657 1696 3724; x_wconf 78' lang='lat' dir='ltr'><strong>dicendihdueuint</strong></span> <span class='ocrx_word' id='word_1_582' title='bbox 1709 3657 1859 3737; x_wconf 77' lang='lat' dir='ltr'><strong>Regnum</strong></span> 
     </span>
     <span class='ocr_line' id='line_1_42' title="bbox 68 3738 1857 3820; baseline 0.001 -20"><span class='ocrx_word' id='word_1_583' title='bbox 68 3738 114 3811; x_wconf 92' lang='lat' dir='ltr'><strong>ei,</strong></span> <span class='ocrx_word' id='word_1_584' title='bbox 130 3739 426 3804; x_wconf 87' lang='lat' dir='ltr'><strong>etiaciuntverbum</strong></span> <span class='ocrx_word' id='word_1_585' title='bbox 443 3745 523 3806; x_wconf 91' lang='lat' dir='ltr'><strong>eius.</strong></span> <span class='ocrx_word' id='word_1_586' title='bbox 541 3743 576 3806; x_wconf 93' lang='lat' dir='ltr'><strong>ln</strong></span> <span class='ocrx_word' id='word_1_587' title='bbox 593 3743 735 3820; x_wconf 78' lang='lat' dir='ltr'><strong>Angelis,</strong></span> <span class='ocrx_word' id='word_1_588' title='bbox 752 3747 784 3804; x_wconf 91' lang='lat' dir='ltr'><strong>et</strong></span> <span class='ocrx_word' id='word_1_589' title='bbox 805 3741 940 3803; x_wconf 91' lang='lat' dir='ltr'><strong>humini-</strong></span> <span class='ocrx_word' id='word_1_590' title='bbox 986 3750 1091 3804; x_wconf 85' lang='lat' dir='ltr'><strong>tuum.</strong></span> <span class='ocrx_word' id='word_1_591' title='bbox 1114 3741 1152 3804; x_wconf 80' lang='lat' dir='ltr'><strong>Et</strong></span> <span class='ocrx_word' id='word_1_592' title='bbox 1175 3741 1303 3818; x_wconf 81' lang='lat' dir='ltr'><strong>quidem</strong></span> <span class='ocrx_word' id='word_1_593' title='bbox 1331 3741 1470 3819; x_wconf 88' lang='lat' dir='ltr'><strong>Regnum</strong></span> <span class='ocrx_word' id='word_1_594' title='bbox 1498 3740 1554 3803; x_wconf 84' lang='lat' dir='ltr'><strong>liei</strong></span> <span class='ocrx_word' id='word_1_595' title='bbox 1581 3743 1680 3802; x_wconf 91' lang='lat' dir='ltr'><strong>tribus</strong></span> <span class='ocrx_word' id='word_1_596' title='bbox 1702 3744 1804 3802; x_wconf 86' lang='lat' dir='ltr'><strong>modis</strong></span> <span class='ocrx_word' id='word_1_597' title='bbox 1826 3743 1857 3802; x_wconf 91' lang='lat' dir='ltr'><strong>in</strong></span> 
     </span>
     <span class='ocr_line' id='line_1_43' title="bbox 67 3821 1858 3904; baseline 0 -18"><span class='ocrx_word' id='word_1_598' title='bbox 67 3821 143 3894; x_wconf 85' lang='lat' dir='ltr'><strong>bus,</strong></span> <span class='ocrx_word' id='word_1_599' title='bbox 159 3821 212 3901; x_wconf 90' lang='lat' dir='ltr'><strong>qul</strong></span> <span class='ocrx_word' id='word_1_600' title='bbox 224 3824 283 3885; x_wconf 92' lang='lat' dir='ltr'><strong>solt</strong></span> <span class='ocrx_word' id='word_1_601' title='bbox 300 3826 414 3888; x_wconf 91' lang='lat' dir='ltr'><strong>mentis</strong></span> <span class='ocrx_word' id='word_1_602' title='bbox 430 3827 684 3904; x_wconf 74' lang='lat' dir='ltr'><strong>intelligentium</strong></span> <span class='ocrx_word' id='word_1_603' title='bbox 698 3826 799 3888; x_wconf 88' lang='lat' dir='ltr'><strong>libero</strong></span> <span class='ocrx_word' id='word_1_604' title='bbox 814 3824 941 3886; x_wconf 89' lang='lat' dir='ltr'><strong>arbitrie</strong></span> <span class='ocrx_word' id='word_1_605' title='bbox 987 3825 1156 3902; x_wconf 84' lang='lat' dir='ltr'><strong>scripturis</strong></span> <span class='ocrx_word' id='word_1_606' title='bbox 1171 3826 1289 3886; x_wconf 85' lang='lat' dir='ltr'><strong>sanctis</strong></span> <span class='ocrx_word' id='word_1_607' title='bbox 1305 3826 1405 3900; x_wconf 89' lang='lat' dir='ltr'><strong>accipi</strong></span> <span class='ocrx_word' id='word_1_608' title='bbox 1421 3826 1502 3886; x_wconf 91' lang='lat' dir='ltr'><strong>solet</strong></span> <span class='ocrx_word' id='word_1_609' title='bbox 1517 3869 1525 3894; x_wconf 91' lang='lat'><strong>,</strong></span> <span class='ocrx_word' id='word_1_610' title='bbox 1543 3839 1599 3899; x_wconf 90' lang='lat' dir='ltr'><strong>pro</strong></span> <span class='ocrx_word' id='word_1_611' title='bbox 1621 3824 1741 3901; x_wconf 83' lang='lat' dir='ltr'><strong>Regno,</strong></span> <span class='ocrx_word' id='word_1_612' title='bbox 1758 3829 1791 3886; x_wconf 91' lang='lat' dir='ltr'><strong>ut</strong></span> <span class='ocrx_word' id='word_1_613' title='bbox 1812 3825 1858 3888; x_wconf 90' lang='lat' dir='ltr'><strong>sic</strong></span> 
     </span>
     <span class='ocr_line' id='line_1_44' title="bbox 70 3903 1855 3989; baseline 0.001 -22"><span class='ocrx_word' id='word_1_614' title='bbox 70 3905 201 3983; x_wconf 78' lang='lat' dir='ltr'><strong>praediti</strong></span> <span class='ocrx_word' id='word_1_615' title='bbox 219 3903 396 3969; x_wconf 76' lang='lat' dir='ltr'><strong>creatorem</strong></span> <span class='ocrx_word' id='word_1_616' title='bbox 412 3924 618 3989; x_wconf 86' lang='lat' dir='ltr'><strong>cognoscere,</strong></span> <span class='ocrx_word' id='word_1_617' title='bbox 636 3917 666 3972; x_wconf 90' lang='lat' dir='ltr'><strong>et</strong></span> <span class='ocrx_word' id='word_1_618' title='bbox 681 3925 785 3971; x_wconf 89' lang='lat' dir='ltr'><strong>amere</strong></span> <span class='ocrx_word' id='word_1_619' title='bbox 799 3914 943 3987; x_wconf 91' lang='lat' dir='ltr'><strong>poteraut</strong></span> <span class='ocrx_word' id='word_1_620' title='bbox 986 3908 1107 3985; x_wconf 83' lang='lat' dir='ltr'><strong>loquar,</strong></span> <span class='ocrx_word' id='word_1_621' title='bbox 1122 3906 1265 3977; x_wconf 90' lang='lat' dir='ltr'><strong>naturali,</strong></span> <span class='ocrx_word' id='word_1_622' title='bbox 1283 3922 1340 3983; x_wconf 91' lang='lat' dir='ltr'><strong>pru</strong></span> <span class='ocrx_word' id='word_1_623' title='bbox 1356 3906 1463 3984; x_wconf 87' lang='lat' dir='ltr'><strong>Regno</strong></span> <span class='ocrx_word' id='word_1_624' title='bbox 1479 3908 1610 3985; x_wconf 86' lang='lat' dir='ltr'><strong>gratiae,</strong></span> <span class='ocrx_word' id='word_1_625' title='bbox 1629 3913 1660 3968; x_wconf 94' lang='grc' dir='ltr'><strong>ει</strong></span> <span class='ocrx_word' id='word_1_626' title='bbox 1676 3921 1732 3984; x_wconf 90' lang='lat' dir='ltr'><strong>pro</strong></span> <span class='ocrx_word' id='word_1_627' title='bbox 1747 3905 1855 3985; x_wconf 87' lang='lat' dir='ltr'><strong>Regno</strong></span> 
     </span>
     <span class='ocr_line' id='line_1_45' title="bbox 69 3987 1858 4070; baseline 0 -19"><span class='ocrx_word' id='word_1_628' title='bbox 69 3987 237 4051; x_wconf 89' lang='lat' dir='ltr'><strong>ostendere</strong></span> <span class='ocrx_word' id='word_1_629' title='bbox 251 3990 348 4052; x_wconf 91' lang='lat' dir='ltr'><strong>voluit</strong></span> <span class='ocrx_word' id='word_1_630' title='bbox 362 3990 471 4068; x_wconf 84' lang='lat' dir='ltr'><strong>Pecs,</strong></span> <span class='ocrx_word' id='word_1_631' title='bbox 497 3993 598 4069; x_wconf 91' lang='lat' dir='ltr'><strong>primo</strong></span> <span class='ocrx_word' id='word_1_632' title='bbox 614 3991 689 4070; x_wconf 81' lang='lat' dir='ltr'><strong>quid</strong></span> <span class='ocrx_word' id='word_1_633' title='bbox 706 3999 814 4069; x_wconf 91' lang='lat' dir='ltr'><strong>posset</strong></span> <span class='ocrx_word' id='word_1_634' title='bbox 829 4006 937 4053; x_wconf 91' lang='lat' dir='ltr'><strong>eorum</strong></span> <span class='ocrx_word' id='word_1_635' title='bbox 986 3993 1117 4069; x_wconf 88' lang='lat' dir='ltr'><strong>gloriae.</strong></span> <span class='ocrx_word' id='word_1_636' title='bbox 1134 3989 1273 4067; x_wconf 88' lang='lat' dir='ltr'><strong>Regnum</strong></span> <span class='ocrx_word' id='word_1_637' title='bbox 1291 3995 1419 4050; x_wconf 88' lang='lat' dir='ltr'><strong>naturae</strong></span> <span class='ocrx_word' id='word_1_638' title='bbox 1435 3988 1549 4050; x_wconf 90' lang='lat' dir='ltr'><strong>dicitur</strong></span> <span class='ocrx_word' id='word_1_639' title='bbox 1571 3989 1758 4060; x_wconf 90' lang='lat' dir='ltr'><strong>dominium,</strong></span> <span class='ocrx_word' id='word_1_640' title='bbox 1774 3991 1858 4065; x_wconf 83' lang='lat' dir='ltr'><strong>quod</strong></span> 
     </span>
     <span class='ocr_line' id='line_1_46' title="bbox 69 4071 1859 4155; baseline 0.002 -23"><span class='ocrx_word' id='word_1_641' title='bbox 69 4071 204 4132; x_wconf 91' lang='lat' dir='ltr'><strong>liberum</strong></span> <span class='ocrx_word' id='word_1_642' title='bbox 216 4072 599 4155; x_wconf 83' lang='lat' dir='ltr'><strong>arbitriumdeiudequid</strong></span> <span class='ocrx_word' id='word_1_643' title='bbox 614 4083 722 4152; x_wconf 89' lang='lat' dir='ltr'><strong>posset</strong></span> <span class='ocrx_word' id='word_1_644' title='bbox 735 4075 851 4153; x_wconf 83' lang='lat' dir='ltr'><strong>gratiae</strong></span> <span class='ocrx_word' id='word_1_645' title='bbox 867 4089 943 4136; x_wconf 87' lang='lat' dir='ltr'><strong>suae</strong></span> <span class='ocrx_word' id='word_1_646' title='bbox 988 4074 1169 4135; x_wconf 88' lang='lat' dir='ltr'><strong>naturaliter</strong></span> <span class='ocrx_word' id='word_1_647' title='bbox 1186 4074 1280 4134; x_wconf 90' lang='lat' dir='ltr'><strong>babet</strong></span> <span class='ocrx_word' id='word_1_648' title='bbox 1293 4072 1379 4134; x_wconf 84' lang='lat' dir='ltr'><strong>Deus</strong></span> <span class='ocrx_word' id='word_1_649' title='bbox 1394 4071 1425 4132; x_wconf 94' lang='lat' dir='ltr'><strong>iu</strong></span> <span class='ocrx_word' id='word_1_650' title='bbox 1439 4087 1550 4134; x_wconf 91' lang='lat' dir='ltr'><strong>omues</strong></span> <span class='ocrx_word' id='word_1_651' title='bbox 1566 4088 1617 4134; x_wconf 88' lang='lat' dir='ltr'><strong>res</strong></span> <span class='ocrx_word' id='word_1_652' title='bbox 1631 4076 1763 4143; x_wconf 88' lang='lat' dir='ltr'><strong>creatas,</strong></span> <span class='ocrx_word' id='word_1_653' title='bbox 1780 4089 1859 4148; x_wconf 85' lang='lat' dir='ltr'><strong>quas</strong></span> 
     </span>
     <span class='ocr_line' id='line_1_47' title="bbox 71 4151 1856 4234; baseline -0.001 -17"><span class='ocrx_word' id='word_1_654' title='bbox 71 4151 275 4224; x_wconf 86' lang='lat' dir='ltr'><strong>bouedcium,</strong></span> <span class='ocrx_word' id='word_1_655' title='bbox 292 4155 495 4234; x_wconf 79' lang='lat' dir='ltr'><strong>institiaeque</strong></span> <span class='ocrx_word' id='word_1_656' title='bbox 510 4160 673 4234; x_wconf 70' lang='lat' dir='ltr'><strong>iudicium,</strong></span> <span class='ocrx_word' id='word_1_657' title='bbox 690 4165 726 4221; x_wconf 90' lang='lat' dir='ltr'><strong>nt</strong></span> <span class='ocrx_word' id='word_1_658' title='bbox 737 4160 868 4220; x_wconf 89' lang='lat' dir='ltr'><strong>Sanctus</strong></span> <span class='ocrx_word' id='word_1_659' title='bbox 883 4159 943 4218; x_wconf 92' lang='lat' dir='ltr'><strong>Au·</strong></span> <span class='ocrx_word' id='word_1_660' title='bbox 985 4172 1114 4232; x_wconf 88' lang='lat' dir='ltr'><strong>semper</strong></span> <span class='ocrx_word' id='word_1_661' title='bbox 1129 4155 1220 4234; x_wconf 88' lang='lat' dir='ltr'><strong>regit,</strong></span> <span class='ocrx_word' id='word_1_662' title='bbox 1239 4155 1433 4233; x_wconf 86' lang='lat' dir='ltr'><strong>etguberuet</strong></span> <span class='ocrx_word' id='word_1_663' title='bbox 1449 4171 1504 4227; x_wconf 88' lang='lat' dir='ltr'><strong>pru</strong></span> <span class='ocrx_word' id='word_1_664' title='bbox 1521 4154 1649 4216; x_wconf 87' lang='lat' dir='ltr'><strong>arbitrio</strong></span> <span class='ocrx_word' id='word_1_665' title='bbox 1664 4169 1735 4224; x_wconf 93' lang='lat' dir='ltr'><strong>suc,</strong></span> <span class='ocrx_word' id='word_1_666' title='bbox 1752 4169 1856 4229; x_wconf 85' lang='lat' dir='ltr'><strong>neuun</strong></span> 
     </span>
     <span class='ocr_line' id='line_1_48' title="bbox 70 4235 1859 4320; baseline -0.002 -20"><span class='ocrx_word' id='word_1_667' title='bbox 70 4239 214 4317; x_wconf 86' lang='lat' dir='ltr'><strong>gostinus</strong></span> <span class='ocrx_word' id='word_1_668' title='bbox 229 4240 389 4317; x_wconf 88' lang='lat' dir='ltr'><strong>sapienter</strong></span> <span class='ocrx_word' id='word_1_669' title='bbox 403 4242 496 4304; x_wconf 89' lang='lat' dir='ltr'><strong>dccet</strong></span> <span class='ocrx_word' id='word_1_670' title='bbox 510 4243 541 4304; x_wconf 89' lang='lat' dir='ltr'><strong>in</strong></span> <span class='ocrx_word' id='word_1_671' title='bbox 555 4242 634 4305; x_wconf 91' lang='lat' dir='ltr'><strong>tibrc</strong></span> <span class='ocrx_word' id='word_1_672' title='bbox 646 4244 685 4304; x_wconf 92' lang='lat' dir='ltr'><strong>de</strong></span> <span class='ocrx_word' id='word_1_673' title='bbox 697 4241 895 4320; x_wconf 83' lang='lat' dir='ltr'><strong>correptione</strong></span> <span class='ocrx_word' id='word_1_674' title='bbox 911 4246 941 4300; x_wconf 93' lang='lat' dir='ltr'><strong>et</strong></span> <span class='ocrx_word' id='word_1_675' title='bbox 988 4241 1049 4300; x_wconf 91' lang='lat' dir='ltr'><strong>nlla</strong></span> <span class='ocrx_word' id='word_1_676' title='bbox 1066 4254 1117 4301; x_wconf 90' lang='lat' dir='ltr'><strong>res</strong></span> <span class='ocrx_word' id='word_1_677' title='bbox 1134 4240 1161 4299; x_wconf 92' lang='lat' dir='ltr'><strong>ei</strong></span> <span class='ocrx_word' id='word_1_678' title='bbox 1179 4238 1327 4301; x_wconf 82' lang='lat' dir='ltr'><strong>resistere</strong></span> <span class='ocrx_word' id='word_1_679' title='bbox 1342 4236 1506 4315; x_wconf 80' lang='lat' dir='ltr'><strong>potestlie</strong></span> <span class='ocrx_word' id='word_1_680' title='bbox 1523 4237 1581 4298; x_wconf 91' lang='lat' dir='ltr'><strong>boc</strong></span> <span class='ocrx_word' id='word_1_681' title='bbox 1598 4236 1704 4316; x_wconf 86' lang='lat' dir='ltr'><strong>Regno</strong></span> <span class='ocrx_word' id='word_1_682' title='bbox 1720 4235 1859 4312; x_wconf 82' lang='lat' dir='ltr'><strong>loquitur</strong></span> 
     </span>
     <span class='ocr_line' id='line_1_49' title="bbox 71 4319 1858 4403; baseline 0.002 -24"><span class='ocrx_word' id='word_1_683' title='bbox 71 4321 181 4400; x_wconf 82' lang='lat' dir='ltr'><strong>gratia.</strong></span> <span class='ocrx_word' id='word_1_684' title='bbox 198 4320 235 4382; x_wconf 84' lang='lat' dir='ltr'><strong>lit</strong></span> <span class='ocrx_word' id='word_1_685' title='bbox 249 4324 396 4396; x_wconf 85' lang='lat' dir='ltr'><strong>cuouiam</strong></span> <span class='ocrx_word' id='word_1_686' title='bbox 413 4323 494 4386; x_wconf 91' lang='lat' dir='ltr'><strong>iuter</strong></span> <span class='ocrx_word' id='word_1_687' title='bbox 516 4325 665 4403; x_wconf 87' lang='lat' dir='ltr'><strong>Angelos,</strong></span> <span class='ocrx_word' id='word_1_688' title='bbox 684 4339 745 4386; x_wconf 91' lang='lat' dir='ltr'><strong>unu</strong></span> <span class='ocrx_word' id='word_1_689' title='bbox 763 4323 854 4398; x_wconf 88' lang='lat' dir='ltr'><strong>pauci</strong></span> <span class='ocrx_word' id='word_1_690' title='bbox 872 4337 942 4382; x_wconf 83' lang='lat' dir='ltr'><strong>cunr</strong></span> <span class='ocrx_word' id='word_1_691' title='bbox 987 4321 1095 4387; x_wconf 83' lang='lat' dir='ltr'><strong>David,</strong></span> <span class='ocrx_word' id='word_1_692' title='bbox 1113 4336 1184 4383; x_wconf 91' lang='lat' dir='ltr'><strong>cum</strong></span> <span class='ocrx_word' id='word_1_693' title='bbox 1200 4323 1254 4382; x_wconf 87' lang='lat' dir='ltr'><strong>ait:</strong></span> <span class='ocrx_word' id='word_1_694' title='bbox 1271 4319 1420 4397; x_wconf 77' lang='lat' dir='ltr'><strong>Repetam</strong></span> <span class='ocrx_word' id='word_1_695' title='bbox 1436 4326 1530 4382; x_wconf 87' lang='lat' dir='ltr'><strong>tuum</strong></span> <span class='ocrx_word' id='word_1_696' title='bbox 1545 4319 1694 4397; x_wconf 83' lang='lat' dir='ltr'><strong>Regnent</strong></span> <span class='ocrx_word' id='word_1_697' title='bbox 1710 4320 1858 4383; x_wconf 79' lang='lat' dir='ltr'><strong>omnium</strong></span> 
     </span>
     <span class='ocr_line' id='line_1_50' title="bbox 74 4403 1859 4487; baseline -0.001 -23"><span class='ocrx_word' id='word_1_698' title='bbox 74 4403 217 4486; x_wconf 84' lang='lat' dir='ltr'><strong>Principe</strong></span> <span class='ocrx_word' id='word_1_699' title='bbox 232 4421 290 4466; x_wconf 90' lang='lat' dir='ltr'><strong>suc</strong></span> <span class='ocrx_word' id='word_1_700' title='bbox 307 4406 432 4468; x_wconf 91' lang='lat' dir='ltr'><strong>diabolo</strong></span> <span class='ocrx_word' id='word_1_701' title='bbox 448 4407 479 4468; x_wconf 93' lang='lat' dir='ltr'><strong>in</strong></span> <span class='ocrx_word' id='word_1_702' title='bbox 496 4408 675 4487; x_wconf 91' lang='lat' dir='ltr'><strong>superbiam</strong></span> <span class='ocrx_word' id='word_1_703' title='bbox 699 4406 783 4476; x_wconf 85' lang='lat' dir='ltr'><strong>elati,</strong></span> <span class='ocrx_word' id='word_1_704' title='bbox 798 4405 942 4467; x_wconf 87' lang='lat' dir='ltr'><strong>libertate</strong></span> <span class='ocrx_word' id='word_1_705' title='bbox 985 4404 1185 4467; x_wconf 81' lang='lat' dir='ltr'><strong>secutorum.</strong></span> <span class='ocrx_word' id='word_1_706' title='bbox 1201 4403 1247 4466; x_wconf 86' lang='lat' dir='ltr'><strong>lie</strong></span> <span class='ocrx_word' id='word_1_707' title='bbox 1259 4404 1319 4465; x_wconf 89' lang='lat' dir='ltr'><strong>hcc</strong></span> <span class='ocrx_word' id='word_1_708' title='bbox 1332 4410 1435 4464; x_wconf 91' lang='lat' dir='ltr'><strong>autem</strong></span> <span class='ocrx_word' id='word_1_709' title='bbox 1453 4403 1559 4478; x_wconf 83' lang='lat' dir='ltr'><strong>Regno</strong></span> <span class='ocrx_word' id='word_1_710' title='bbox 1571 4419 1633 4464; x_wconf 92' lang='lat' dir='ltr'><strong>non</strong></span> <span class='ocrx_word' id='word_1_711' title='bbox 1652 4408 1754 4480; x_wconf 89' lang='lat' dir='ltr'><strong>potest</strong></span> <span class='ocrx_word' id='word_1_712' title='bbox 1769 4403 1859 4464; x_wconf 89' lang='lat' dir='ltr'><strong>intel·</strong></span> 
     </span>
     <span class='ocr_line' id='line_1_51' title="bbox 72 4484 1858 4570; baseline 0 -24"><span class='ocrx_word' id='word_1_713' title='bbox 72 4486 191 4548; x_wconf 88' lang='lat' dir='ltr'><strong>arbitrii</strong></span> <span class='ocrx_word' id='word_1_714' title='bbox 207 4487 297 4549; x_wconf 86' lang='lat' dir='ltr'><strong>abusi</strong></span> <span class='ocrx_word' id='word_1_715' title='bbox 315 4486 413 4551; x_wconf 85' lang='lat' dir='ltr'><strong>Deum</strong></span> <span class='ocrx_word' id='word_1_716' title='bbox 431 4504 492 4553; x_wconf 92' lang='lat' dir='ltr'><strong>uun</strong></span> <span class='ocrx_word' id='word_1_717' title='bbox 506 4491 770 4570; x_wconf 80' lang='lat' dir='ltr'><strong>glorificaverunt,</strong></span> <span class='ocrx_word' id='word_1_718' title='bbox 788 4490 869 4551; x_wconf 90' lang='lat' dir='ltr'><strong>iusto</strong></span> <span class='ocrx_word' id='word_1_719' title='bbox 885 4484 941 4549; x_wconf 83' lang='lat' dir='ltr'><strong>Ilei</strong></span> <span class='ocrx_word' id='word_1_720' title='bbox 987 4488 1040 4565; x_wconf 85' lang='lat' dir='ltr'><strong>ligi</strong></span> <span class='ocrx_word' id='word_1_721' title='bbox 1058 4487 1109 4548; x_wconf 90' lang='lat' dir='ltr'><strong>itta</strong></span> <span class='ocrx_word' id='word_1_722' title='bbox 1127 4486 1247 4563; x_wconf 92' lang='lat' dir='ltr'><strong>petitio,</strong></span> <span class='ocrx_word' id='word_1_723' title='bbox 1264 4485 1425 4548; x_wconf 69' lang='lat' dir='ltr'><strong>uidemini</strong></span> <span class='ocrx_word' id='word_1_724' title='bbox 1438 4485 1590 4563; x_wconf 75' lang='lat' dir='ltr'><strong>Regnum</strong></span> <span class='ocrx_word' id='word_1_725' title='bbox 1602 4484 1858 4557; x_wconf 84' lang='lat' dir='ltr'><strong>tuum,uuouiam</strong></span> 
     </span>
     <span class='ocr_line' id='line_1_52' title="bbox 73 4567 1860 4648; baseline -0.001 -18"><span class='ocrx_word' id='word_1_726' title='bbox 73 4568 190 4630; x_wconf 89' lang='lat' dir='ltr'><strong>iudicio</strong></span> <span class='ocrx_word' id='word_1_727' title='bbox 205 4572 414 4634; x_wconf 87' lang='lat' dir='ltr'><strong>damnationis</strong></span> <span class='ocrx_word' id='word_1_728' title='bbox 428 4581 574 4636; x_wconf 88' lang='lat' dir='ltr'><strong>aeternae</strong></span> <span class='ocrx_word' id='word_1_729' title='bbox 587 4574 775 4636; x_wconf 89' lang='lat' dir='ltr'><strong>senteutiam</strong></span> <span class='ocrx_word' id='word_1_730' title='bbox 788 4587 850 4634; x_wconf 93' lang='lat' dir='ltr'><strong>uon</strong></span> <span class='ocrx_word' id='word_1_731' title='bbox 867 4568 943 4631; x_wconf 87' lang='lat' dir='ltr'><strong>eiiu-</strong></span> <span class='ocrx_word' id='word_1_732' title='bbox 987 4570 1047 4632; x_wconf 92' lang='lat' dir='ltr'><strong>hoc</strong></span> <span class='ocrx_word' id='word_1_733' title='bbox 1062 4570 1205 4648; x_wconf 82' lang='lat' dir='ltr'><strong>Regnum</strong></span> <span class='ocrx_word' id='word_1_734' title='bbox 1221 4583 1348 4647; x_wconf 86' lang='lat' dir='ltr'><strong>semper</strong></span> <span class='ocrx_word' id='word_1_735' title='bbox 1361 4567 1429 4634; x_wconf 85' lang='lat' dir='ltr'><strong>luit,</strong></span> <span class='ocrx_word' id='word_1_736' title='bbox 1446 4574 1479 4630; x_wconf 92' lang='lat' dir='ltr'><strong>et</strong></span> <span class='ocrx_word' id='word_1_737' title='bbox 1493 4569 1574 4643; x_wconf 80' lang='lat' dir='ltr'><strong>erit3</strong></span> <span class='ocrx_word' id='word_1_738' title='bbox 1598 4583 1701 4646; x_wconf 85' lang='lat' dir='ltr'><strong>nequo</strong></span> <span class='ocrx_word' id='word_1_739' title='bbox 1715 4581 1796 4645; x_wconf 91' lang='lat' dir='ltr'><strong>opus</strong></span> <span class='ocrx_word' id='word_1_740' title='bbox 1811 4575 1860 4629; x_wconf 85' lang='lat' dir='ltr'><strong>est</strong></span> 
     </span>
     <span class='ocr_line' id='line_1_53' title="bbox 74 4650 1856 4732; baseline -0.001 -18"><span class='ocrx_word' id='word_1_741' title='bbox 74 4659 197 4732; x_wconf 91' lang='lat' dir='ltr'><strong>gernut.</strong></span> <span class='ocrx_word' id='word_1_742' title='bbox 212 4651 337 4729; x_wconf 79' lang='lat' dir='ltr'><strong>Reliqui</strong></span> <span class='ocrx_word' id='word_1_743' title='bbox 350 4655 482 4720; x_wconf 80' lang='lat' dir='ltr'><strong>Dnuduo</strong></span> <span class='ocrx_word' id='word_1_744' title='bbox 496 4657 563 4719; x_wconf 81' lang='lat' dir='ltr'><strong>lieo</strong></span> <span class='ocrx_word' id='word_1_745' title='bbox 578 4657 738 4719; x_wconf 91' lang='lat' dir='ltr'><strong>humiliter</strong></span> <span class='ocrx_word' id='word_1_746' title='bbox 748 4651 897 4722; x_wconf 91' lang='lat' dir='ltr'><strong>subiecti,</strong></span> <span class='ocrx_word' id='word_1_747' title='bbox 911 4658 943 4714; x_wconf 93' lang='lat' dir='ltr'><strong>ct</strong></span> <span class='ocrx_word' id='word_1_748' title='bbox 986 4652 1084 4715; x_wconf 86' lang='lat' dir='ltr'><strong>alien</strong></span> <span class='ocrx_word' id='word_1_749' title='bbox 1100 4657 1206 4725; x_wconf 89' lang='lat' dir='ltr'><strong>petere</strong></span> <span class='ocrx_word' id='word_1_750' title='bbox 1228 4655 1263 4714; x_wconf 92' lang='lat' dir='ltr'><strong>ut</strong></span> <span class='ocrx_word' id='word_1_751' title='bbox 1281 4650 1405 4726; x_wconf 89' lang='lat' dir='ltr'><strong>veniat,</strong></span> <span class='ocrx_word' id='word_1_752' title='bbox 1430 4651 1514 4726; x_wconf 80' lang='lat' dir='ltr'><strong>quod</strong></span> <span class='ocrx_word' id='word_1_753' title='bbox 1536 4650 1575 4713; x_wconf 93' lang='lat' dir='ltr'><strong>ab</strong></span> <span class='ocrx_word' id='word_1_754' title='bbox 1598 4651 1725 4713; x_wconf 87' lang='lat' dir='ltr'><strong>exordio</strong></span> <span class='ocrx_word' id='word_1_755' title='bbox 1747 4651 1856 4714; x_wconf 91' lang='lat' dir='ltr'><strong>mundi</strong></span> 
     </span>
     <span class='ocr_line' id='line_1_54' title="bbox 75 4732 1861 4815; baseline 0.001 -20"><span class='ocrx_word' id='word_1_756' title='bbox 75 4736 125 4812; x_wconf 92' lang='lat' dir='ltr'><strong>pia</strong></span> <span class='ocrx_word' id='word_1_757' title='bbox 143 4735 290 4798; x_wconf 87' lang='lat' dir='ltr'><strong>charitate</strong></span> <span class='ocrx_word' id='word_1_758' title='bbox 305 4738 465 4802; x_wconf 89' lang='lat' dir='ltr'><strong>coniuncti</strong></span> <span class='ocrx_word' id='word_1_759' title='bbox 477 4739 681 4802; x_wconf 89' lang='lat' dir='ltr'><strong>beatitudinis</strong></span> <span class='ocrx_word' id='word_1_760' title='bbox 697 4737 826 4815; x_wconf 79' lang='lat' dir='ltr'><strong>&#39;gloriam</strong></span> <span class='ocrx_word' id='word_1_761' title='bbox 839 4735 941 4814; x_wconf 90' lang='lat' dir='ltr'><strong>adepti</strong></span> <span class='ocrx_word' id='word_1_762' title='bbox 986 4735 1082 4797; x_wconf 90' lang='lat' dir='ltr'><strong>veuit.</strong></span> <span class='ocrx_word' id='word_1_763' title='bbox 1099 4733 1240 4812; x_wconf 83' lang='lat' dir='ltr'><strong>Regnum</strong></span> <span class='ocrx_word' id='word_1_764' title='bbox 1256 4732 1373 4812; x_wconf 90' lang='lat' dir='ltr'><strong>gratiae</strong></span> <span class='ocrx_word' id='word_1_765' title='bbox 1389 4734 1466 4795; x_wconf 93' lang='lat' dir='ltr'><strong>illud</strong></span> <span class='ocrx_word' id='word_1_766' title='bbox 1484 4739 1609 4811; x_wconf 71' lang='lat' dir='ltr'><strong>estque</strong></span> <span class='ocrx_word' id='word_1_767' title='bbox 1624 4733 1711 4795; x_wconf 88' lang='lat' dir='ltr'><strong>Deus</strong></span> <span class='ocrx_word' id='word_1_768' title='bbox 1723 4747 1780 4804; x_wconf 93' lang='lat' dir='ltr'><strong>per</strong></span> <span class='ocrx_word' id='word_1_769' title='bbox 1791 4749 1861 4811; x_wconf 89' lang='lat' dir='ltr'><strong>gra·</strong></span> 
     </span>
     <span class='ocr_line' id='line_1_55' title="bbox 76 4815 1855 4900; baseline -0.001 -21"><span class='ocrx_word' id='word_1_770' title='bbox 76 4823 227 4894; x_wconf 88' lang='lat' dir='ltr'><strong>perpetuo</strong></span> <span class='ocrx_word' id='word_1_771' title='bbox 240 4833 311 4880; x_wconf 91' lang='lat' dir='ltr'><strong>eum</strong></span> <span class='ocrx_word' id='word_1_772' title='bbox 329 4823 565 4900; x_wconf 79' lang='lat' dir='ltr'><strong>landantatnue</strong></span> <span class='ocrx_word' id='word_1_773' title='bbox 577 4820 774 4884; x_wconf 79' lang='lat' dir='ltr'><strong>sanctificant</strong></span> <span class='ocrx_word' id='word_1_774' title='bbox 786 4819 941 4888; x_wconf 90' lang='lat' dir='ltr'><strong>diceutes,</strong></span> <span class='ocrx_word' id='word_1_775' title='bbox 988 4817 1059 4880; x_wconf 91' lang='lat' dir='ltr'><strong>tiam</strong></span> <span class='ocrx_word' id='word_1_776' title='bbox 1075 4823 1183 4896; x_wconf 89' lang='lat' dir='ltr'><strong>regnat</strong></span> <span class='ocrx_word' id='word_1_777' title='bbox 1197 4817 1229 4879; x_wconf 93' lang='lat' dir='ltr'><strong>in</strong></span> <span class='ocrx_word' id='word_1_778' title='bbox 1243 4815 1391 4878; x_wconf 88' lang='lat' dir='ltr'><strong>cordibus</strong></span> <span class='ocrx_word' id='word_1_779' title='bbox 1406 4816 1543 4892; x_wconf 90' lang='lat' dir='ltr'><strong>priorum</strong></span> <span class='ocrx_word' id='word_1_780' title='bbox 1559 4862 1567 4885; x_wconf 90' lang='lat'><strong>,</strong></span> <span class='ocrx_word' id='word_1_781' title='bbox 1591 4831 1689 4890; x_wconf 82' lang='lat' dir='ltr'><strong>eaque</strong></span> <span class='ocrx_word' id='word_1_782' title='bbox 1705 4815 1797 4894; x_wconf 84' lang='lat' dir='ltr'><strong>regit,</strong></span> <span class='ocrx_word' id='word_1_783' title='bbox 1819 4833 1855 4880; x_wconf 89' lang='lat' dir='ltr'><strong>an</strong></span> 
     </span>
     <span class='ocr_line' id='line_1_56' title="bbox 77 4898 1860 4978; baseline -0.002 -14"><span class='ocrx_word' id='word_1_784' title='bbox 77 4900 373 4978; x_wconf 63' lang='lat' dir='ltr'><strong>succrecsmrcrm</strong></span> <span class='ocrx_word' id='word_1_785' title='bbox 390 4902 803 4970; x_wconf 83' lang='lat' dir='ltr'><strong>Seucteslinminuslleua</strong></span> <span class='ocrx_word' id='word_1_786' title='bbox 818 4900 944 4965; x_wconf 80' lang='lat' dir='ltr'><strong>amerci-</strong></span> <span class='ocrx_word' id='word_1_787' title='bbox 988 4901 1189 4972; x_wconf 89' lang='lat' dir='ltr'><strong>moderatur,</strong></span> <span class='ocrx_word' id='word_1_788' title='bbox 1220 4915 1257 4961; x_wconf 90' lang='lat' dir='ltr'><strong>nc</strong></span> <span class='ocrx_word' id='word_1_789' title='bbox 1286 4913 1362 4961; x_wconf 88' lang='lat' dir='ltr'><strong>suec</strong></span> <span class='ocrx_word' id='word_1_790' title='bbox 1392 4898 1514 4961; x_wconf 84' lang='lat' dir='ltr'><strong>divinae</strong></span> <span class='ocrx_word' id='word_1_791' title='bbox 1546 4898 1695 4961; x_wconf 90' lang='lat' dir='ltr'><strong>voluntati</strong></span> <span class='ocrx_word' id='word_1_792' title='bbox 1724 4899 1860 4962; x_wconf 89' lang='lat' dir='ltr'><strong>suaviter</strong></span> 
     </span>
     <span class='ocr_line' id='line_1_57' title="bbox 76 4981 1858 5066; baseline -0.002 -18"><span class='ocrx_word' id='word_1_793' title='bbox 76 4993 182 5048; x_wconf 86' lang='lat' dir='ltr'><strong>tuem.</strong></span> <span class='ocrx_word' id='word_1_794' title='bbox 198 4983 263 5048; x_wconf 90' lang='lat' dir='ltr'><strong>Soli</strong></span> <span class='ocrx_word' id='word_1_795' title='bbox 281 4994 399 5050; x_wconf 90' lang='lat' dir='ltr'><strong>restent</strong></span> <span class='ocrx_word' id='word_1_796' title='bbox 414 4989 584 5060; x_wconf 79' lang='lat' dir='ltr'><strong>homines,</strong></span> <span class='ocrx_word' id='word_1_797' title='bbox 612 5003 744 5065; x_wconf 83' lang='lat' dir='ltr'><strong>cuorum</strong></span> <span class='ocrx_word' id='word_1_798' title='bbox 761 5001 834 5066; x_wconf 88' lang='lat' dir='ltr'><strong>pars</strong></span> <span class='ocrx_word' id='word_1_799' title='bbox 848 4985 942 5064; x_wconf 89' lang='lat' dir='ltr'><strong>louge</strong></span> <span class='ocrx_word' id='word_1_800' title='bbox 987 4983 1140 5060; x_wconf 82' lang='lat' dir='ltr'><strong>subiicit3</strong></span> <span class='ocrx_word' id='word_1_801' title='bbox 1162 4983 1201 5044; x_wconf 93' lang='lat' dir='ltr'><strong>de</strong></span> <span class='ocrx_word' id='word_1_802' title='bbox 1223 4997 1285 5061; x_wconf 90' lang='lat' dir='ltr'><strong>quc</strong></span> <span class='ocrx_word' id='word_1_803' title='bbox 1307 4981 1414 5058; x_wconf 90' lang='lat' dir='ltr'><strong>Regno</strong></span> <span class='ocrx_word' id='word_1_804' title='bbox 1438 4981 1575 5059; x_wconf 84' lang='lat' dir='ltr'><strong>loquitur</strong></span> <span class='ocrx_word' id='word_1_805' title='bbox 1589 4981 1769 5058; x_wconf 92' lang='lat' dir='ltr'><strong>Apostolus,</strong></span> <span class='ocrx_word' id='word_1_806' title='bbox 1787 4998 1858 5045; x_wconf 90' lang='lat' dir='ltr'><strong>oum</strong></span> 
     </span>
     <span class='ocr_line' id='line_1_58' title="bbox 77 5063 1855 5143; baseline -0.001 -15"><span class='ocrx_word' id='word_1_807' title='bbox 77 5068 205 5129; x_wconf 87' lang='lat' dir='ltr'><strong>maxima</strong></span> <span class='ocrx_word' id='word_1_808' title='bbox 221 5066 364 5133; x_wconf 88' lang='lat' dir='ltr'><strong>libertate</strong></span> <span class='ocrx_word' id='word_1_809' title='bbox 386 5070 504 5134; x_wconf 90' lang='lat' dir='ltr'><strong>arbitrii</strong></span> <span class='ocrx_word' id='word_1_810' title='bbox 527 5087 590 5133; x_wconf 95' lang='lat' dir='ltr'><strong>ucu</strong></span> <span class='ocrx_word' id='word_1_811' title='bbox 613 5071 696 5134; x_wconf 93' lang='lat' dir='ltr'><strong>bene</strong></span> <span class='ocrx_word' id='word_1_812' title='bbox 712 5074 860 5140; x_wconf 89' lang='lat' dir='ltr'><strong>utentes,</strong></span> <span class='ocrx_word' id='word_1_813' title='bbox 878 5081 942 5128; x_wconf 93' lang='lat' dir='ltr'><strong>non</strong></span> <span class='ocrx_word' id='word_1_814' title='bbox 987 5065 1042 5128; x_wconf 88' lang='lat' dir='ltr'><strong>nit:</strong></span> <span class='ocrx_word' id='word_1_815' title='bbox 1057 5065 1190 5143; x_wconf 79' lang='lat' dir='ltr'><strong>Eripuit</strong></span> <span class='ocrx_word' id='word_1_816' title='bbox 1199 5080 1259 5127; x_wconf 84' lang='lat' dir='ltr'><strong>uos</strong></span> <span class='ocrx_word' id='word_1_817' title='bbox 1271 5065 1312 5128; x_wconf 85' lang='lat' dir='ltr'><strong>de</strong></span> <span class='ocrx_word' id='word_1_818' title='bbox 1322 5069 1480 5141; x_wconf 85' lang='lat' dir='ltr'><strong>potestate</strong></span> <span class='ocrx_word' id='word_1_819' title='bbox 1495 5063 1751 5134; x_wconf 61' lang='lat' dir='ltr'><strong>rememoraverat</strong></span> <span class='ocrx_word' id='word_1_820' title='bbox 1765 5069 1855 5128; x_wconf 78' lang='lat' dir='ltr'><strong>treta·</strong></span> 
     </span>
     <span class='ocr_line' id='line_1_59' title="bbox 77 5145 1859 5232; baseline -0.003 -19"><span class='ocrx_word' id='word_1_821' title='bbox 77 5155 172 5230; x_wconf 86' lang='lat' dir='ltr'><strong>agunt</strong></span> <span class='ocrx_word' id='word_1_822' title='bbox 186 5151 224 5213; x_wconf 92' lang='lat' dir='ltr'><strong>nd</strong></span> <span class='ocrx_word' id='word_1_823' title='bbox 240 5154 322 5222; x_wconf 88' lang='lat' dir='ltr'><strong>uund</strong></span> <span class='ocrx_word' id='word_1_824' title='bbox 340 5155 435 5216; x_wconf 90' lang='lat' dir='ltr'><strong>creati</strong></span> <span class='ocrx_word' id='word_1_825' title='bbox 451 5163 546 5230; x_wconf 87' lang='lat' dir='ltr'><strong>suut;</strong></span> <span class='ocrx_word' id='word_1_826' title='bbox 570 5159 602 5218; x_wconf 88' lang='lat' dir='ltr'><strong>et</strong></span> <span class='ocrx_word' id='word_1_827' title='bbox 623 5153 764 5232; x_wconf 85' lang='lat' dir='ltr'><strong>quamvis</strong></span> <span class='ocrx_word' id='word_1_828' title='bbox 786 5166 849 5213; x_wconf 93' lang='lat' dir='ltr'><strong>nou</strong></span> <span class='ocrx_word' id='word_1_829' title='bbox 865 5147 948 5212; x_wconf 88' lang='lat' dir='ltr'><strong>dealt</strong></span> <span class='ocrx_word' id='word_1_830' title='bbox 992 5149 1084 5212; x_wconf 84' lang='lat' dir='ltr'><strong>alulit</strong></span> <span class='ocrx_word' id='word_1_831' title='bbox 1096 5148 1135 5210; x_wconf 85' lang='lat' dir='ltr'><strong>in</strong></span> <span class='ocrx_word' id='word_1_832' title='bbox 1144 5148 1294 5227; x_wconf 79' lang='lat' dir='ltr'><strong>linguent</strong></span> <span class='ocrx_word' id='word_1_833' title='bbox 1308 5145 1371 5223; x_wconf 77' lang='lat' dir='ltr'><strong>hiii</strong></span> <span class='ocrx_word' id='word_1_834' title='bbox 1385 5147 1569 5210; x_wconf 82' lang='lat' dir='ltr'><strong>dilectionis</strong></span> <span class='ocrx_word' id='word_1_835' title='bbox 1580 5163 1673 5210; x_wconf 85' lang='lat' dir='ltr'><strong>auce.</strong></span> <span class='ocrx_word' id='word_1_836' title='bbox 1696 5148 1803 5225; x_wconf 85' lang='lat' dir='ltr'><strong>lieqne</strong></span> <span class='ocrx_word' id='word_1_837' title='bbox 1819 5149 1859 5209; x_wconf 90' lang='lat' dir='ltr'><strong>de</strong></span> 
     </span>
     <span class='ocr_line' id='line_1_60' title="bbox 78 5229 1860 5324; baseline -0.001 -30"><span class='ocrx_word' id='word_1_838' title='bbox 78 5233 173 5311; x_wconf 84' lang='lat' dir='ltr'><strong>gratia</strong></span> <span class='ocrx_word' id='word_1_839' title='bbox 189 5233 248 5297; x_wconf 86' lang='lat' dir='ltr'><strong>liei</strong></span> <span class='ocrx_word' id='word_1_840' title='bbox 262 5236 438 5306; x_wconf 86' lang='lat' dir='ltr'><strong>excitando,</strong></span> <span class='ocrx_word' id='word_1_841' title='bbox 456 5237 644 5306; x_wconf 87' lang='lat' dir='ltr'><strong>adiuvando,</strong></span> <span class='ocrx_word' id='word_1_842' title='bbox 667 5233 886 5303; x_wconf 89' lang='lat' dir='ltr'><strong>illuminando,</strong></span> <span class='ocrx_word' id='word_1_843' title='bbox 903 5237 947 5293; x_wconf 90' lang='lat' dir='ltr'><strong>ta·</strong></span> <span class='ocrx_word' id='word_1_844' title='bbox 993 5232 1053 5294; x_wconf 90' lang='lat' dir='ltr'><strong>boo</strong></span> <span class='ocrx_word' id='word_1_845' title='bbox 1065 5231 1173 5308; x_wconf 87' lang='lat' dir='ltr'><strong>Regno</strong></span> <span class='ocrx_word' id='word_1_846' title='bbox 1188 5229 1452 5324; x_wconf 77' lang='lat' dir='ltr'><strong>videturiuteiiigi</strong></span> <span class='ocrx_word' id='word_1_847' title='bbox 1466 5244 1562 5307; x_wconf 90' lang='lat' dir='ltr'><strong>posse</strong></span> <span class='ocrx_word' id='word_1_848' title='bbox 1582 5229 1678 5302; x_wconf 90' lang='lat' dir='ltr'><strong>illud,</strong></span> <span class='ocrx_word' id='word_1_849' title='bbox 1700 5229 1860 5292; x_wconf 86' lang='lat' dir='ltr'><strong>Adoeuiot</strong></span> 
     </span>
     <span class='ocr_line' id='line_1_61' title="bbox 79 5311 1859 5395; baseline -0.001 -17"><span class='ocrx_word' id='word_1_850' title='bbox 79 5331 148 5379; x_wconf 90' lang='lat' dir='ltr'><strong>meu</strong></span> <span class='ocrx_word' id='word_1_851' title='bbox 163 5317 248 5380; x_wconf 90' lang='lat' dir='ltr'><strong>insto</strong></span> <span class='ocrx_word' id='word_1_852' title='bbox 263 5317 317 5380; x_wconf 80' lang='lat' dir='ltr'><strong>liei</strong></span> <span class='ocrx_word' id='word_1_853' title='bbox 331 5319 451 5382; x_wconf 87' lang='lat' dir='ltr'><strong>iudicio</strong></span> <span class='ocrx_word' id='word_1_854' title='bbox 467 5319 568 5381; x_wconf 91' lang='lat' dir='ltr'><strong>traditi</strong></span> <span class='ocrx_word' id='word_1_855' title='bbox 586 5320 617 5382; x_wconf 93' lang='lat' dir='ltr'><strong>in</strong></span> <span class='ocrx_word' id='word_1_856' title='bbox 634 5318 802 5395; x_wconf 89' lang='lat' dir='ltr'><strong>reprobum</strong></span> <span class='ocrx_word' id='word_1_857' title='bbox 816 5330 945 5379; x_wconf 88' lang='lat' dir='ltr'><strong>sensum</strong></span> <span class='ocrx_word' id='word_1_858' title='bbox 994 5315 1146 5394; x_wconf 75' lang='lat' dir='ltr'><strong>Repetam</strong></span> <span class='ocrx_word' id='word_1_859' title='bbox 1166 5321 1272 5376; x_wconf 84' lang='lat' dir='ltr'><strong>tuum.</strong></span> <span class='ocrx_word' id='word_1_860' title='bbox 1301 5311 1461 5390; x_wconf 80' lang='lat' dir='ltr'><strong>Siquidem</strong></span> <span class='ocrx_word' id='word_1_861' title='bbox 1488 5312 1548 5375; x_wconf 89' lang='lat' dir='ltr'><strong>boc</strong></span> <span class='ocrx_word' id='word_1_862' title='bbox 1573 5314 1714 5393; x_wconf 85' lang='lat' dir='ltr'><strong>Regnum</strong></span> <span class='ocrx_word' id='word_1_863' title='bbox 1741 5313 1859 5390; x_wconf 87' lang='lat' dir='ltr'><strong>gratiae</strong></span> 
     </span>
     <span class='ocr_line' id='line_1_62' title="bbox 80 5393 1859 5480; baseline -0.004 -18"><span class='ocrx_word' id='word_1_864' title='bbox 80 5399 220 5462; x_wconf 84' lang='lat' dir='ltr'><strong>serviunt</strong></span> <span class='ocrx_word' id='word_1_865' title='bbox 240 5408 401 5466; x_wconf 88' lang='lat' dir='ltr'><strong>creaturae</strong></span> <span class='ocrx_word' id='word_1_866' title='bbox 414 5403 529 5480; x_wconf 91' lang='lat' dir='ltr'><strong>potius,</strong></span> <span class='ocrx_word' id='word_1_867' title='bbox 546 5417 638 5480; x_wconf 84' lang='lat' dir='ltr'><strong>qnam</strong></span> <span class='ocrx_word' id='word_1_868' title='bbox 656 5401 806 5476; x_wconf 73' lang='lat' dir='ltr'><strong>eresloch</strong></span> <span class='ocrx_word' id='word_1_869' title='bbox 822 5415 882 5462; x_wconf 89' lang='lat' dir='ltr'><strong>uro</strong></span> <span class='ocrx_word' id='word_1_870' title='bbox 895 5398 948 5460; x_wconf 91' lang='lat' dir='ltr'><strong>de·</strong></span> <span class='ocrx_word' id='word_1_871' title='bbox 995 5400 1100 5476; x_wconf 88' lang='lat' dir='ltr'><strong>eoepit</strong></span> <span class='ocrx_word' id='word_1_872' title='bbox 1114 5396 1153 5459; x_wconf 93' lang='lat' dir='ltr'><strong>ab</strong></span> <span class='ocrx_word' id='word_1_873' title='bbox 1169 5397 1295 5476; x_wconf 91' lang='lat' dir='ltr'><strong>origine</strong></span> <span class='ocrx_word' id='word_1_874' title='bbox 1311 5393 1431 5464; x_wconf 92' lang='lat' dir='ltr'><strong>mnudi,</strong></span> <span class='ocrx_word' id='word_1_875' title='bbox 1449 5393 1532 5458; x_wconf 90' lang='lat' dir='ltr'><strong>sicut</strong></span> <span class='ocrx_word' id='word_1_876' title='bbox 1544 5401 1576 5457; x_wconf 90' lang='lat' dir='ltr'><strong>et</strong></span> <span class='ocrx_word' id='word_1_877' title='bbox 1590 5394 1730 5458; x_wconf 82' lang='lat' dir='ltr'><strong>Christus</strong></span> <span class='ocrx_word' id='word_1_878' title='bbox 1744 5393 1859 5458; x_wconf 91' lang='lat' dir='ltr'><strong>dicitnr</strong></span> 
     </span>
     <span class='ocr_line' id='line_1_63' title="bbox 83 5476 1857 5564; baseline -0.002 -21"><span class='ocrx_word' id='word_1_879' title='bbox 83 5493 154 5546; x_wconf 87' lang='lat' dir='ltr'><strong>suut</strong></span> <span class='ocrx_word' id='word_1_880' title='bbox 169 5485 222 5560; x_wconf 82' lang='lat' dir='ltr'><strong>uui</strong></span> <span class='ocrx_word' id='word_1_881' title='bbox 236 5499 308 5546; x_wconf 89' lang='lat' dir='ltr'><strong>cum</strong></span> <span class='ocrx_word' id='word_1_882' title='bbox 323 5486 421 5548; x_wconf 86' lang='lat' dir='ltr'><strong>Deum</strong></span> <span class='ocrx_word' id='word_1_883' title='bbox 439 5489 655 5564; x_wconf 88' lang='lat' dir='ltr'><strong>cognoscant,</strong></span> <span class='ocrx_word' id='word_1_884' title='bbox 673 5500 736 5547; x_wconf 94' lang='lat' dir='ltr'><strong>non</strong></span> <span class='ocrx_word' id='word_1_885' title='bbox 753 5483 836 5546; x_wconf 89' lang='lat' dir='ltr'><strong>sicut</strong></span> <span class='ocrx_word' id='word_1_886' title='bbox 849 5481 946 5545; x_wconf 84' lang='lat' dir='ltr'><strong>heum</strong></span> <span class='ocrx_word' id='word_1_887' title='bbox 993 5482 1102 5560; x_wconf 89' lang='lat' dir='ltr'><strong>Agnus</strong></span> <span class='ocrx_word' id='word_1_888' title='bbox 1115 5479 1241 5543; x_wconf 88' lang='lat' dir='ltr'><strong>occisus</strong></span> <span class='ocrx_word' id='word_1_889' title='bbox 1255 5479 1294 5540; x_wconf 91' lang='lat' dir='ltr'><strong>ab</strong></span> <span class='ocrx_word' id='word_1_890' title='bbox 1308 5476 1431 5556; x_wconf 88' lang='lat' dir='ltr'><strong>origine</strong></span> <span class='ocrx_word' id='word_1_891' title='bbox 1446 5476 1640 5556; x_wconf 83' lang='lat' dir='ltr'><strong>mundi‚uuia</strong></span> <span class='ocrx_word' id='word_1_892' title='bbox 1658 5491 1713 5553; x_wconf 90' lang='lat' dir='ltr'><strong>per</strong></span> <span class='ocrx_word' id='word_1_893' title='bbox 1727 5482 1857 5540; x_wconf 87' lang='lat' dir='ltr'><strong>mortem</strong></span> 
     </span>
     <span class='ocr_line' id='line_1_64' title="bbox 79 5558 1860 5646; baseline -0.002 -18"><span class='ocrx_word' id='word_1_894' title='bbox 79 5563 263 5645; x_wconf 81' lang='lat' dir='ltr'><strong>glorificant:</strong></span> <span class='ocrx_word' id='word_1_895' title='bbox 281 5583 385 5646; x_wconf 79' lang='lat' dir='ltr'><strong>uacua</strong></span> <span class='ocrx_word' id='word_1_896' title='bbox 401 5567 494 5631; x_wconf 90' lang='lat' dir='ltr'><strong>etiam</strong></span> <span class='ocrx_word' id='word_1_897' title='bbox 506 5566 691 5646; x_wconf 80' lang='lat' dir='ltr'><strong>desuntcui</strong></span> <span class='ocrx_word' id='word_1_898' title='bbox 707 5568 815 5630; x_wconf 89' lang='lat' dir='ltr'><strong>dicunt</strong></span> <span class='ocrx_word' id='word_1_899' title='bbox 826 5579 863 5628; x_wconf 89' lang='lat' dir='ltr'><strong>se</strong></span> <span class='ocrx_word' id='word_1_900' title='bbox 875 5575 946 5628; x_wconf 85' lang='lat' dir='ltr'><strong>uns·</strong></span> <span class='ocrx_word' id='word_1_901' title='bbox 995 5565 1066 5627; x_wconf 90' lang='lat' dir='ltr'><strong>eius</strong></span> <span class='ocrx_word' id='word_1_902' title='bbox 1081 5563 1254 5643; x_wconf 87' lang='lat' dir='ltr'><strong>praevisam</strong></span> <span class='ocrx_word' id='word_1_903' title='bbox 1270 5560 1339 5624; x_wconf 90' lang='lat' dir='ltr'><strong>duta</strong></span> <span class='ocrx_word' id='word_1_904' title='bbox 1354 5564 1403 5624; x_wconf 85' lang='lat' dir='ltr'><strong>eat</strong></span> <span class='ocrx_word' id='word_1_905' title='bbox 1449 5560 1507 5622; x_wconf 89' lang='lat' dir='ltr'><strong>etia</strong></span> <span class='ocrx_word' id='word_1_906' title='bbox 1522 5559 1688 5630; x_wconf 89' lang='lat' dir='ltr'><strong>omnibus,</strong></span> <span class='ocrx_word' id='word_1_907' title='bbox 1712 5559 1764 5637; x_wconf 91' lang='lat' dir='ltr'><strong>qui</strong></span> <span class='ocrx_word' id='word_1_908' title='bbox 1780 5558 1814 5622; x_wconf 91' lang='lat' dir='ltr'><strong>in</strong></span> <span class='ocrx_word' id='word_1_909' title='bbox 1827 5577 1860 5625; x_wconf 88' lang='lat' dir='ltr'><strong>o·</strong></span> 
     </span>
     <span class='ocr_line' id='line_1_65' title="bbox 80 5642 1861 5732; baseline -0.004 -18"><span class='ocrx_word' id='word_1_910' title='bbox 80 5647 347 5728; x_wconf 73' lang='lat' dir='ltr'><strong>subcumbatis</strong></span> <span class='ocrx_word' id='word_1_911' title='bbox 362 5656 465 5718; x_wconf 89' lang='lat' dir='ltr'><strong>autem</strong></span> <span class='ocrx_word' id='word_1_912' title='bbox 481 5650 730 5732; x_wconf 82' lang='lat' dir='ltr'><strong>negantllornm</strong></span> <span class='ocrx_word' id='word_1_913' title='bbox 746 5648 841 5732; x_wconf 88' lang='lat' dir='ltr'><strong>igitur</strong></span> <span class='ocrx_word' id='word_1_914' title='bbox 855 5663 949 5713; x_wconf 88' lang='lat' dir='ltr'><strong>eausa</strong></span> <span class='ocrx_word' id='word_1_915' title='bbox 995 5645 1124 5712; x_wconf 89' lang='lat' dir='ltr'><strong>mnibus</strong></span> <span class='ocrx_word' id='word_1_916' title='bbox 1138 5643 1293 5711; x_wconf 89' lang='lat' dir='ltr'><strong>aetatibus</strong></span> <span class='ocrx_word' id='word_1_917' title='bbox 1312 5642 1386 5708; x_wconf 89' lang='lat' dir='ltr'><strong>lusti</strong></span> <span class='ocrx_word' id='word_1_918' title='bbox 1424 5648 1549 5709; x_wconf 91' lang='lat' dir='ltr'><strong>uerunt.</strong></span> <span class='ocrx_word' id='word_1_919' title='bbox 1575 5642 1716 5722; x_wconf 86' lang='lat' dir='ltr'><strong>Regnum</strong></span> <span class='ocrx_word' id='word_1_920' title='bbox 1742 5643 1861 5723; x_wconf 89' lang='lat' dir='ltr'><strong>gloriae</strong></span> 
     </span>
    </p>
   </div>
   <div class='ocr_carea' id='block_1_3' title="bbox 0 0 2081 6258">
    <p class='ocr_par' dir='ltr' id='par_1_3' title="bbox 0 0 2081 6258">
     <span class='ocr_line' id='line_1_66' title="bbox 0 0 2081 6258; baseline 0 0"><span class='ocrx_word' id='word_1_921' title='bbox 0 0 2081 6258; x_wconf 95' lang='lat' dir='ltr'><strong> </strong></span> 
     </span>
    </p>
   </div>
  </div>
 </body>
</html>
