4080 6252
328 337 381 398 tte
924 333 970 390 DE
990 331 1088 390 diliis
1107 330 1203 391 BENE
1221 333 1401 394 laoniensi

255 489 323 537 rom
337 470 508 553 sapientiae
522 488 599 537 suae
614 468 831 550 procurat‚nisi
848 474 880 530 ut
890 482 982 530 nemo
998 453 1130 530 eiecto-'
1156 468 1252 546 fierit,
1269 473 1300 532 et
1315 487 1393 547 quae
1408 476 1478 532 ante
1495 471 1622 548 primam
1640 474 1768 532 mortem
1782 465 1876 531 levia
1895 469 1932 526 et
1945 465 2020 530 venia

254 572 322 619 rum
338 557 448 619 audeat
463 559 512 620 rel
527 557 565 620 ad
581 559 769 619 momentum
797 551 829 613 in
854 552 918 613 tutu
935 549 1053 630 peccati
1069 552 1111 611 te·
1157 552 1195 613 iia
1209 552 1422 624 arbitrabatur,
1436 560 1555 634 gustata
1567 553 1673 616 mortis
1687 549 1911 615 amaritudine
1924 547 2020 611 iudica

254 639 348 702 thatis
363 641 505 703 haerere.
523 637 654 702 Proinde
674 687 681 716 ‚
700 637 751 716 qui
768 636 844 697 haec
860 633 961 714 legis,
985 636 1010 696 si
1034 633 1110 694 torte
1157 636 1197 696 nit
1209 651 1280 699 esse
1294 640 1476 717 gravissima
1494 644 1524 700 et
1538 639 1724 716 dignamuae
1740 633 1932 713 lachrymis
1946 651 2020 695 anno

254 724 443 786 conscientia
461 723 579 802 peccati
593 719 731 784 mortalis
745 726 849 781 contra
861 725 889 779 te
903 716 1110 778 testimouium
1157 734 1224 781 rum
1241 721 1404 782 duodecim
1429 719 1635 798 expiarentur.
1653 721 1708 782 llic
1735 727 1782 782 cst
1809 719 1925 798 igitur
1948 733 2020 782 scrut

256 806 350 880 dicat,
366 824 427 870 non
445 809 558 869 audeas
573 806 655 868 diem
671 803 839 866 crastinum
855 806 1027 878 expectare.
1051 801 1112 861 imo
1158 807 1401 887 commentarius
1417 807 1578 868 verborum
1594 802 1789 882 scripturae,
1819 818 1916 880 quac
1943 801 2011 863 dicit

255 904 359 967 neque
374 893 547 969 praesentis
561 890 621 950 diei
640 889 686 950 rel
702 889 794 950 horae
809 884 902 946 tinem
920 884 1110 962 praestolari,
1156 885 1334 951 Memorare
1347 889 1526 952 nouissimo
1538 895 1595 950 tuo
1608 894 1637 950 et
1648 889 1685 952 a'n
1697 891 1879 950 aeternnm
1888 901 2020 964 nonpec

253 973 328 1050 quin
344 975 452 1036 satiem
464 969 558 1036 corde
571 974 703 1036 contrito
716 978 746 1034 et
759 967 921 1033 humiliato
934 982 1035 1029 coram
1049 965 1111 1033 beo
1157 971 1257 1034 cobis.
1272 968 1371 1054 (iicet.
1389 971 1434 1054 i.)
1453 971 1488 1034 Et
1505 974 1529 1033 si
1546 977 1693 1050 perpetua
1720 971 1912 1034 recordatio
1945 971 2020 1034 unrul

254 1065 415 1135 peccatum
433 1065 517 1118 tuum
534 1059 709 1120 detesteris.
1158 1070 1194 1117 ex
1210 1056 1387 1118 novissimis
1404 1063 1461 1116 tam
1479 1056 1595 1134 grande
1612 1057 1732 1117 tucrum
1746 1055 1854 1116 attulit
1871 1052 2020 1116 Eunuchi

297 1140 398 1202 Tertia
413 1143 622 1202 consideratio
638 1157 700 1202 non
716 1139 819 1202 minus
835 1138 918 1201 utilis
934 1137 1035 1215 erit‚si
1051 1155 1111 1200 ma·
1156 1138 1215 1209 itti.
1230 1146 1261 1200 ut
1278 1155 1331 1217 per
1347 1141 1566 1218 poenitentiam
1584 1155 1732 1200 annorum
1746 1137 1929 1199 duodecim
1950 1140 2020 1200 rede

255 1240 295 1286 no
311 1231 472 1302 antequam
489 1227 525 1285 ad
541 1225 663 1304 negotia
677 1223 784 1285 diurna
798 1222 1049 1302 progrediariset
1064 1239 1112 1283 ve·
1158 1224 1248 1284 merit
1260 1238 1390 1302 poenam
1406 1223 1568 1301 gehennae
1584 1224 1802 1300 sempiternam
1833 1228 1869 1282 el
1895 1221 2020 1285 lucram

254 1323 346 1386 spere
361 1311 524 1384 antequam
540 1311 577 1368 ad
593 1323 735 1370 somnum
752 1308 934 1382 capiendum
951 1313 1112 1384 tecompu·
1155 1305 1246 1368 luerit
1261 1306 1385 1384 gloriam
1402 1308 1488 1384 regni
1506 1307 1645 1382 perpetui
1665 1352 1672 1376 ,
1699 1306 1772 1383 quid
1789 1304 1920 1366 iaceret
1950 1303 2020 1382 iugis

256 1406 323 1464 nas,
341 1407 380 1451 ne
397 1390 473 1452 torte
491 1407 574 1452 mors
590 1393 760 1452 adveniens
778 1398 806 1452 te
822 1390 1000 1468 imparatum
1017 1388 1112 1452 oileu-
1158 1394 1304 1452 mernoria
1320 1389 1560 1452 novissimorum.
1572 1396 1724 1468 quatuor,
1748 1387 1874 1462 hortis,
1895 1387 2020 1453 iudicii;

254 1472 563 1546 dat‚conscientiam
596 1481 676 1537 tuam
705 1472 869 1552 diiigenter
891 1473 1056 1548 discutias,
1074 1491 1110 1534 an
1158 1471 1670 1549 GehcnnaeetparadisilUtinam
1687 1469 2020 1551 m‘utttcognoscerent

254 1557 327 1632 quid
345 1563 436 1619 nocte
453 1559 613 1634 praeterita
630 1558 678 1618 ret
695 1559 744 1618 die
760 1558 898 1633 proxime
920 1563 1024 1619 exacto
1042 1574 1111 1636 ege·
1158 1565 1188 1617 et
1203 1560 1333 1636 experiri
1350 1557 1464 1620 retient
1479 1555 1787 1633 compendium-tucri
1806 1554 1926 1617 huius.

251 1641 308 1716 ris,
325 1641 407 1717 quod
424 1640 782 1719 peccatum,praesertim
799 1640 912 1701 lethale
927 1640 1023 1701 rideri
1038 1657 1109 1719 pos·

252 1722 305 1785 sit:
322 1724 392 1784 etsi
410 1724 488 1785 nihil
504 1723 722 1796 inveniaslleo
738 1724 889 1785 bonorum
906 1727 1043 1785 omnium
1060 1741 1112 1786 au·

251 1806 326 1870 olori
342 1806 456 1886 gratias
471 1825 555 1887 agos,
573 1809 621 1870 sin
639 1816 740 1870 eutem
757 1804 913 1868 inveneris
926 1807 1040 1884 alicuid
1058 1807 1114 1869 ad·
1517 1777 1598 1842 CAP·
1621 1776 1662 1840 Π·

251 1905 360 1952 sersus
376 1889 472 1952 Deum
490 1891 671 1960 admissum,
689 1891 770 1953 serio
783 1897 812 1952 et
828 1906 865 1952 ex
877 1890 970 1964 cordc
983 1890 1112 1969 ingemi-

251 1989 333 2042 scas.
351 1974 493 2051 etprimo
505 1990 629 2052 quoque
647 1981 784 2052 tempore
801 1975 838 2035 ad
856 1973 953 2053 podes
969 1975 1110 2037 sacerdo·
1157 1969 1202 2032 De
1214 1967 1632 2048 secundoproeceplodrla's
1646 1967 1905 2031 benemoriemdi
1917 1967 2017 2029 meina

250 2054 290 2119 tis
305 2056 380 2119 iilud
397 2055 586 2120 conlitearis:
603 2066 631 2120 et
647 2057 821 2136 impositam
847 2058 989 2118 mulctam
1014 2057 1109 2120 tiben·
1217 2056 1416 2128 tammonis,
1433 2054 1521 2132 quod
1536 2060 1580 2115 est
1595 2053 1771 2116 deiudioe'u
1787 2059 1957 2115 emtrenao.

250 2143 298 2202 ter
312 2139 459 2216 accipias,
473 2149 504 2202 et
519 2139 651 2204 lideliter
667 2143 791 2202 reddas.
808 2139 868 2201 Ista
891 2141 969 2202 ratio
986 2142 1035 2202 bis
1049 2143 1106 2202 sat·

251 2228 313 2284 tom
325 2221 359 2285 in
374 2221 425 2285 die
441 2225 636 2287 examinandi
653 2225 874 2286 conscientiam
890 2222 1017 2285 mirilico
1034 2227 1112 2286 iurat
1199 2221 1335 2282 Alterum
1353 2223 1554 2286 novissimum
1571 2230 1619 2286 est
1630 2221 1883 2298 iudicium,quod
1902 2218 2017 2298 quidem

251 2312 285 2368 ut
300 2321 383 2368 mors
399 2323 566 2384 numquam
583 2323 641 2370 nos
657 2309 791 2370 inveniat
805 2305 984 2384 imparatos.
1162 2306 1276 2382 duplex
1292 2312 1449 2366 eslmnnm
1463 2307 1724 2384 particulare,quo
1740 2305 1890 2384 singulae
1907 2304 2017 2366 animae

292 2388 402 2460 Quarta
419 2391 626 2453 consideratio
648 2407 709 2453 non
734 2388 836 2452 minus
854 2388 937 2450 utilis
953 2408 1042 2464 quam
1060 2409 1110 2454 su·
1157 2389 1331 2450 iudicantur
1345 2390 1447 2450 statim
1462 2409 1497 2450 ac
1513 2391 1552 2453 de
1568 2405 1696 2467 corpore
1712 2389 1869 2451 exierunt.
1890 2387 2015 2447 atterum

251 2472 405 2551 puriores,
421 2472 472 2534 illa
489 2481 549 2544 est,
573 2477 663 2536 cuius
687 2472 825 2537 meminit
852 2471 1111 2538 Ecclesiasticus:
1156 2473 1322 2550 generale,
1350 2474 1432 2550 quod
1450 2471 1500 2535 ilet
1516 2475 1546 2534 in
1565 2473 1733 2536 novissimo
1757 2472 1822 2534 die.
1848 2469 2015 2544 Utrumque

250 2555 292 2618 ln
316 2555 467 2618 omnibns
487 2556 638 2635 operibus
653 2561 715 2621 inis
738 2571 921 2620 memorare
935 2559 1114 2620 nouissima
1159 2556 1305 2617 horribile
1321 2561 1351 2616 et
1362 2557 1552 2618 tremendum
1570 2558 1657 2618 ratde
1671 2553 1945 2633 impiismmahitc,
1961 2555 2014 2632 gio·

248 2643 319 2712 luo,
344 2641 609 2710 etinueternum
635 2658 704 2704 non
729 2639 887 2720 peccabis.
914 2640 1048 2722 (Eccles.
1065 2641 1111 2717 3.)
1159 2639 1272 2700 riosum
1289 2638 1388 2700 iustis.
1411 2639 1455 2701 llo
1478 2649 1607 2718 utruque
1633 2647 1747 2702 attente
1774 2647 1803 2701 et
1832 2637 2012 2715 saepissima

250 2721 318 2796 Quo
334 2729 425 2798 pacto
443 2725 524 2784 euim
541 2741 672 2803 peccare
691 2729 848 2801 potentin
867 2725 929 2786 ulto
947 2742 1041 2801 opere
1057 2741 1114 2786 suo
1158 2725 1290 2800 cogitare
1308 2723 1504 2784 utilissimum
1522 2726 1633 2798 estiis,
1651 2724 1702 2800 qui
1718 2722 1853 2784 leticiler
1870 2722 1952 2782 mori
1971 2739 2010 2780 cn

251 2804 304 2882 qui
321 2805 471 2882 quidquid
489 2806 562 2885 agit,
581 2808 728 2884 expendit
744 2809 779 2870 ad
799 2807 940 2868 trutinam
959 2809 1051 2870 divini
1069 2811 1110 2867 in·
1160 2807 1257 2882 ploni.
1274 2805 1419 2866 Futurum
1434 2815 1534 2868 autem
1552 2810 1695 2868 indicium
1711 2805 1932 2883 particulares
1947 2821 2013 2864 mor·

251 2888 336 2964 dicit,
355 2890 437 2965 quod
454 2889 485 2949 in
503 2897 600 2952 morte
616 2891 685 2952 flet?
700 2890 765 2952 Huc
784 2891 916 2966 pertinet
932 2891 1111 2952 memorabi·
1159 2897 1187 2950 te
1204 2889 1462 2965 uniuscuiusque,
1478 2891 1591 2952 nemini
1609 2890 1748 2951 dubitare
1764 2889 1861 2954 licet.
1882 2905 1956 2949 cum
1972 2889 2012 2947 ad·

248 2971 279 3033 le
294 2970 369 3033 ittud
386 2972 501 3033 dictum
517 2975 652 3036 hominis
665 2975 714 3036 bis
732 2975 853 3036 mortui.
869 2978 957 3036 cuius
974 2977 1114 3035 meminit
1159 2989 1266 3033 versus
1283 2973 1456 3034 haereticos
1473 2975 1502 3035 in
1520 2975 1652 3036 concilio
1678 2972 1860 3034 Florentino
1886 2971 2012 3033 declara·

249 3054 387 3116 loannes
404 3053 570 3130 climacus,
590 3058 620 3117 in
637 3075 692 3119 sue
710 3057 810 3130 Scala,
836 3057 934 3118 Gradu
953 3063 1050 3119 sexto.
1066 3058 1115 3120 Sic
1160 3062 1220 3116 tum
1237 3057 1276 3116 sit
1290 3072 1355 3122 eos.
1374 3059 1425 3135 qui
1443 3067 1569 3134 peccato
1585 3058 1702 3118 mortali
1729 3055 1883 3134 inquinati
1905 3072 1943 3116 er
1966 3055 2010 3114 baa

250 3143 352 3199 autem
370 3139 518 3215 loquitur:
534 3140 606 3202 Non
622 3144 767 3204 omittam
779 3139 1031 3210 soliterir'a'lllns.
1057 3142 1115 3220 qui
1158 3139 1215 3199 rita
1232 3139 1398 3220 decedunt,
1416 3157 1483 3202 mox
1500 3141 1536 3202 ad
1556 3141 1729 3219 gehennam
1748 3139 1830 3218 ignis
1847 3139 2012 3200 descende·

249 3223 286 3284 in
299 3219 420 3284 Gborob
436 3220 615 3296 ltebilubub
632 3225 752 3302 referre
768 3223 949 3284 bialora'om.
973 3223 1114 3288 Blesum
1160 3238 1192 3283 re
1209 3238 1275 3298 eos,
1294 3223 1344 3298 qni
1362 3223 1430 3284 sine
1446 3224 1536 3302 culpa
1552 3225 1728 3298 lethati,sed
1746 3241 1815 3284 cum
1829 3223 1940 3284 debito
1953 3239 2013 3300 poc

248 3304 308 3366 diu
322 3303 603 3384 negligentissime
618 3307 965 3387 eiecisset.nullcnrqne
981 3311 1114 3369 animae
1159 3321 1216 3366 nae
1233 3306 1410 3382 temporalis
1427 3310 1620 3376 moriuntur.
1637 3309 1674 3368 nd
1691 3307 1909 3384 purgatorium
1927 3306 2012 3379 duci;

248 3403 329 3450 strae
345 3403 461 3450 curam
476 3388 618 3466 heberei,
636 3389 746 3455 morbo
761 3394 894 3452 tandem
909 3390 1116 3469 comprehen-
1159 3389 1230 3450 iilos
1245 3389 1447 3466 denique‚‹rui
1466 3398 1533 3467 post
1549 3397 1728 3468 susceptum
1741 3389 1898 3469 baptisma
1912 3388 2012 3450 immn-

249 3487 304 3534 sns
320 3472 364 3534 od
377 3479 525 3534 contremo
540 3475 698 3538 deductos
711 3483 766 3549 est3
778 3489 917 3554 cumque
931 3476 1000 3535 lom
1016 3491 1116 3536 ecor-
1160 3489 1217 3533 nes
1233 3489 1247 3532 a
1265 3470 1353 3547 eulpa
1372 3480 1401 3534 et
1417 3474 1521 3537 debito
1538 3489 1657 3549 poenae
1673 3473 1885 3546 inveniuntur,
1906 3474 1937 3532 in
1954 3489 2013 3534 coe·

132 3611 136 3621 s
246 3571 326 3634 pore
339 3555 480 3633 perfecte
501 3557 694 3636 migrasset,
720 3563 790 3634 post
812 3573 915 3618 unum
946 3557 1059 3619 borum
1074 3560 1113 3620 im
1159 3557 1221 3617 tum
1239 3555 1276 3616 ad
1293 3563 1449 3618 aeternam
1464 3557 1639 3619 teiicitatem
1651 3564 1778 3633 repente
1792 3556 2012 3626 conscendere,

250 3639 395 3716 seipsum
405 3638 691 3721 rediit‚oruuitque
705 3657 764 3703 nos
781 3645 939 3702 omnesne
953 3642 1114 3719 indepro·
1159 3638 1207 3710 (S.
1227 3638 1333 3700 iham.
1352 3641 1389 3700 a'n
1404 3639 1434 3702 l.
1452 3642 1484 3702 d.
1501 3640 1552 3704 li.
1566 3641 1753 3703 Dominicus
1769 3657 1790 3702 o
1807 3639 1882 3704 Solo
1899 3643 1937 3701 in
1953 3639 2012 3702 lc.

250 3721 339 3782 lines
364 3721 611 3786 obscederemus
626 3771 633 3788 .
646 3731 686 3785 ⁴et
710 3725 811 3786 cellae
831 3723 925 3784 editu
950 3724 1115 3802 lapidibus
1160 3719 1227 3798 lh.)
1244 3719 1399 3784 Credibile
1416 3729 1515 3784 autem
1532 3729 1590 3798 est,
1609 3732 1640 3785 ul
1655 3724 1803 3804 Thuringi
1821 3725 2014 3788 docentsen·

247 3803 609 3881 obslrnciopermunsit
624 3808 714 3872 intus
731 3809 827 3868 annis
844 3807 1116 3874 duodecimnulli
1161 3805 1288 3866 tenlinm
1306 3804 1416 3867 Christi
1435 3807 1616 3884 iudicis‚rei
1634 3824 1688 3884 per
1704 3809 1838 3882 Angelos
1854 3807 2013 3890 significari

251 3887 387 3949 omnino
401 3889 586 3967 quidquem
601 3891 810 3970 loquensmec
827 3891 922 3951 aliud
935 3892 1116 3969 quidquem
1160 3888 1207 3949 rei
1222 3889 1376 3951 mentibus
1389 3890 1522 3969 ipsarum
1536 3907 1705 3954 animarum
1719 3892 1807 3952 alleo
1820 3891 2013 3967 revelari‚sed

249 3975 383 4049 praeter
396 3986 518 4048 penem
535 3977 564 4033 et
576 3989 699 4050 uqeum
712 3975 900 4050 deposcens.
919 3973 1039 4034 Sedens
1056 3991 1113 4035 car·
1162 3973 1228 4048 pias
1256 3971 1374 4032 animas
1391 3974 1608 4037 comitantibus
1630 3975 1756 4054 Angelis
1779 3975 1825 4036 rei
1843 3978 1879 4035 ad
1897 3977 2012 4038 coelun

252 4062 315 4115 tem
328 4069 368 4116 ec
380 4060 520 4122 tontum.
537 4071 622 4134 quoe
636 4057 671 4119 in
689 4073 825 4120 successu
838 4055 978 4126 uiderat,
999 4059 1115 4119 alloni·
1160 4057 1330 4116 ascendere
1347 4058 1393 4117 vet
1411 4060 1448 4118 ad
1466 4059 1674 4138 purgatorium
1693 4059 1898 4122 descendere.
1917 4075 2013 4138 repro·

251 4144 302 4199 lua
316 4135 587 4217 noluebutsolque
607 4142 645 4200 in
660 4139 708 4203 bis
731 4142 813 4202 adeo
828 4135 979 4218 floruerat
995 4143 1115 4219 cupite·
1160 4137 1268 4198 burum
1294 4155 1364 4200 sero
1381 4159 1395 4200 a
1413 4141 1618 4202 daemonibus
1640 4143 1719 4217 rapi,
1744 4149 1772 4202 et
1790 4142 1819 4202 in
1844 4143 2011 4220 gehennam

251 4227 299 4292 lu,
316 4225 353 4282 ul
373 4227 557 4300 numqaum
571 4225 698 4286 uultum
712 4225 973 4298 immutaret,sed
987 4239 1115 4300 sempor
1160 4221 1325 4282 deturbari.
1342 4223 1405 4284 Hoc
1423 4225 1568 4285 iudicium
1587 4227 1616 4286 in
1634 4231 1789 4286 momentu
1806 4224 1871 4285 heri
1896 4233 2011 4302 potest.

250 4303 297 4366 sie
311 4305 470 4366 attonitus
489 4307 676 4382 perdurans
700 4305 1026 4386 uinr'luchrymarnm
1052 4309 1111 4384 ser·
1159 4305 1228 4382 qnia
1245 4321 1393 4380 praesens
1411 4308 1629 4386 adest-iudex3
1658 4309 1709 4384 qui
1736 4325 1805 4368 eum
1832 4310 1873 4369 sit
1889 4309 1972 4372 lleus
1988 4315 2012 4369 et

251 4388 397 4450 nentium
413 4389 1019 4466 tacitusprofunderetdumueror'am
1031 4407 1112 4454 mor·
1161 4391 1265 4454 borno.
1283 4390 1453 4451 seeundum
1482 4392 1607 4451 iormam
1635 4391 1770 4452 huminis
1796 4394 1900 4453 omnia
1927 4393 2011 4454 norit.

251 4472 568 4550 reassumimus,
589 4483 686 4552 rupto
710 4491 748 4536 ee
769 4475 931 4552 patefacto
956 4477 1050 4535 odilu
1065 4477 1112 4536 in·
1159 4471 1326 4532 Verissimc
1339 4473 1419 4534 enim
1434 4491 1461 4534 s.
1478 4474 1585 4535 Petrus
1599 4472 1720 4535 Christo
1734 4475 1820 4534 dixit:
1837 4475 1972 4538 Domine
1984 4483 2012 4536 to

252 4556 354 4634 presel
365 4571 490 4616 sumes:
507 4571 645 4636 eumque
662 4558 702 4620 oh
721 4557 778 4619 illo
801 4558 968 4620 doctrinae
984 4557 1113 4620 uerbum
1159 4559 1271 4616 omnio
1285 4557 1381 4616 nosti.
1399 4555 1508 4638 (loun.
1525 4557 1591 4632 21).
1607 4557 1700 4619 Adest
1716 4565 1887 4633 accusator,
1906 4561 1956 4632 uui
1972 4564 2011 4619 est

249 4638 412 4715 supplices
426 4638 652 4714 inquiremus,
671 4642 730 4703 hoe
745 4641 785 4704 ob
810 4642 866 4702 illu
888 4643 1112 4705 tantummodo
1160 4639 1314 4700 diabotus.
1333 4641 1384 4714 qui
1401 4641 1512 4701 dicitur
1524 4641 1554 4700 in
1571 4641 1753 4718 Apocatgpsi
1770 4643 2010 4718 uccusulorfrc·

252 4719 454 4783 audiuimus:
469 4721 565 4784 Nemo
582 4724 640 4802 qni
659 4741 774 4786 renero
796 4725 907 4786 mortis
922 4725 1113 4786 memorium
1160 4727 1246 4782 trum
1262 4729 1458 4792 nostrornm:
1476 4724 1622 4800 (Apocol.
1637 4721 1689 4804 ta)
1712 4731 1741 4784 et
1757 4729 1890 4785 accurrit
1906 4727 1942 4786 ad
1957 4743 2009 4786 mo·

252 4805 421 4882 agnouerit
439 4852 446 4881 ,
461 4821 600 4882 peccare
622 4824 782 4888 umquem
795 4809 923 4885 poterit:
948 4808 1025 4869 haec
1045 4807 1112 4870 itte.
1160 4805 1323 4867 rihundos.
1342 4815 1373 4866 ut
1389 4807 1491 4883 iupus,
1510 4806 1559 4868 vel
1572 4809 1631 4867 leo.
1646 4809 1694 4868 rot
1708 4809 1793 4871 canis
1809 4809 1846 4869 ad
1864 4811 2009 4886 praedam.

253 4885 437 4951 Considerel
450 4889 563 4954 lector.
580 4891 660 4952 hanc
676 4892 837 4954 historiam
851 4907 935 4966 esse,
953 4907 1014 4954 non
1030 4891 1111 4953 tahu·
1158 4888 1253 4950 Adest
1267 4889 1368 4964 testis,
1386 4891 1574 4953 conscientia
1592 4892 1723 4955 animae.
1742 4907 1905 4968 quaecum
1923 4912 1937 4953 a
1953 4909 2008 4953 cor·

253 4968 325 5036 lam.
343 4977 373 5032 et
388 4973 426 5032 ah
440 4971 494 5034 illo
507 4971 655 5050 scriptam
673 4977 724 5053 qui
742 4982 772 5036 el
786 4975 831 5035 vir
846 4981 973 5036 sanctus
988 4981 1064 5051 erat,
1083 4981 1111 5035 et
1158 4987 1232 5050 pore
1249 4973 1347 5033 solnta
1363 4981 1426 5049 est,
1452 4990 1512 5035 non
1530 4974 1663 5050 amplius
1679 4971 1740 5034 falti
1759 4982 1862 5051 potest
1879 4979 2008 5056 ignoran-

251 5053 378 5130 scripsit
394 5072 472 5131 qnae
488 5057 621 5134 propriis
637 5058 736 5120 oculis
752 5056 847 5132 sidit,
865 5065 895 5120 el
909 5057 1044 5136 propriis
1061 5077 1110 5119 au·
1157 5057 1198 5117 tia
1215 5055 1261 5114 rel
1285 5055 1451 5120 oblivione.
1470 5058 1524 5117 sed
1543 5057 1668 5136 penitus
1684 5072 1718 5119 se
1730 5057 1796 5134 ipsa
1815 5063 2009 5137 cognoscite

252 5134 339 5197 ribus
354 5137 480 5200 audivit.
1159 5137 1240 5198 uidet
1254 5155 1291 5198 sn
1308 5141 1347 5200 sit
1360 5147 1441 5214 grata
1459 5140 1532 5212 beo,
1555 5138 1598 5202 ael
1613 5139 1677 5202 Deo
1694 5157 1797 5202 exosa.
1818 5141 1926 5220 ltaque
1943 5144 2009 5203 nihil

293 5218 338 5283 Ex
354 5222 520 5299 quo‘luoile
533 5228 580 5285 est
596 5222 892 5301 intelligendorum
910 5225 1057 5284 momenti
1074 5225 1113 5284 sit
1158 5220 1297 5298 impedit,
1316 5222 1481 5297 quominus
1496 5223 1647 5284 iudicium
1665 5224 1722 5284 hoc
1740 5225 1841 5300 statim
1859 5226 1922 5299 bat,
1946 5235 2008 5289 ete·

252 5308 381 5366 mortem
399 5305 549 5382 meditari,
567 5311 598 5368 et
613 5307 680 5368 eius
694 5306 898 5382 praesenliam
917 5322 1111 5383 numquanra
1158 5303 1312 5365 reculioni
1324 5305 1563 5388 mandetur.liuc
1581 5310 1680 5386 tamen
1697 5307 1849 5369 indicium
1869 5310 2008 5389 privatum

251 5387 397 5449 memoria
414 5402 469 5447 sua
487 5388 651 5464 repellere.
668 5388 723 5451 Hic
739 5392 821 5451 enim
840 5389 1001 5468 negligens
1024 5397 1111 5450 antea
1160 5388 1218 5448 dici
1237 5395 1348 5465 potest.
1365 5388 1392 5448 si
1417 5389 1630 5451 consideratur
1652 5407 1721 5450 carm
1738 5389 1854 5454 iudicio
1872 5396 1952 5470 quod
1969 5395 2009 5455 liet

252 5469 350 5531 luerat
365 5469 395 5531 in
413 5470 512 5532 salute
524 5486 577 5530 sua
595 5475 783 5550 quaerenda,
808 5474 863 5535 sed
880 5487 917 5534 er
934 5489 1042 5552 magna
1057 5471 1112 5534 Dei
1159 5471 1189 5532 in
1206 5471 1256 5532 die
1274 5469 1452 5540 novissimo,
1470 5475 1550 5547 quod
1567 5475 1623 5535 erit
1639 5473 1799 5550 publicum
1813 5482 1843 5536 et
1861 5480 2006 5556 generale,

252 5552 465 5615 misericordia
481 5559 609 5615 mortem
626 5556 759 5633 gustarit
774 5563 804 5619 el
821 5571 986 5634 resurgens
1004 5575 1017 5617 a
1036 5573 1115 5617 mur·
1162 5570 1262 5616 curam
1278 5553 1422 5615 omnibus
1438 5555 1563 5616 omnino
1581 5557 1705 5634 Angelis
1722 5564 1750 5619 ct
1766 5558 1959 5632 hominibus.

252 5634 327 5728 tuis,
345 5651 401 5714 per
416 5652 516 5699 annos
531 5636 694 5699 duodecim
713 5646 841 5700 mortem
860 5642 984 5701 assidue
1002 5641 1115 5718 cogita·
1202 5638 1262 5699 Sed
1280 5637 1434 5698 reddenda
1452 5644 1499 5700 est
1516 5639 1651 5700 breuiter
1664 5642 1750 5710 ratio,
1767 5659 1823 5704 cur
1836 5646 2010 5708 accessesit

251 5720 306 5792 nrt,
323 5725 354 5780 et
368 5717 460 5782 simut
478 5720 645 5802 lachrymis
661 5722 816 5785 continuis
837 5729 962 5802 peccalo
989 5739 1043 5785 sua
1060 5727 1112 5784 de·
1164 5721 1274 5784 iterum
1290 5721 1420 5784 iudicari
1436 5735 1503 5796 eos,
1518 5722 1571 5800 qui
1586 5729 1659 5786 sunt
1671 5723 1730 5786 iam
1748 5741 1810 5788 non
1826 5730 1928 5794 solum
1945 5729 2010 5792 iudi·
