4056 6260
295 295 349 358 scs
465 267 467 273 '
855 295 904 354 aa
921 295 1094 359 amaena
1111 297 1329 366 sumamma

222 429 445 499 decernimus?
465 434 497 492 ct
519 444 615 509 quare
628 429 744 494 dedisti
757 429 851 493 nobis
866 429 1014 496 iodicium
1028 449 1075 498 ra·
1119 437 1308 507 animumve
1321 439 1608 520 homimsielioiter
1619 435 1757 502 uiuentis
1770 432 1977 516 opmamett

222 520 328 594 ticnis,
344 516 371 579 si
385 513 464 578 haec
477 519 538 576 tam
554 514 709 578 evidentia
722 528 787 576 non
798 514 965 577 ridemus?
1119 520 1218 589 Amor
1232 533 1301 590 erat
1311 525 1565 606 imperturbatus
1575 521 1722 587 imDeum
1732 524 1829 600 atque
1839 523 1925 584 inter
1939 532 1978 584 se
2023 551 2024 578 r

1118 609 1296 688 coniugum
1319 608 1389 686 lida
1403 614 1433 674 et
1445 611 1574 674 sincera
1587 608 1737 670 sacietate
1750 605 1977 674 circationes

570 702 653 766 GAP.
675 699 713 764 X.
1023 735 1025 740 ,
1118 706 1162 754 eat
1175 691 1235 754 ltoc
1250 710 1360 756 amore
1373 695 1501 774 grande
1521 689 1698 772 gaudium,
1719 703 1789 752 mom
1804 688 1978 751 amistcme

1118 777 1208 854 quod
1232 777 1406 842 amabatur
1430 779 1476 840 ad
1497 774 1688 856 puendum.
1711 773 1791 836 brat
1817 769 1975 834 devitatio

1117 861 1299 940 tranquilla
1311 864 1520 942 peccatique
1529 861 1682 922 manente
1693 855 1823 919 nullum
1837 855 1975 918 omnino

1117 942 1255 1008 aliunde
1269 945 1405 1019 malum,
1421 947 1509 1024 qnod
1524 943 1727 1006 contristaret
1740 986 1748 1010 ,
1762 938 1920 1009 irruebat,
1944 939 1978 998 et

1116 1025 1208 1090 intre:
1224 1027 1326 1104 Qum
1338 1031 1441 1109 igitur
1453 1030 1559 1106 felices
1573 1029 1667 1090 crant
1690 1023 1793 1102 pmmi
1813 1022 1975 1094 ioannes,

1118 1113 1176 1191 aui
1191 1116 1220 1173 et
1233 1113 1333 1176 nullis
1348 1113 1560 1190 agitabantur
1573 1106 1875 1188 perturbationibus
1900 1109 1977 1172 ani·
2023 1151 2024 1184 3

260 1199 506 1281 compareamus
520 1199 631 1281 gaudia
647 1199 753 1264 mundi
766 1199 860 1262 huius
870 1215 940 1261 com
954 1197 1073 1280 gaudiis
1117 1211 1256 1272 morum,
1273 1197 1606 1274 etnulliscarparum
1620 1191 1977 1256 laedebanturincom·
2023 1191 2024 1216 l

218 1286 317 1366 Regni
329 1287 495 1348 caelorum:
519 1299 734 1364 comparemus
756 1300 839 1346 nunc
854 1282 987 1346 breviter
1000 1299 1074 1363 gau·
1117 1280 1233 1356 modis,
1248 1287 1313 1342 tum
1326 1279 1411 1355 selim
1421 1282 1577 1344 uniuersa
1587 1278 1722 1338 societas
1732 1279 1811 1337 essm
1824 1275 1977 1339 humana

218 1369 270 1432 dia
286 1368 419 1432 Paradisi
434 1371 588 1431 terrestris
604 1385 672 1432 cum
689 1367 809 1446 gaudiis
823 1365 958 1429 Paradisi
975 1367 1074 1430 caele·
1117 1363 1147 1434 si
1159 1377 1221 1424 noc
1231 1364 1282 1426 illi
1295 1365 1442 1439 malum,
1459 1365 1548 1445 quod
1562 1361 1660 1424 ettam
1674 1359 1710 1421 t'n
1722 1363 1867 1436 posteros
1883 1361 1977 1422 traii-

223 1455 293 1514 stis.
307 1451 423 1526 Quanta
439 1451 550 1516 luerint
566 1451 677 1530 gaudia
693 1450 828 1512 Paradisi
843 1450 1009 1523 terrestris,
1025 1450 1074 1512 ret
1118 1452 1237 1520 carent,
1253 1462 1313 1510 neo
1324 1450 1496 1528 qumquam
1511 1463 1553 1510 eac
1568 1458 1681 1507 aarum
1701 1443 1800 1520 stirpe
1814 1445 1977 1523 iniquita·

221 1553 259 1597 ex
275 1551 312 1597 ec
328 1535 474 1614 cognosci
491 1540 603 1612 potest,
621 1535 703 1612 quad
721 1535 773 1596 ille
788 1541 853 1595 erat
867 1532 954 1611 quasi
967 1533 1074 1595 hortus
1117 1535 1181 1592 tent
1205 1532 1423 1608 committeret,
1446 1547 1530 1612 guae
1546 1525 1791 1592 damnationem
1803 1527 1976 1606 reciperet.

221 1619 400 1680 deliciarum
417 1620 505 1680 datus
528 1618 729 1690 hominihus,
752 1617 803 1695 qui
820 1615 914 1678 creati
934 1622 1021 1678 erant
1035 1616 1074 1679 ad
1117 1612 1200 1676 Haec
1218 1630 1246 1677 s.
1261 1614 1461 1693 Augustinus.
1479 1613 1604 1686 Omitto,
1621 1625 1701 1687 auae
1716 1608 1857 1672 scribunt
1872 1612 1912 1672 da
1928 1610 1978 1672 lu·

220 1703 385 1781 imaginem
399 1708 429 1764 ct
444 1701 676 1764 similitudinem
692 1699 758 1770 Dei,
775 1715 846 1761 cum
861 1700 978 1776 reliqua
993 1705 1074 1762 terra
1116 1697 1255 1759 credibili
1271 1699 1453 1761 amaenitate
1469 1706 1500 1760 et
1520 1692 1726 1760 foecunditate
1751 1691 1888 1755 Paradisi
1911 1699 1977 1755 ter·

218 1785 287 1848 data
305 1801 376 1848 esse
391 1784 598 1846 animantibus
613 1782 723 1846 brutis.
746 1783 833 1844 Unde
848 1783 940 1844 etiam
951 1783 1074 1859 quenda
1118 1781 1224 1843 restris
1240 1779 1383 1844 Claudius
1398 1781 1511 1844 ilarius
1526 1776 1730 1851 victualium
1745 1777 1843 1853 primo
1859 1776 1979 1839 carmi·
2023 1791 2024 1824 2

218 1867 313 1930 Adam
331 1870 487 1946 peccando
503 1869 603 1929 amisit
617 1867 811 1943 honoram,in
825 1882 885 1941 aua
897 1882 913 1926 e
927 1866 990 1928 lieo
1002 1881 1075 1928 con·
1118 1878 1190 1925 num
1208 1863 1412 1945 inQGcnesim
1428 1881 1456 1929 s.
1472 1865 1607 1927 loannes
1621 1859 1833 1922 Damascenis
1849 1859 1930 1922 libro
1943 1859 1976 1924 2.
2023 1873 2024 1900 ff

221 1953 347 2014 stitutus
362 1952 470 2025 iuerat,
488 1955 517 2012 ct
538 1950 649 2014 similis
665 1952 760 2012 iactus
776 1955 823 2011 est
838 1949 983 2012 iumentis
998 1948 1073 2012 insi·
1118 1943 1163 2008 De
1178 1947 1238 2010 lide
1251 1949 1418 2012 orthodoxa
1433 1965 1503 2028 cap.
1516 1946 1569 2011 11.
1583 1943 1755 2008 arsimus
1769 1941 1979 2024 lihituthy-

221 2036 378 2114 picotibus
398 2032 532 2120 (Psalm.
550 2032 616 2113 lb.)
639 2034 677 2094 dc
700 2033 768 2096 loco
784 2033 902 2095 eiectus
916 2036 953 2094 ad
970 2033 1075 2109 lacum,
1116 2031 1317 2110 mologiarum
1332 2047 1402 2109 cap.
1419 2031 1450 2096 3.
1474 2036 1505 2094 et
1518 2024 1847 2111 liupertusTaitieosis
1861 2028 1920 2088 lih.
1938 2027 1970 2094 t.

217 2123 309 2182 utum
325 2119 506 2180 amandatus
522 2116 589 2178 luit.
613 2116 796 2179 liescrihunt
819 2114 993 2177 Paradisum
1010 2121 1070 2178 tere
1117 2113 1148 2174 ln
1163 2113 1320 2190 Genesim,
1336 2133 1406 2196 cap.
1423 2115 1475 2178 dl.

217 2207 346 2264 resirem
369 2208 494 2262 sanctus
514 2197 675 2262 Alchimus
697 2200 803 2262 Avitus
829 2200 860 2259 in
882 2199 1072 2263 carminibus
1159 2197 1217 2260 Sed
1235 2198 1385 2277 quidquid
1401 2200 1442 2262 sit
1457 2199 1496 2262 de
1511 2197 1561 2262 his
1575 2194 1827 2277 particularibus,
1841 2201 1926 2260 certe
1939 2213 1977 2262 cx
2023 2229 2024 2232 ¹

216 2301 311 2364 super
326 2283 493 2352 Genesim,
512 2282 631 2356 etalii,
647 2283 805 2362 regionem
821 2283 1071 2360 amoenissimam
1116 2279 1182 2356 ipsa
1206 2280 1361 2358 Scriptura
1384 2282 1559 2360 colligimus
1584 2281 1654 2344 sinc
1684 2279 1779 2342 dubio
1803 2281 1976 2345 beatiorem

216 2376 246 2430 et
262 2369 394 2430 maxime
411 2373 631 2441 temperatam,
657 2366 708 2428 ubi
724 2382 783 2428 nan
801 2373 904 2428 ureret
918 2366 1002 2428 calor
1022 2383 1073 2428 ae·
1116 2378 1186 2426 eom
1202 2363 1303 2426 lacum
1320 2366 1429 2442 luisse,
1447 2382 1536 2442 auam
1551 2372 1653 2427 nostra
1670 2363 1747 2426 haec
1758 2363 1907 2429 hahitatio
1922 2367 1976 2445 sit;
2023 2411 2024 2420 ,

217 2451 317 2527 statis,
334 2467 393 2511 nec
415 2449 551 2511 laederet
573 2449 685 2512 hiemis
700 2449 808 2527 trigus:
824 2448 880 2509 sed
897 2464 949 2509 rer
964 2465 1073 2527 perpe·
1118 2447 1263 2521 quoniam
1280 2449 1311 2510 iu
1328 2465 1460 2525 paenam
1477 2443 1597 2527 peccati
1609 2447 1726 2512 Adamo
1748 2447 1871 2508 dicitur:
1894 2447 1981 2524 Quia
2023 2429 2024 2514 l

218 2540 302 2596 tuum
318 2533 448 2596 floribus
464 2531 668 2606 exhilararet,
693 2538 723 2594 et
737 2537 902 2594 autumnus
918 2532 1070 2596 tractibus
1117 2532 1241 2594 audisti
1251 2547 1361 2596 uocem
1375 2534 1492 2596 umoris
1504 2537 1592 2603 tuae,
1609 2537 1638 2594 et
1652 2529 1819 2592 comedisti
1832 2532 1873 2593 de
1884 2533 1978 2610 tigno

215 2618 352 2679 omnium
366 2631 516 2696 generum
531 2615 730 2678 redundaret.
753 2615 815 2678 Sed
826 2614 921 2678 ¹verita
937 2615 1005 2677 cius
1020 2633 1072 2678 au·
1117 2629 1160 2676 eac
1174 2631 1237 2694 quo
1248 2632 1479 2695 praeceperam
1494 2616 1552 2679 tibi
1565 2629 1608 2676 ne
1629 2615 1822 2687 comederes,
1837 2615 1978 2678 maledi-

213 2699 358 2764 diamus:
1115 2702 1168 2759 cto
1180 2701 1314 2761 terrain
1329 2715 1424 2778 opere
1441 2707 1506 2764 tua:
1522 2701 1561 2761 in
1582 2695 1745 2781 laboribus
1770 2701 1917 2760 comedes
1932 2715 1978 2763 em

491 2821 494 2827 ·
779 2778 784 2798 '
1116 2784 1243 2844 cunctis
1259 2782 1471 2845 diebusvitae
1487 2792 1574 2846 tuae:
1589 2784 1704 2860 spinas
1719 2786 1749 2842 ot
1763 2779 1895 2843 imbutas
1905 2799 1979 2860 ger-

256 2870 315 2933 Hic
327 2886 386 2932 uer
399 2869 572 2932 assiduum
587 2866 671 2928 caeli
689 2867 860 2930 ommentia
872 2870 988 2929 seruat.
1081 2925 1082 2930 ,
1115 2863 1254 2926 minabit
1269 2866 1338 2929 tihi.
1352 2865 1446 2949 (den.
1461 2864 1507 2946 3.)
1530 2872 1561 2928 et
1583 2864 1705 2927 mulieri
1721 2865 1854 2925 dicitur:
1869 2865 1977 2927 liutti-

255 2953 415 3016 Turbidus
429 2950 545 3014 Auster
566 2951 673 3025 abest,
695 2965 884 3030 semperque
900 2949 967 3013 sub
990 2964 1066 3012 aare
1113 2948 1241 3024 plioaho
1257 2965 1433 3012 carantana
1449 2957 1533 3023 tuas,
1549 2955 1579 3011 ot
1592 2952 1765 3027 conceptus
1776 2949 1903 3009 tuoszia
1917 2951 1976 3011 do·

293 3037 377 3100 sudo
1117 3032 1183 3093 tore
1195 3034 1305 3110 paries
1320 3031 1414 3108 filios,
1425 3039 1455 3094 et
1467 3033 1526 3096 sub
1541 3034 1604 3096 uiri
1614 3032 1769 3111 potestate
1780 3032 1844 3093 eris
1859 3037 1888 3093 et
1902 3034 1976 3110 ipsc

254 3119 372 3183 liubula
387 3116 577 3197 diffupiumt.
593 3118 666 3198 iugi
681 3131 811 3180 cessura
821 3131 946 3179 sereno.
1116 3115 1341 3180 dominabitur
1356 3117 1417 3178 tui.
1433 3116 1468 3178 In
1492 3117 1636 3178 Paradisa
1661 3115 1755 3196 igitur
1776 3129 1838 3176 non
1864 3115 1976 3178 luisset

253 3203 312 3273 dec
322 3204 424 3280 poscit
439 3207 560 3264 natura
574 3201 732 3281 loci,qucs
746 3215 815 3262 mon
829 3196 1070 3278 habet,imbrea;
1115 3200 1261 3262 sterilitas
1275 3205 1385 3272 terrae,
1403 3215 1506 3277 neque
1520 3199 1723 3261 laborandum
1738 3197 1769 3258 in
1785 3213 1823 3258 eo
1835 3199 1969 3260 colenda

254 3283 319 3349 Sed
329 3291 479 3348 contenta
495 3299 554 3346 auo
566 3287 724 3348 dotantur
737 3287 889 3362 germina
902 3298 987 3344 rare.
1116 3281 1236 3355 luisset,
1253 3298 1354 3359 neque
1370 3283 1476 3361 spinas
1501 3290 1532 3344 ct
1554 3284 1683 3344 tribulos
1708 3280 1925 3358 germinasset:
1941 3291 1976 3345 et

253 3369 480 3433 Siccumdesit
493 3368 668 3436 biemsmec
680 3367 808 3429 torrida
819 3367 940 3443 terreat
952 3373 1069 3443 aestas,
1115 3365 1265 3428 mulieres
1289 3383 1353 3428 non
1374 3366 1594 3443 concepissent
1609 3380 1754 3442 umquam
1770 3363 1893 3442 irustra;
1917 3369 1976 3430 sad

252 3451 426 3514 Fructibus
440 3459 631 3526 autumnus,
643 3467 700 3514 ner
712 3447 847 3530 flombm
862 3455 999 3528 occupat
1013 3466 1071 3512 aa·
1114 3464 1224 3511 omncs
1239 3455 1409 3527 conceptus
1424 3458 1529 3529 partus
1545 3464 1631 3526 suos,
1649 3462 1766 3523 eosque
1788 3448 1897 3511 telices
1919 3450 1975 3510 ha·

296 3551 390 3598 num.
1114 3531 1268 3593 huissent:
1285 3538 1316 3595 et
1330 3534 1469 3610 quamvis
1485 3532 1643 3594 subiectae
1660 3531 1732 3593 uiris
1746 3529 1888 3604 luissent,
1907 3548 1972 3594 non

1047 3677 1049 3681 ,
1114 3622 1216 3676 tamen
1232 3616 1394 3693 despotico
1410 3615 1550 3694 imperio,
1575 3617 1631 3678 sed
1658 3613 1739 3678 cirili
1756 3622 1786 3676 et
1800 3615 1974 3677 moderato.

213 3703 345 3768 Sanctus
357 3700 489 3762 Basilius
501 3699 532 3762 in
545 3699 625 3762 lihrc
638 3698 849 3761 ltcParadiso.
861 3698 944 3770 Illic,
958 3698 1069 3776 inquit,
1112 3697 1221 3770 ltcaue
1235 3697 1357 3762 ieliccm
1384 3699 1471 3760 eiiam
1495 3698 1639 3762 homines
1661 3697 1708 3759 itti
1730 3697 1799 3759 sina
1817 3695 1926 3760 timore
1941 3706 1975 3760 et

212 3786 373 3866 plantavit
386 3783 468 3847 Daras
481 3782 751 3852 Paradisummbi
764 3798 834 3845 non
845 3788 890 3843 esi
900 3787 1070 3846 uentorum
1115 3781 1233 3850 dolore,
1250 3784 1319 3844 sine
1335 3780 1440 3845 labore
1453 3789 1484 3844 et
1498 3783 1661 3860 augustiis,
1674 3781 1847 3842 duxissent.

207 3871 375 3940 uiolentia,
388 3884 458 3930 mon
471 3873 653 3945 tcutporum
666 3867 957 3942 immodestia,non
970 3883 1070 3946 gran·
1155 3863 1192 3928 iit
1206 3865 1231 3926 si
1249 3865 1408 3943 paradisus
1425 3867 1579 3928 terrestris
1594 3867 1677 3926 omni
1701 3863 1781 3926 mato
1795 3863 1945 3927 caruisset
1962 3913 1972 3942 ,

212 3955 265 4030 dp,
282 3968 351 4014 reon
371 3951 536 4027 fulmina,
559 3965 628 4012 nan
650 3949 816 4023 turbines,
839 3964 909 4013 non
934 3949 1072 4012 hiberna
1115 3953 1145 4009 et
1162 3949 1265 4010 multis
1283 3949 1464 4028 magnisque
1485 3948 1577 4010 hunis
1600 3947 1810 4010 abundasset:
1836 3948 1909 4024 auid
1932 3951 1975 4010 de

213 4037 392 4115 congelatio
409 4081 417 4108 ‚
439 4050 508 4096 nom
528 4037 612 4096 ueris
628 4033 830 4109 humiditas,
847 4049 916 4096 nom
931 4035 1074 4094 aestiuus
1115 4032 1242 4097 caelesti
1257 4033 1403 4095 Paradiso
1418 4033 1614 4095 sentiendum
1632 4036 1701 4104 erit,
1725 4031 1776 4108 qui
1800 4035 1883 4091 tanto
1898 4047 1975 4095 esse

213 4121 316 4194 calor,
332 4130 402 4181 nan
416 4118 620 4178 autumnalis
635 4116 770 4178 Siocitas
787 4135 795 4176 ε
818 4119 875 4178 scd
896 4122 1075 4196 temperata
1119 4115 1211 4177 dehet
1225 4114 1355 4188 feliciae,
1373 4125 1487 4190 guanto
1502 4121 1550 4176 est
1564 4115 1653 4176 altior
1667 4133 1676 4194 3
1698 4122 1729 4177 ct
1744 4120 1825 4175 tauto
1839 4114 1950 4176 melior
1965 4163 1974 4188 ,

212 4221 252 4266 ac
267 4201 407 4281 pacifica
423 4200 600 4262 concordia
623 4207 803 4277 temporum
818 4201 963 4261 interae.
989 4199 1073 4261 Tem·
1117 4203 1232 4269 auautc
1256 4216 1311 4276 pro
1335 4197 1517 4260 melioribus
1541 4197 1717 4260 institutis?
1739 4197 1874 4260 Altitudo
1894 4200 1975 4260 caeli

208 4303 295 4365 pora
310 4288 399 4347 enim
413 4287 501 4346 circa
515 4284 608 4345 illum
621 4283 727 4344 locum
743 4283 937 4359 tripudiant.
952 4283 1073 4345 imcsi-
1115 4280 1275 4343 Beatcrum
1299 4282 1366 4344 siue
1394 4282 1454 4342 ulla
1480 4281 1710 4359 comparatione
1735 4279 1896 4343 sublimior
1924 4290 1975 4343 cst

211 4370 281 4432 mul
298 4371 395 4430 etiam
412 4365 592 4430 cambanis
615 4368 683 4428 suis
704 4367 851 4443 stipatim
872 4375 1072 4428 concurrunt
1117 4364 1262 4428 Paradiso
1278 4364 1398 4427 Adami:
1415 4372 1446 4426 ct
1467 4365 1611 4425 immines
1634 4365 1768 4426 incaelo
1790 4364 1894 4438 hecti,
1918 4366 1974 4440 aui

209 4456 294 4515 ueris
310 4452 543 4526 iucunditatis,
557 4451 691 4512 aestatis
702 4448 871 4524 alimenta,
896 4457 1071 4512 autnmna·
1118 4464 1247 4524 peccare
1264 4455 1295 4512 el
1309 4449 1385 4509 mari
1399 4463 1459 4508 uon
1477 4456 1619 4524 possunt,
1636 4447 1730 4525 longe
1744 4463 1780 4508 ac
1802 4448 1894 4525 longe
1910 4465 1977 4511 me·

208 4536 247 4598 lis
263 4537 398 4606 laetitia,
416 4533 553 4614 hiberna
569 4534 671 4610 quies.
696 4531 817 4593 Tenues
840 4540 869 4593 et
882 4533 1072 4609 perlucidae
1119 4530 1212 4593 liores
1225 4538 1298 4592 sunt
1312 4531 1423 4593 incolis
1438 4530 1575 4592 Paradisi
1592 4531 1757 4605 terrestris,
1774 4531 1825 4605 aui
1840 4547 1973 4605 peccare

211 4625 289 4682 sunt
302 4617 560 4698 aquae,multam
571 4617 608 4676 in
620 4621 752 4692 aspectu
763 4617 1002 4678 iucunditatem
1015 4616 1072 4676 ha·
1117 4621 1148 4674 et
1164 4614 1240 4676 mori
1256 4619 1406 4691 poteraut.
1419 4613 1498 4675 iliud
1512 4613 1603 4693 igitur
1617 4613 1795 4684 ellicitur‚ut
1809 4613 1974 4676 Paradisus

214 4702 333 4773 bentes,
346 4705 506 4762 maiorem
519 4713 594 4760 uera
615 4697 812 4774 utilitatem,
837 4713 937 4778 quam
957 4699 1073 4760 iacun·
1116 4699 1261 4759 caelestis
1277 4714 1338 4758 non
1355 4693 1455 4760 solum
1469 4699 1551 4758 amni
1568 4696 1649 4758 mala
1671 4703 1783 4766 carcat,
1807 4698 1862 4758 sed
1879 4697 1973 4768 honis

214 4787 361 4858 ditatam,
379 4782 579 4847 adhibentes.
602 4779 697 4842 Prius
713 4782 816 4859 igitur
838 4783 946 4860 ipsum
968 4783 1074 4844 locum
1116 4781 1262 4842 omnihus
1284 4781 1458 4855 redundet,
1481 4781 1550 4842 siue
1573 4780 1802 4858 comparatione
1822 4779 1883 4840 ulla
1899 4781 1973 4858 piu-

213 4871 337 4930 creauit
351 4865 447 4936 Deus,
463 4867 601 4944 dippum
628 4865 832 4943 accipiendis
857 4864 914 4926 Dei
937 4865 1073 4942 plantis.
1117 4863 1204 4925 ribus
1225 4871 1255 4926 et
1271 4863 1451 4936 maioribus,
1475 4879 1564 4938 auam
1587 4879 1622 4924 ca
1646 4871 1764 4937 essent,
1788 4861 1902 4940 quihus
1916 4864 1973 4926 Pa·

213 4950 338 5013 Deinde
352 4950 513 5028 plantanti
541 4951 578 5010 im
602 4949 673 5026 ipso
700 4949 892 5026 omnigenas
919 4946 1074 5010 arborum
1116 4947 1238 5008 radisus
1254 4947 1406 5010 terrestris
1421 4945 1624 5020 redundabat.
1643 4945 1727 5019 Quae
1742 4961 1811 5008 cum
1829 4947 1867 5006 ita
1882 4947 1969 5025 sint,

208 5030 485 5113 pulchritudines,
500 5035 529 5093 et
544 5031 768 5110 gratissimum
789 5035 958 5109 aspectum
978 5038 1007 5092 ct
1021 5035 1071 5092 iu·
1116 5045 1244 5109 agamus
1260 5030 1461 5109 deogratias,
1479 5030 1559 5106 quod
1575 5047 1630 5106 par
1643 5028 1712 5092 Filii
1724 5030 1772 5090 sui
1784 5029 1968 5105 redemptio

210 5116 451 5179 candissimam
462 5114 653 5190 fruitionem
664 5130 724 5193 per
736 5115 825 5192 ipsas
838 5114 986 5192 torpitus.
996 5113 1071 5174 San·
1116 5129 1186 5174 nem
1203 5130 1257 5191 pra
1280 5113 1424 5176 Paradiso
1445 5115 1582 5174 terrestri
1605 5112 1719 5175 inuidia
1740 5111 1855 5174 diahcli
1879 5113 1972 5176 nabis

209 5209 277 5263 ctus
292 5199 483 5278 Augustinus
500 5196 631 5259 inlibris
647 5199 685 5258 de
699 5195 824 5259 Ciuitate
838 5196 891 5260 liei
907 5199 953 5258 sia
964 5198 1003 5257 dc
1014 5197 1068 5258 Pa·
1114 5203 1232 5275 erepta,
1247 5197 1424 5258 Paradisum
1441 5197 1606 5258 caelestem
1622 5197 1715 5276 longe
1736 5194 1906 5257 beatiorem
1930 5199 1970 5259 si·

211 5284 315 5348 radisc
330 5280 467 5343 terrestri
485 5281 630 5357 loquitur:
644 5280 726 5354 (bib.
742 5279 794 5342 it.
810 5297 883 5359 cap.
899 5278 951 5343 tu.
966 5281 1005 5342 da
1022 5279 1068 5342 m·-
1115 5296 1182 5341 mus
1197 5282 1312 5360 adepti:
1329 5285 1359 5340 et
1374 5287 1436 5342 tum
1452 5294 1492 5340 ne
1508 5279 1605 5342 simus
1621 5278 1729 5356 ingrati
1754 5285 1835 5340 tanto
1855 5279 1968 5341 libera·

209 5370 309 5430 uitale
321 5364 408 5440 Dei.)
438 5360 521 5438 Quid
536 5363 647 5428 timere
661 5365 712 5425 oet
727 5363 835 5426 dolere
858 5371 1008 5442 poterant
1019 5364 1071 5424 illi
1115 5365 1170 5424 tori
1186 5409 1195 5439 ,
1211 5369 1274 5425 turn
1292 5377 1330 5424 ne
1346 5363 1476 5438 nosipsi
1494 5361 1584 5425 nobis
1600 5362 1706 5424 hostes
1721 5363 1969 5435 rideamaracn-

209 5451 358 5512 homines
373 5449 411 5510 in
425 5453 590 5508 tantorum
604 5452 696 5509 tanta
710 5445 882 5525 affluentia
896 5448 1065 5522 bonorum,
1115 5445 1278 5509 tendamus
1300 5447 1370 5506 totis
1394 5446 1509 5510 viribus
1532 5446 1569 5507 ad
1596 5445 1762 5507 caelestem
1788 5445 1967 5508 Paradisum

210 5533 267 5594 uhi
280 5548 340 5595 nec
352 5547 437 5594 mars
449 5529 724 5602 metuebaturmec
736 5530 806 5592 ulla
820 5531 963 5606 corporis
976 5530 1068 5591 mala
1113 5530 1226 5592 aditum
1243 5529 1392 5602 invenire,
1410 5544 1543 5603 eumque
1558 5529 1649 5590 uobis
1665 5527 1726 5590 ilde
1740 5531 1882 5606 integra,
1907 5548 1967 5607 spe

212 5616 379 5690 ualetudo,
394 5631 455 5678 nec
467 5613 579 5675 aberat
593 5615 787 5694 quidquam,
804 5614 892 5693 quad
916 5612 1003 5676 boma
1015 5628 1067 5674 uc·
1111 5611 1245 5688 sincera,
1267 5611 1412 5676 charitate
1421 5613 1574 5698 perlecta,
1587 5618 1618 5674 at
1630 5612 1723 5675 honis
1733 5612 1882 5689 operibus
1895 5631 1969 5692 ape·
2023 5685 2024 5700 χ

213 5699 323 5767 luntas
338 5698 585 5778 adipisceretur,
600 5713 661 5762 nec
674 5701 805 5776 inerat,
826 5696 915 5780 quod
935 5711 1067 5768 carnem
1110 5697 1185 5763 rire.
2023 5707 2024 5748 1

334 911 378 980 lle
392 903 635 986 comparatione
646 901 802 966 Paradisi
812 904 967 976 lemosina

529 1004 610 1060 ‘cum
624 987 764 1062 caelesti,
