<?xml version="1.0" encoding="UTF-8"?>
<!DOCTYPE html PUBLIC "-//W3C//DTD XHTML 1.0 Transitional//EN"
    "http://www.w3.org/TR/xhtml1/DTD/xhtml1-transitional.dtd">
<html xmlns="http://www.w3.org/1999/xhtml" xml:lang="en" lang="en">
 <head>
  <title>
</title>
<meta http-equiv="Content-Type" content="text/html;charset=utf-8" />
  <meta name='ocr-system' content='tesseract 3.04.00' />
  <meta name='ocr-capabilities' content='ocr_page ocr_carea ocr_par ocr_line ocrx_word'/>
</head>
<body>
  <div class='ocr_page' id='page_1' title='image "./operaomnia00sforgoog_0431.png"; bbox 0 0 4086 6258; ppageno 0'>
   <div class='ocr_carea' id='block_1_1' title="bbox 294 307 1305 382">
    <p class='ocr_par' dir='ltr' id='par_1_1' title="bbox 294 307 1305 382">
     <span class='ocr_line' id='line_1_1' title="bbox 294 307 1305 382; baseline -0.016 -2"><span class='ocrx_word' id='word_1_1' title='bbox 294 315 346 382; x_wconf 75' lang='lat' dir='ltr'><strong>tte</strong></span> <span class='ocrx_word' id='word_1_2' title='bbox 857 315 905 372; x_wconf 81' lang='lat' dir='ltr'><strong>DE</strong></span> <span class='ocrx_word' id='word_1_3' title='bbox 928 312 1070 372; x_wconf 76' lang='lat' dir='ltr'><strong>SEPTEM</strong></span> <span class='ocrx_word' id='word_1_4' title='bbox 1090 309 1198 371; x_wconf 77' lang='lat' dir='ltr'>VERB.</span> <span class='ocrx_word' id='word_1_5' title='bbox 1219 307 1305 368; x_wconf 89' lang='lat' dir='ltr'><strong>hott.</strong></span> 
     </span>
    </p>
   </div>
   <div class='ocr_carea' id='block_1_2' title="bbox 223 441 2023 2708">
    <p class='ocr_par' dir='ltr' id='par_1_2' title="bbox 223 441 2023 2459">
     <span class='ocr_line' id='line_1_2' title="bbox 226 441 1977 539; baseline -0.011 -14"><span class='ocrx_word' id='word_1_6' title='bbox 226 458 351 525; x_wconf 85' lang='lat' dir='ltr'><strong>nimiam</strong></span> <span class='ocrx_word' id='word_1_7' title='bbox 368 458 513 539; x_wconf 80' lang='lat' dir='ltr'>pluviam,</span> <span class='ocrx_word' id='word_1_8' title='bbox 528 453 743 538; x_wconf 77' lang='lat' dir='ltr'><strong>pestilentiam,</strong></span> <span class='ocrx_word' id='word_1_9' title='bbox 770 452 953 532; x_wconf 88' lang='lat' dir='ltr'><strong>penuriam,</strong></span> <span class='ocrx_word' id='word_1_10' title='bbox 970 449 1073 512; x_wconf 72' lang='lat' dir='ltr'><strong>et‘alia</strong></span> <span class='ocrx_word' id='word_1_11' title='bbox 1119 463 1182 510; x_wconf 90' lang='lat' dir='ltr'><strong>rem</strong></span> <span class='ocrx_word' id='word_1_12' title='bbox 1200 445 1265 520; x_wconf 81' lang='lat' dir='ltr'><strong>liei,</strong></span> <span class='ocrx_word' id='word_1_13' title='bbox 1282 461 1384 525; x_wconf 87' lang='lat' dir='ltr'><strong>neque</strong></span> <span class='ocrx_word' id='word_1_14' title='bbox 1398 445 1509 510; x_wconf 91' lang='lat' dir='ltr'><strong>Christi</strong></span> <span class='ocrx_word' id='word_1_15' title='bbox 1530 445 1679 527; x_wconf 88' lang='lat' dir='ltr'><strong>gloriam,</strong></span> <span class='ocrx_word' id='word_1_16' title='bbox 1696 441 1799 525; x_wconf 86' lang='lat' dir='ltr'><strong>neque</strong></span> <span class='ocrx_word' id='word_1_17' title='bbox 1825 444 1977 521; x_wconf 87' lang='lat' dir='ltr'><strong>salntem,</strong></span> 
     </span>
     <span class='ocr_line' id='line_1_3' title="bbox 223 529 1976 624; baseline -0.01 -16"><span class='ocrx_word' id='word_1_18' title='bbox 223 545 254 608; x_wconf 94' lang='lat' dir='ltr'><strong>id</strong></span> <span class='ocrx_word' id='word_1_19' title='bbox 268 559 378 624; x_wconf 84' lang='lat' dir='ltr'><strong>genus,</strong></span> <span class='ocrx_word' id='word_1_20' title='bbox 392 543 612 624; x_wconf 79' lang='lat' dir='ltr'><strong>intelligamus,</strong></span> <span class='ocrx_word' id='word_1_21' title='bbox 627 556 687 600; x_wconf 94' lang='lat' dir='ltr'><strong>non</strong></span> <span class='ocrx_word' id='word_1_22' title='bbox 701 537 770 599; x_wconf 90' lang='lat' dir='ltr'><strong>sine</strong></span> <span class='ocrx_word' id='word_1_23' title='bbox 783 535 971 613; x_wconf 84' lang='lat' dir='ltr'><strong>providentia</strong></span> <span class='ocrx_word' id='word_1_24' title='bbox 984 542 1013 594; x_wconf 90' lang='lat' dir='ltr'><strong>et</strong></span> <span class='ocrx_word' id='word_1_25' title='bbox 1025 551 1074 595; x_wconf 89' lang='lat' dir='ltr'><strong>rc·</strong></span> <span class='ocrx_word' id='word_1_26' title='bbox 1119 531 1325 610; x_wconf 86' lang='lat' dir='ltr'><strong>proximorum</strong></span> <span class='ocrx_word' id='word_1_27' title='bbox 1342 532 1494 609; x_wconf 81' lang='lat' dir='ltr'><strong>sitiamus3</strong></span> <span class='ocrx_word' id='word_1_28' title='bbox 1512 547 1571 593; x_wconf 90' lang='lat' dir='ltr'><strong>non</strong></span> <span class='ocrx_word' id='word_1_29' title='bbox 1589 537 1747 612; x_wconf 89' lang='lat' dir='ltr'><strong>propterea</strong></span> <span class='ocrx_word' id='word_1_30' title='bbox 1761 531 1808 592; x_wconf 93' lang='lat' dir='ltr'><strong>vel</strong></span> <span class='ocrx_word' id='word_1_31' title='bbox 1822 529 1901 591; x_wconf 83' lang='lat' dir='ltr'><strong>Deus</strong></span> <span class='ocrx_word' id='word_1_32' title='bbox 1913 529 1976 590; x_wconf 92' lang='lat' dir='ltr'><strong>ho-</strong></span> 
     </span>
     <span class='ocr_line' id='line_1_4' title="bbox 224 613 2022 705; baseline -0.011 -14"><span class='ocrx_word' id='word_1_33' title='bbox 224 629 340 691; x_wconf 87' lang='lat' dir='ltr'><strong>lunt&#39;ate</strong></span> <span class='ocrx_word' id='word_1_34' title='bbox 356 626 620 705; x_wconf 81' lang='lat' dir='ltr'><strong>lleicontingere,</strong></span> <span class='ocrx_word' id='word_1_35' title='bbox 637 639 672 684; x_wconf 90' lang='lat' dir='ltr'><strong>ac</strong></span> <span class='ocrx_word' id='word_1_36' title='bbox 686 637 741 701; x_wconf 87' lang='lat' dir='ltr'><strong>per</strong></span> <span class='ocrx_word' id='word_1_37' title='bbox 756 622 815 682; x_wconf 93' lang='lat' dir='ltr'><strong>boc</strong></span> <span class='ocrx_word' id='word_1_38' title='bbox 829 637 889 681; x_wconf 95' lang='lat' dir='ltr'><strong>non</strong></span> <span class='ocrx_word' id='word_1_39' title='bbox 907 634 1072 695; x_wconf 80' lang='lat' dir='ltr'><strong>queramus</strong></span> <span class='ocrx_word' id='word_1_40' title='bbox 1119 631 1194 677; x_wconf 92' lang='lat' dir='ltr'><strong>nore</strong></span> <span class='ocrx_word' id='word_1_41' title='bbox 1210 614 1312 676; x_wconf 89' lang='lat' dir='ltr'><strong>debito</strong></span> <span class='ocrx_word' id='word_1_42' title='bbox 1328 614 1455 686; x_wconf 86' lang='lat' dir='ltr'><strong>carebit,</strong></span> <span class='ocrx_word' id='word_1_43' title='bbox 1471 614 1520 676; x_wconf 92' lang='lat' dir='ltr'><strong>vel</strong></span> <span class='ocrx_word' id='word_1_44' title='bbox 1536 613 1677 676; x_wconf 90' lang='lat' dir='ltr'><strong>Christus</strong></span> <span class='ocrx_word' id='word_1_45' title='bbox 1692 614 1788 692; x_wconf 88' lang='lat' dir='ltr'><strong>gloria</strong></span> <span class='ocrx_word' id='word_1_46' title='bbox 1801 629 1856 675; x_wconf 87' lang='lat' dir='ltr'><strong>sua</strong></span> <span class='ocrx_word' id='word_1_47' title='bbox 1870 614 1974 691; x_wconf 87' lang='lat' dir='ltr'><strong>priva·</strong></span> <span class='ocrx_word' id='word_1_48' title='bbox 2021 692 2022 697; x_wconf 5' lang='grc' dir='ltr'>ἵ</span> 
     </span>
     <span class='ocr_line' id='line_1_5' title="bbox 224 696 1978 788; baseline -0.01 -14"><span class='ocrx_word' id='word_1_49' title='bbox 224 713 263 774; x_wconf 89' lang='lat' dir='ltr'><strong>de</strong></span> <span class='ocrx_word' id='word_1_50' title='bbox 278 708 452 788; x_wconf 88' lang='lat' dir='ltr'><strong>elementis,</strong></span> <span class='ocrx_word' id='word_1_51' title='bbox 465 711 514 774; x_wconf 75' lang='lat' dir='ltr'><strong>&#39;vel</strong></span> <span class='ocrx_word' id='word_1_52' title='bbox 541 710 579 770; x_wconf 90' lang='lat' dir='ltr'><strong>de</strong></span> <span class='ocrx_word' id='word_1_53' title='bbox 605 709 671 786; x_wconf 90' lang='lat' dir='ltr'><strong>ipso</strong></span> <span class='ocrx_word' id='word_1_54' title='bbox 694 704 757 766; x_wconf 81' lang='lat' dir='ltr'><strong>lieo</strong></span> <span class='ocrx_word' id='word_1_55' title='bbox 773 752 781 778; x_wconf 90' lang='lat'><strong>,</strong></span> <span class='ocrx_word' id='word_1_56' title='bbox 798 704 853 768; x_wconf 90' lang='lat' dir='ltr'><strong>sed</strong></span> <span class='ocrx_word' id='word_1_57' title='bbox 869 718 1073 781; x_wconf 82' lang='lat' dir='ltr'><strong>agnoscamus</strong></span> <span class='ocrx_word' id='word_1_58' title='bbox 1118 699 1211 774; x_wconf 90' lang='lat' dir='ltr'><strong>bitur,</strong></span> <span class='ocrx_word' id='word_1_59' title='bbox 1229 699 1274 760; x_wconf 91' lang='lat' dir='ltr'><strong>vel</strong></span> <span class='ocrx_word' id='word_1_60' title='bbox 1291 698 1418 776; x_wconf 80' lang='lat' dir='ltr'><strong>proximi</strong></span> <span class='ocrx_word' id='word_1_61' title='bbox 1431 699 1560 760; x_wconf 90' lang='lat' dir='ltr'><strong>salutem</strong></span> <span class='ocrx_word' id='word_1_62' title='bbox 1579 714 1640 759; x_wconf 93' lang='lat' dir='ltr'><strong>non</strong></span> <span class='ocrx_word' id='word_1_63' title='bbox 1655 706 1899 775; x_wconf 83' lang='lat' dir='ltr'><strong>consequentur:</strong></span> <span class='ocrx_word' id='word_1_64' title='bbox 1916 696 1978 757; x_wconf 91' lang='lat' dir='ltr'><strong>sed</strong></span> 
     </span>
     <span class='ocr_line' id='line_1_6' title="bbox 225 781 2021 872; baseline -0.01 -15"><span class='ocrx_word' id='word_1_65' title='bbox 225 794 380 872; x_wconf 84' lang='lat' dir='ltr'><strong>flagellum</strong></span> <span class='ocrx_word' id='word_1_66' title='bbox 396 784 1070 872; x_wconf 76' lang='lat' dir='ltr'><strong>het,ctpeccatanostraetsubjecubeo,</strong></span> <span class='ocrx_word' id='word_1_67' title='bbox 1119 799 1176 845; x_wconf 90' lang='lat' dir='ltr'><strong>nos</strong></span> <span class='ocrx_word' id='word_1_68' title='bbox 1192 781 1251 858; x_wconf 89' lang='lat' dir='ltr'><strong>ipsi</strong></span> <span class='ocrx_word' id='word_1_69' title='bbox 1266 797 1336 858; x_wconf 83' lang='lat' dir='ltr'><strong>vere</strong></span> <span class='ocrx_word' id='word_1_70' title='bbox 1352 783 1704 861; x_wconf 88' lang='lat' dir='ltr'><strong>peribimusaeternum,</strong></span> <span class='ocrx_word' id='word_1_71' title='bbox 1718 781 1888 842; x_wconf 89' lang='lat' dir='ltr'><strong>sisalutem</strong></span> <span class='ocrx_word' id='word_1_72' title='bbox 1902 795 1977 858; x_wconf 90' lang='lat' dir='ltr'><strong>pro·</strong></span> <span class='ocrx_word' id='word_1_73' title='bbox 2020 823 2021 828; x_wconf 19' lang='grc' dir='ltr'>η</span> 
     </span>
     <span class='ocr_line' id='line_1_7' title="bbox 224 863 1976 953; baseline -0.009 -12"><span class='ocrx_word' id='word_1_74' title='bbox 224 879 256 941; x_wconf 92' lang='lat' dir='ltr'><strong>iu</strong></span> <span class='ocrx_word' id='word_1_75' title='bbox 273 879 443 943; x_wconf 89' lang='lat' dir='ltr'><strong>humilitate</strong></span> <span class='ocrx_word' id='word_1_76' title='bbox 468 891 538 939; x_wconf 88' lang='lat' dir='ltr'><strong>vera</strong></span> <span class='ocrx_word' id='word_1_77' title='bbox 566 873 717 953; x_wconf 83' lang='lat' dir='ltr'><strong>patienter</strong></span> <span class='ocrx_word' id='word_1_78' title='bbox 738 872 870 934; x_wconf 88' lang='lat' dir='ltr'><strong>teramus</strong></span> <span class='ocrx_word' id='word_1_79' title='bbox 886 871 987 932; x_wconf 91' lang='lat' dir='ltr'><strong>omnia</strong></span> <span class='ocrx_word' id='word_1_80' title='bbox 1003 887 1010 929; x_wconf 94' lang='lat'><strong>:</strong></span> <span class='ocrx_word' id='word_1_81' title='bbox 1028 868 1073 930; x_wconf 90' lang='lat' dir='ltr'><strong>sie</strong></span> <span class='ocrx_word' id='word_1_82' title='bbox 1117 867 1214 946; x_wconf 91' lang='lat' dir='ltr'><strong>priam</strong></span> <span class='ocrx_word' id='word_1_83' title='bbox 1230 864 1316 927; x_wconf 86' lang='lat' dir='ltr'><strong>sitire</strong></span> <span class='ocrx_word' id='word_1_84' title='bbox 1332 866 1571 945; x_wconf 77' lang='lat' dir='ltr'><strong>neglexerimus.</strong></span> <span class='ocrx_word' id='word_1_85' title='bbox 1585 863 1628 926; x_wconf 80' lang='lat' dir='ltr'><strong>lix</strong></span> <span class='ocrx_word' id='word_1_86' title='bbox 1644 881 1705 945; x_wconf 86' lang='lat' dir='ltr'><strong>quo</strong></span> <span class='ocrx_word' id='word_1_87' title='bbox 1721 864 1794 927; x_wconf 92' lang='lat' dir='ltr'><strong>mihi</strong></span> <span class='ocrx_word' id='word_1_88' title='bbox 1810 879 1906 944; x_wconf 86' lang='lat' dir='ltr'><strong>saepe</strong></span> <span class='ocrx_word' id='word_1_89' title='bbox 1924 877 1976 924; x_wconf 89' lang='lat' dir='ltr'><strong>ve·</strong></span> 
     </span>
     <span class='ocr_line' id='line_1_8' title="bbox 225 949 1976 1037; baseline -0.01 -11"><span class='ocrx_word' id='word_1_90' title='bbox 225 961 385 1034; x_wconf 85' lang='lat' dir='ltr'><strong>enimiict,</strong></span> <span class='ocrx_word' id='word_1_91' title='bbox 403 969 435 1023; x_wconf 93' lang='lat' dir='ltr'><strong>ot</strong></span> <span class='ocrx_word' id='word_1_92' title='bbox 449 951 587 1037; x_wconf 82' lang='lat' dir='ltr'><strong>placatos</strong></span> <span class='ocrx_word' id='word_1_93' title='bbox 602 957 684 1020; x_wconf 86' lang='lat' dir='ltr'><strong>Deus</strong></span> <span class='ocrx_word' id='word_1_94' title='bbox 699 956 853 1030; x_wconf 80' lang='lat' dir='ltr'><strong>relinquat</strong></span> <span class='ocrx_word' id='word_1_95' title='bbox 876 960 946 1032; x_wconf 91' lang='lat' dir='ltr'><strong>post</strong></span> <span class='ocrx_word' id='word_1_96' title='bbox 970 968 1005 1014; x_wconf 90' lang='lat' dir='ltr'><strong>se</strong></span> <span class='ocrx_word' id='word_1_97' title='bbox 1019 951 1072 1014; x_wconf 89' lang='lat' dir='ltr'><strong>be·</strong></span> <span class='ocrx_word' id='word_1_98' title='bbox 1118 950 1249 1011; x_wconf 90' lang='lat' dir='ltr'><strong>homens</strong></span> <span class='ocrx_word' id='word_1_99' title='bbox 1274 949 1432 1012; x_wconf 89' lang='lat' dir='ltr'><strong>admiratio</strong></span> <span class='ocrx_word' id='word_1_100' title='bbox 1459 949 1562 1023; x_wconf 89' lang='lat' dir='ltr'><strong>subit,</strong></span> <span class='ocrx_word' id='word_1_101' title='bbox 1581 949 1663 1012; x_wconf 90' lang='lat' dir='ltr'><strong>unde</strong></span> <span class='ocrx_word' id='word_1_102' title='bbox 1678 949 1750 1023; x_wconf 87' lang='lat' dir='ltr'><strong>ilat,</strong></span> <span class='ocrx_word' id='word_1_103' title='bbox 1767 955 1801 1011; x_wconf 93' lang='lat' dir='ltr'><strong>ut</strong></span> <span class='ocrx_word' id='word_1_104' title='bbox 1821 951 1976 1022; x_wconf 86' lang='lat' dir='ltr'><strong>sciamus,</strong></span> 
     </span>
     <span class='ocr_line' id='line_1_9' title="bbox 224 1031 1977 1120; baseline -0.011 -10"><span class='ocrx_word' id='word_1_105' title='bbox 224 1045 444 1120; x_wconf 88' lang='lat' dir='ltr'><strong>nedicticnem‚</strong></span> <span class='ocrx_word' id='word_1_106' title='bbox 459 1051 489 1106; x_wconf 91' lang='lat' dir='ltr'><strong>et</strong></span> <span class='ocrx_word' id='word_1_107' title='bbox 504 1058 560 1106; x_wconf 93' lang='lat' dir='ltr'><strong>nos</strong></span> <span class='ocrx_word' id='word_1_108' title='bbox 576 1048 608 1103; x_wconf 87' lang='lat' dir='ltr'><strong>ut</strong></span> <span class='ocrx_word' id='word_1_109' title='bbox 622 1037 701 1102; x_wconf 89' lang='lat' dir='ltr'><strong>illios</strong></span> <span class='ocrx_word' id='word_1_110' title='bbox 714 1046 840 1116; x_wconf 88' lang='lat' dir='ltr'><strong>paterna</strong></span> <span class='ocrx_word' id='word_1_111' title='bbox 855 1039 970 1116; x_wconf 88' lang='lat' dir='ltr'><strong>pietate</strong></span> <span class='ocrx_word' id='word_1_112' title='bbox 985 1036 1074 1098; x_wconf 90' lang='lat' dir='ltr'><strong>casti·</strong></span> <span class='ocrx_word' id='word_1_113' title='bbox 1120 1032 1273 1096; x_wconf 84' lang='lat' dir='ltr'><strong>Christum</strong></span> <span class='ocrx_word' id='word_1_114' title='bbox 1289 1033 1417 1095; x_wconf 88' lang='lat' dir='ltr'><strong>satutem</strong></span> <span class='ocrx_word' id='word_1_115' title='bbox 1434 1042 1567 1096; x_wconf 88' lang='lat' dir='ltr'><strong>nostram</strong></span> <span class='ocrx_word' id='word_1_116' title='bbox 1584 1039 1643 1094; x_wconf 91' lang='lat' dir='ltr'><strong>tam</strong></span> <span class='ocrx_word' id='word_1_117' title='bbox 1658 1031 1802 1094; x_wconf 86' lang='lat' dir='ltr'><strong>ardenter</strong></span> <span class='ocrx_word' id='word_1_118' title='bbox 1819 1032 1977 1094; x_wconf 81' lang='lat' dir='ltr'><strong>sitivisse:</strong></span> 
     </span>
     <span class='ocr_line' id='line_1_10' title="bbox 225 1114 1976 1209; baseline -0.011 -15"><span class='ocrx_word' id='word_1_119' title='bbox 225 1133 288 1209; x_wconf 87' lang='lat' dir='ltr'><strong>gei,</strong></span> <span class='ocrx_word' id='word_1_120' title='bbox 302 1145 363 1192; x_wconf 89' lang='lat' dir='ltr'><strong>non</strong></span> <span class='ocrx_word' id='word_1_121' title='bbox 379 1134 411 1192; x_wconf 91' lang='lat' dir='ltr'><strong>ut</strong></span> <span class='ocrx_word' id='word_1_122' title='bbox 422 1125 610 1193; x_wconf 89' lang='lat' dir='ltr'><strong>adulterinos</strong></span> <span class='ocrx_word' id='word_1_123' title='bbox 625 1123 813 1185; x_wconf 90' lang='lat' dir='ltr'><strong>haereditate</strong></span> <span class='ocrx_word' id='word_1_124' title='bbox 825 1121 950 1185; x_wconf 89' lang='lat' dir='ltr'><strong>caelesti</strong></span> <span class='ocrx_word' id='word_1_125' title='bbox 964 1119 1072 1197; x_wconf 87' lang='lat' dir='ltr'><strong>privet.</strong></span> <span class='ocrx_word' id='word_1_126' title='bbox 1121 1123 1151 1178; x_wconf 92' lang='lat' dir='ltr'><strong>ct</strong></span> <span class='ocrx_word' id='word_1_127' title='bbox 1166 1131 1223 1178; x_wconf 92' lang='lat' dir='ltr'><strong>nos</strong></span> <span class='ocrx_word' id='word_1_128' title='bbox 1237 1115 1308 1192; x_wconf 90' lang='lat' dir='ltr'><strong>ipsi,</strong></span> <span class='ocrx_word' id='word_1_129' title='bbox 1322 1115 1374 1193; x_wconf 83' lang='lat' dir='ltr'><strong>qui</strong></span> <span class='ocrx_word' id='word_1_130' title='bbox 1388 1123 1470 1178; x_wconf 88' lang='lat' dir='ltr'><strong>certo</strong></span> <span class='ocrx_word' id='word_1_131' title='bbox 1483 1117 1649 1188; x_wconf 89' lang='lat' dir='ltr'><strong>credimus,</strong></span> <span class='ocrx_word' id='word_1_132' title='bbox 1664 1115 1819 1178; x_wconf 81' lang='lat' dir='ltr'><strong>Christum</strong></span> <span class='ocrx_word' id='word_1_133' title='bbox 1833 1130 1907 1178; x_wconf 89' lang='lat' dir='ltr'><strong>esse</strong></span> <span class='ocrx_word' id='word_1_134' title='bbox 1919 1114 1976 1176; x_wconf 76' lang='lat' dir='ltr'><strong>liei</strong></span> 
     </span>
     <span class='ocr_line' id='line_1_11' title="bbox 225 1197 1980 1290; baseline -0.011 -13"><span class='ocrx_word' id='word_1_135' title='bbox 225 1215 341 1290; x_wconf 77' lang='lat' dir='ltr'><strong>Addam</strong></span> <span class='ocrx_word' id='word_1_136' title='bbox 367 1229 403 1276; x_wconf 84' lang='lat' dir='ltr'><strong>cr</strong></span> <span class='ocrx_word' id='word_1_137' title='bbox 428 1209 460 1274; x_wconf 89' lang='lat' dir='ltr'><strong>S.</strong></span> <span class='ocrx_word' id='word_1_138' title='bbox 479 1209 623 1288; x_wconf 84' lang='lat' dir='ltr'><strong>Gregorio</strong></span> <span class='ocrx_word' id='word_1_139' title='bbox 647 1207 820 1284; x_wconf 86' lang='lat' dir='ltr'><strong>exemptum</strong></span> <span class='ocrx_word' id='word_1_140' title='bbox 837 1222 944 1278; x_wconf 90' lang='lat' dir='ltr'><strong>unum,</strong></span> <span class='ocrx_word' id='word_1_141' title='bbox 962 1219 999 1265; x_wconf 91' lang='lat' dir='ltr'><strong>ex</strong></span> <span class='ocrx_word' id='word_1_142' title='bbox 1015 1220 1075 1282; x_wconf 89' lang='lat' dir='ltr'><strong>quo</strong></span> <span class='ocrx_word' id='word_1_143' title='bbox 1120 1199 1316 1278; x_wconf 89' lang='lat' dir='ltr'><strong>sapientiam,</strong></span> <span class='ocrx_word' id='word_1_144' title='bbox 1330 1214 1391 1261; x_wconf 93' lang='lat' dir='ltr'><strong>noo</strong></span> <span class='ocrx_word' id='word_1_145' title='bbox 1405 1215 1577 1263; x_wconf 82' lang='lat' dir='ltr'><strong>moveamur</strong></span> <span class='ocrx_word' id='word_1_146' title='bbox 1590 1199 1625 1260; x_wconf 90' lang='lat' dir='ltr'><strong>ad</strong></span> <span class='ocrx_word' id='word_1_147' title='bbox 1638 1198 1707 1279; x_wconf 84' lang='lat' dir='ltr'><strong>ejus</strong></span> <span class='ocrx_word' id='word_1_148' title='bbox 1719 1199 1893 1277; x_wconf 87' lang='lat' dir='ltr'><strong>exemplum</strong></span> <span class='ocrx_word' id='word_1_149' title='bbox 1906 1197 1980 1259; x_wconf 91' lang='lat' dir='ltr'><strong>imi·</strong></span> 
     </span>
     <span class='ocr_line' id='line_1_12' title="bbox 225 1281 1979 1378; baseline -0.01 -18"><span class='ocrx_word' id='word_1_150' title='bbox 225 1295 356 1376; x_wconf 91' lang='lat' dir='ltr'><strong>intelligi</strong></span> <span class='ocrx_word' id='word_1_151' title='bbox 382 1281 491 1373; x_wconf 75' lang='lat' dir='ltr'><strong>possit,</strong></span> <span class='ocrx_word' id='word_1_152' title='bbox 508 1297 619 1370; x_wconf 84' lang='lat' dir='ltr'><strong>quanta</strong></span> <span class='ocrx_word' id='word_1_153' title='bbox 646 1291 686 1352; x_wconf 85' lang='lat' dir='ltr'><strong>sit</strong></span> <span class='ocrx_word' id='word_1_154' title='bbox 705 1305 824 1351; x_wconf 89' lang='lat' dir='ltr'><strong>merces</strong></span> <span class='ocrx_word' id='word_1_155' title='bbox 846 1287 1023 1378; x_wconf 69' lang='lat' dir='ltr'><strong>patientigc.</strong></span> <span class='ocrx_word' id='word_1_156' title='bbox 1041 1288 1076 1349; x_wconf 94' lang='lat' dir='ltr'><strong>lu</strong></span> <span class='ocrx_word' id='word_1_157' title='bbox 1124 1283 1249 1346; x_wconf 90' lang='lat' dir='ltr'><strong>tandum</strong></span> <span class='ocrx_word' id='word_1_158' title='bbox 1265 1283 1297 1343; x_wconf 89' lang='lat' dir='ltr'><strong>in</strong></span> <span class='ocrx_word' id='word_1_159' title='bbox 1312 1299 1357 1358; x_wconf 91' lang='lat' dir='ltr'><strong>rc,</strong></span> <span class='ocrx_word' id='word_1_160' title='bbox 1376 1299 1454 1361; x_wconf 87' lang='lat' dir='ltr'><strong>quae</strong></span> <span class='ocrx_word' id='word_1_161' title='bbox 1467 1284 1557 1346; x_wconf 89' lang='lat' dir='ltr'><strong>nobis</strong></span> <span class='ocrx_word' id='word_1_162' title='bbox 1572 1283 1778 1362; x_wconf 89' lang='lat' dir='ltr'><strong>superomnia</strong></span> <span class='ocrx_word' id='word_1_163' title='bbox 1793 1283 1979 1344; x_wconf 89' lang='lat' dir='ltr'><strong>necessaria</strong></span> 
     </span>
     <span class='ocr_line' id='line_1_13' title="bbox 227 1365 1980 1454; baseline -0.01 -12"><span class='ocrx_word' id='word_1_164' title='bbox 227 1379 359 1450; x_wconf 81' lang='lat' dir='ltr'><strong>llomilia</strong></span> <span class='ocrx_word' id='word_1_165' title='bbox 374 1375 651 1454; x_wconf 81' lang='lat' dir='ltr'><strong>trigesimaquinta</strong></span> <span class='ocrx_word' id='word_1_166' title='bbox 672 1389 767 1450; x_wconf 90' lang='lat' dir='ltr'><strong>super</strong></span> <span class='ocrx_word' id='word_1_167' title='bbox 781 1371 944 1450; x_wconf 82' lang='lat' dir='ltr'><strong>Evangelia</strong></span> <span class='ocrx_word' id='word_1_168' title='bbox 962 1378 1075 1444; x_wconf 87' lang='lat' dir='ltr'><strong>narret,</strong></span> <span class='ocrx_word' id='word_1_169' title='bbox 1123 1372 1182 1429; x_wconf 92' lang='lat' dir='ltr'><strong>est.</strong></span> <span class='ocrx_word' id='word_1_170' title='bbox 1198 1366 1260 1429; x_wconf 89' lang='lat' dir='ltr'><strong>Nec</strong></span> <span class='ocrx_word' id='word_1_171' title='bbox 1275 1366 1377 1428; x_wconf 90' lang='lat' dir='ltr'><strong>minus</strong></span> <span class='ocrx_word' id='word_1_172' title='bbox 1393 1367 1538 1443; x_wconf 91' lang='lat' dir='ltr'><strong>admiror,</strong></span> <span class='ocrx_word' id='word_1_173' title='bbox 1551 1366 1635 1446; x_wconf 85' lang='lat' dir='ltr'><strong>qood</strong></span> <span class='ocrx_word' id='word_1_174' title='bbox 1649 1382 1706 1428; x_wconf 91' lang='lat' dir='ltr'><strong>nos</strong></span> <span class='ocrx_word' id='word_1_175' title='bbox 1720 1365 1780 1445; x_wconf 88' lang='lat' dir='ltr'><strong>ipsi</strong></span> <span class='ocrx_word' id='word_1_176' title='bbox 1793 1365 1980 1444; x_wconf 86' lang='lat' dir='ltr'><strong>temporalia</strong></span> 
     </span>
     <span class='ocr_line' id='line_1_14' title="bbox 227 1449 1979 1542; baseline -0.01 -16"><span class='ocrx_word' id='word_1_177' title='bbox 227 1460 605 1542; x_wconf 81' lang='lat' dir='ltr'><strong>quemdamsrepbanun</strong></span> <span class='ocrx_word' id='word_1_178' title='bbox 621 1457 699 1539; x_wconf 92' lang='lat' dir='ltr'><strong>adeo</strong></span> <span class='ocrx_word' id='word_1_179' title='bbox 724 1457 819 1518; x_wconf 89' lang='lat' dir='ltr'><strong>luisse</strong></span> <span class='ocrx_word' id='word_1_180' title='bbox 836 1457 1023 1534; x_wconf 91' lang='lat' dir='ltr'><strong>patientem,</strong></span> <span class='ocrx_word' id='word_1_181' title='bbox 1046 1460 1078 1516; x_wconf 90' lang='lat' dir='ltr'><strong>ut</strong></span> <span class='ocrx_word' id='word_1_182' title='bbox 1123 1451 1202 1515; x_wconf 91' lang='lat' dir='ltr'><strong>bona</strong></span> <span class='ocrx_word' id='word_1_183' title='bbox 1226 1459 1286 1512; x_wconf 88' lang='lat' dir='ltr'><strong>tam</strong></span> <span class='ocrx_word' id='word_1_184' title='bbox 1301 1451 1444 1513; x_wconf 90' lang='lat' dir='ltr'><strong>ardenter</strong></span> <span class='ocrx_word' id='word_1_185' title='bbox 1468 1452 1608 1514; x_wconf 88' lang='lat' dir='ltr'><strong>sitiemus</strong></span> <span class='ocrx_word' id='word_1_186' title='bbox 1623 1497 1631 1523; x_wconf 90' lang='lat'><strong>,</strong></span> <span class='ocrx_word' id='word_1_187' title='bbox 1647 1450 1734 1527; x_wconf 83' lang='lat' dir='ltr'><strong>quasi</strong></span> <span class='ocrx_word' id='word_1_188' title='bbox 1759 1457 1868 1512; x_wconf 89' lang='lat' dir='ltr'><strong>essent</strong></span> <span class='ocrx_word' id='word_1_189' title='bbox 1893 1449 1979 1510; x_wconf 90' lang='lat' dir='ltr'><strong>hona</strong></span> 
     </span>
     <span class='ocr_line' id='line_1_15' title="bbox 228 1533 1980 1624; baseline -0.01 -14"><span class='ocrx_word' id='word_1_190' title='bbox 228 1563 282 1620; x_wconf 88' lang='lat' dir='ltr'><strong>cos</strong></span> <span class='ocrx_word' id='word_1_191' title='bbox 297 1545 358 1612; x_wconf 89' lang='lat' dir='ltr'><strong>sihi</strong></span> <span class='ocrx_word' id='word_1_192' title='bbox 371 1559 442 1624; x_wconf 88' lang='lat' dir='ltr'><strong>prae</strong></span> <span class='ocrx_word' id='word_1_193' title='bbox 454 1541 565 1606; x_wconf 89' lang='lat' dir='ltr'><strong>ceteris</strong></span> <span class='ocrx_word' id='word_1_194' title='bbox 580 1539 697 1610; x_wconf 89' lang='lat' dir='ltr'><strong>amicos</strong></span> <span class='ocrx_word' id='word_1_195' title='bbox 712 1543 863 1616; x_wconf 89' lang='lat' dir='ltr'><strong>erederet,</strong></span> <span class='ocrx_word' id='word_1_196' title='bbox 878 1540 927 1617; x_wconf 86' lang='lat' dir='ltr'><strong>qui</strong></span> <span class='ocrx_word' id='word_1_197' title='bbox 941 1537 1000 1600; x_wconf 90' lang='lat' dir='ltr'><strong>sihi</strong></span> <span class='ocrx_word' id='word_1_198' title='bbox 1014 1554 1077 1599; x_wconf 90' lang='lat' dir='ltr'><strong>mo·</strong></span> <span class='ocrx_word' id='word_1_199' title='bbox 1123 1533 1324 1612; x_wconf 84' lang='lat' dir='ltr'><strong>sempiterna3</strong></span> <span class='ocrx_word' id='word_1_200' title='bbox 1340 1541 1370 1595; x_wconf 90' lang='lat' dir='ltr'><strong>et</strong></span> <span class='ocrx_word' id='word_1_201' title='bbox 1384 1535 1513 1597; x_wconf 89' lang='lat' dir='ltr'><strong>salutem</strong></span> <span class='ocrx_word' id='word_1_202' title='bbox 1530 1549 1601 1597; x_wconf 87' lang='lat' dir='ltr'><strong>rere</strong></span> <span class='ocrx_word' id='word_1_203' title='bbox 1613 1534 1833 1612; x_wconf 89' lang='lat' dir='ltr'><strong>sempiternam</strong></span> <span class='ocrx_word' id='word_1_204' title='bbox 1846 1538 1908 1594; x_wconf 88' lang='lat' dir='ltr'><strong>tarn</strong></span> <span class='ocrx_word' id='word_1_205' title='bbox 1922 1547 1980 1593; x_wconf 92' lang='lat' dir='ltr'><strong>ne-</strong></span> 
     </span>
     <span class='ocr_line' id='line_1_16' title="bbox 227 1614 2023 1706; baseline -0.009 -13"><span class='ocrx_word' id='word_1_206' title='bbox 227 1631 347 1694; x_wconf 89' lang='lat' dir='ltr'><strong>lestiam</strong></span> <span class='ocrx_word' id='word_1_207' title='bbox 363 1628 711 1706; x_wconf 84' lang='lat' dir='ltr'><strong>aliquamirrogassent‚</strong></span> <span class='ocrx_word' id='word_1_208' title='bbox 729 1631 758 1684; x_wconf 92' lang='lat' dir='ltr'><strong>et</strong></span> <span class='ocrx_word' id='word_1_209' title='bbox 773 1624 886 1702; x_wconf 86' lang='lat' dir='ltr'><strong>gratias</strong></span> <span class='ocrx_word' id='word_1_210' title='bbox 902 1638 956 1701; x_wconf 93' lang='lat' dir='ltr'><strong>pro</strong></span> <span class='ocrx_word' id='word_1_211' title='bbox 972 1628 1078 1683; x_wconf 90' lang='lat' dir='ltr'><strong>contu·</strong></span> <span class='ocrx_word' id='word_1_212' title='bbox 1124 1618 1275 1696; x_wconf 90' lang='lat' dir='ltr'><strong>gligeoter</strong></span> <span class='ocrx_word' id='word_1_213' title='bbox 1290 1634 1485 1695; x_wconf 85' lang='lat' dir='ltr'><strong>quaeramus,</strong></span> <span class='ocrx_word' id='word_1_214' title='bbox 1503 1625 1533 1680; x_wconf 88' lang='lat' dir='ltr'><strong>et</strong></span> <span class='ocrx_word' id='word_1_215' title='bbox 1549 1632 1610 1680; x_wconf 92' lang='lat' dir='ltr'><strong>non</strong></span> <span class='ocrx_word' id='word_1_216' title='bbox 1625 1617 1726 1678; x_wconf 89' lang='lat' dir='ltr'><strong>solnm</strong></span> <span class='ocrx_word' id='word_1_217' title='bbox 1742 1632 1802 1677; x_wconf 92' lang='lat' dir='ltr'><strong>nou</strong></span> <span class='ocrx_word' id='word_1_218' title='bbox 1819 1614 1977 1690; x_wconf 88' lang='lat' dir='ltr'><strong>sitiamus,</strong></span> <span class='ocrx_word' id='word_1_219' title='bbox 2022 1699 2023 1704; x_wconf 8' lang='grc' dir='ltr'>ἵ</span> 
     </span>
     <span class='ocr_line' id='line_1_17' title="bbox 228 1699 2023 1786; baseline -0.009 -12"><span class='ocrx_word' id='word_1_220' title='bbox 228 1711 329 1776; x_wconf 88' lang='lat' dir='ltr'><strong>meliis</strong></span> <span class='ocrx_word' id='word_1_221' title='bbox 345 1699 508 1786; x_wconf 82' lang='lat' dir='ltr'><strong>redderet3</strong></span> <span class='ocrx_word' id='word_1_222' title='bbox 526 1710 635 1771; x_wconf 90' lang='lat' dir='ltr'><strong>demna</strong></span> <span class='ocrx_word' id='word_1_223' title='bbox 652 1706 711 1768; x_wconf 95' lang='lat' dir='ltr'><strong>sibi</strong></span> <span class='ocrx_word' id='word_1_224' title='bbox 728 1707 830 1781; x_wconf 89' lang='lat' dir='ltr'><strong>illata,</strong></span> <span class='ocrx_word' id='word_1_225' title='bbox 846 1707 930 1769; x_wconf 90' lang='lat' dir='ltr'><strong>lucra</strong></span> <span class='ocrx_word' id='word_1_226' title='bbox 948 1705 1076 1766; x_wconf 85' lang='lat' dir='ltr'><strong>maxima</strong></span> <span class='ocrx_word' id='word_1_227' title='bbox 1126 1701 1181 1764; x_wconf 90' lang='lat' dir='ltr'><strong>scd</strong></span> <span class='ocrx_word' id='word_1_228' title='bbox 1199 1701 1245 1763; x_wconf 89' lang='lat' dir='ltr'><strong>vix</strong></span> <span class='ocrx_word' id='word_1_229' title='bbox 1259 1703 1366 1764; x_wconf 90' lang='lat' dir='ltr'><strong>leviter</strong></span> <span class='ocrx_word' id='word_1_230' title='bbox 1382 1702 1607 1776; x_wconf 86' lang='lat' dir='ltr'><strong>desideremus,</strong></span> <span class='ocrx_word' id='word_1_231' title='bbox 1625 1700 1713 1779; x_wconf 84' lang='lat' dir='ltr'><strong>quasi</strong></span> <span class='ocrx_word' id='word_1_232' title='bbox 1738 1715 1791 1762; x_wconf 92' lang='lat' dir='ltr'><strong>res</strong></span> <span class='ocrx_word' id='word_1_233' title='bbox 1806 1705 1894 1762; x_wconf 89' lang='lat' dir='ltr'><strong>esset</strong></span> <span class='ocrx_word' id='word_1_234' title='bbox 1908 1714 1976 1760; x_wconf 89' lang='lat' dir='ltr'><strong>mo·</strong></span> <span class='ocrx_word' id='word_1_235' title='bbox 2022 1729 2023 1734; x_wconf 18' lang='grc' dir='ltr'><strong>κ</strong></span> 
     </span>
     <span class='ocr_line' id='line_1_18' title="bbox 228 1783 1975 1872; baseline -0.011 -12"><span class='ocrx_word' id='word_1_236' title='bbox 228 1797 428 1872; x_wconf 61' lang='lat' dir='ltr'><strong>existimarem</strong></span> <span class='ocrx_word' id='word_1_237' title='bbox 444 1791 634 1859; x_wconf 88' lang='lat' dir='ltr'><strong>adversarios</strong></span> <span class='ocrx_word' id='word_1_238' title='bbox 649 1805 758 1852; x_wconf 91' lang='lat' dir='ltr'><strong>omnes</strong></span> <span class='ocrx_word' id='word_1_239' title='bbox 774 1789 804 1850; x_wconf 95' lang='lat' dir='ltr'><strong>in</strong></span> <span class='ocrx_word' id='word_1_240' title='bbox 817 1789 1010 1868; x_wconf 84' lang='lat' dir='ltr'><strong>adjutoribus</strong></span> <span class='ocrx_word' id='word_1_241' title='bbox 1024 1805 1078 1849; x_wconf 90' lang='lat' dir='ltr'><strong>nu·</strong></span> <span class='ocrx_word' id='word_1_242' title='bbox 1121 1791 1282 1846; x_wconf 88' lang='lat' dir='ltr'><strong>mentanea</strong></span> <span class='ocrx_word' id='word_1_243' title='bbox 1295 1793 1325 1846; x_wconf 93' lang='lat' dir='ltr'><strong>et</strong></span> <span class='ocrx_word' id='word_1_244' title='bbox 1335 1786 1423 1846; x_wconf 91' lang='lat' dir='ltr'><strong>levis.</strong></span> <span class='ocrx_word' id='word_1_245' title='bbox 1436 1785 1522 1847; x_wconf 82' lang='lat' dir='ltr'><strong>Adde</strong></span> <span class='ocrx_word' id='word_1_246' title='bbox 1535 1784 1616 1863; x_wconf 85' lang='lat' dir='ltr'><strong>quod</strong></span> <span class='ocrx_word' id='word_1_247' title='bbox 1632 1783 1809 1862; x_wconf 88' lang='lat' dir='ltr'><strong>temporalia</strong></span> <span class='ocrx_word' id='word_1_248' title='bbox 1823 1798 1886 1844; x_wconf 93' lang='lat' dir='ltr'><strong>non</strong></span> <span class='ocrx_word' id='word_1_249' title='bbox 1899 1787 1975 1844; x_wconf 93' lang='lat' dir='ltr'><strong>sunt</strong></span> 
     </span>
     <span class='ocr_line' id='line_1_19' title="bbox 228 1865 1976 1946; baseline -0.011 -3"><span class='ocrx_word' id='word_1_250' title='bbox 228 1877 553 1946; x_wconf 88' lang='lat' dir='ltr'><strong>merarei.Huncsine</strong></span> <span class='ocrx_word' id='word_1_251' title='bbox 569 1873 759 1935; x_wconf 89' lang='lat' dir='ltr'><strong>dubitatione</strong></span> <span class='ocrx_word' id='word_1_252' title='bbox 776 1874 1076 1935; x_wconf 91' lang='lat' dir='ltr'><strong>mundusamontem</strong></span> <span class='ocrx_word' id='word_1_253' title='bbox 1124 1885 1197 1945; x_wconf 93' lang='lat' dir='ltr'><strong>pura</strong></span> <span class='ocrx_word' id='word_1_254' title='bbox 1223 1868 1315 1940; x_wconf 91' lang='lat' dir='ltr'><strong>bona,</strong></span> <span class='ocrx_word' id='word_1_255' title='bbox 1342 1868 1397 1930; x_wconf 87' lang='lat' dir='ltr'><strong>sed</strong></span> <span class='ocrx_word' id='word_1_256' title='bbox 1423 1869 1552 1931; x_wconf 84' lang='lat' dir='ltr'><strong>admixta</strong></span> <span class='ocrx_word' id='word_1_257' title='bbox 1579 1867 1668 1929; x_wconf 90' lang='lat' dir='ltr'><strong>malis</strong></span> <span class='ocrx_word' id='word_1_258' title='bbox 1695 1865 1848 1945; x_wconf 87' lang='lat' dir='ltr'><strong>plurimis,</strong></span> <span class='ocrx_word' id='word_1_259' title='bbox 1875 1871 1907 1926; x_wconf 92' lang='lat' dir='ltr'><strong>et</strong></span> <span class='ocrx_word' id='word_1_260' title='bbox 1932 1872 1976 1924; x_wconf 89' lang='lat' dir='ltr'><strong>ta-</strong></span> 
     </span>
     <span class='ocr_line' id='line_1_20' title="bbox 227 1948 1977 2034; baseline -0.011 -8"><span class='ocrx_word' id='word_1_261' title='bbox 227 1972 259 2026; x_wconf 89' lang='lat' dir='ltr'><strong>et</strong></span> <span class='ocrx_word' id='word_1_262' title='bbox 273 1966 398 2034; x_wconf 85' lang='lat' dir='ltr'><strong>stultum</strong></span> <span class='ocrx_word' id='word_1_263' title='bbox 428 1975 498 2023; x_wconf 90' lang='lat' dir='ltr'><strong>esse</strong></span> <span class='ocrx_word' id='word_1_264' title='bbox 525 1957 720 2032; x_wconf 81' lang='lat' dir='ltr'><strong>censuisset3</strong></span> <span class='ocrx_word' id='word_1_265' title='bbox 738 1959 793 2019; x_wconf 91' lang='lat' dir='ltr'><strong>sed</strong></span> <span class='ocrx_word' id='word_1_266' title='bbox 816 1957 882 2032; x_wconf 90' lang='lat' dir='ltr'><strong>ipse</strong></span> <span class='ocrx_word' id='word_1_267' title='bbox 898 1959 1076 2034; x_wconf 80' lang='lat' dir='ltr'><strong>apostolom</strong></span> <span class='ocrx_word' id='word_1_268' title='bbox 1124 1967 1192 2014; x_wconf 91' lang='lat' dir='ltr'><strong>men</strong></span> <span class='ocrx_word' id='word_1_269' title='bbox 1218 1952 1350 2015; x_wconf 87' lang='lat' dir='ltr'><strong>sollicite</strong></span> <span class='ocrx_word' id='word_1_270' title='bbox 1371 1958 1401 2014; x_wconf 91' lang='lat' dir='ltr'><strong>et</strong></span> <span class='ocrx_word' id='word_1_271' title='bbox 1423 1954 1511 2015; x_wconf 81' lang='lat' dir='ltr'><strong>anxie</strong></span> <span class='ocrx_word' id='word_1_272' title='bbox 1538 1956 1743 2030; x_wconf 85' lang='lat' dir='ltr'><strong>appetuntur:</strong></span> <span class='ocrx_word' id='word_1_273' title='bbox 1766 1948 1851 2010; x_wconf 90' lang='lat' dir='ltr'><strong>salos</strong></span> <span class='ocrx_word' id='word_1_274' title='bbox 1878 1955 1977 2009; x_wconf 89' lang='lat' dir='ltr'><strong>aeter-</strong></span> 
     </span>
     <span class='ocr_line' id='line_1_21' title="bbox 228 2032 1978 2116; baseline -0.011 -6"><span class='ocrx_word' id='word_1_275' title='bbox 228 2045 413 2111; x_wconf 87' lang='lat' dir='ltr'><strong>Cbristinon</strong></span> <span class='ocrx_word' id='word_1_276' title='bbox 428 2043 519 2106; x_wconf 86' lang='lat' dir='ltr'><strong>surda</strong></span> <span class='ocrx_word' id='word_1_277' title='bbox 532 2057 606 2103; x_wconf 92' lang='lat' dir='ltr'><strong>aure</strong></span> <span class='ocrx_word' id='word_1_278' title='bbox 618 2040 774 2102; x_wconf 89' lang='lat' dir='ltr'><strong>audiverat</strong></span> <span class='ocrx_word' id='word_1_279' title='bbox 786 2038 1078 2116; x_wconf 81' lang='lat' dir='ltr'><strong>dicentemzsiquis</strong></span> <span class='ocrx_word' id='word_1_280' title='bbox 1124 2051 1163 2096; x_wconf 89' lang='lat' dir='ltr'><strong>ne</strong></span> <span class='ocrx_word' id='word_1_281' title='bbox 1180 2036 1296 2096; x_wconf 90' lang='lat' dir='ltr'><strong>nullum</strong></span> <span class='ocrx_word' id='word_1_282' title='bbox 1313 2035 1424 2097; x_wconf 90' lang='lat' dir='ltr'><strong>malum</strong></span> <span class='ocrx_word' id='word_1_283' title='bbox 1447 2037 1539 2098; x_wconf 91' lang='lat' dir='ltr'><strong>babet</strong></span> <span class='ocrx_word' id='word_1_284' title='bbox 1554 2033 1721 2098; x_wconf 90' lang='lat' dir='ltr'><strong>admixtum</strong></span> <span class='ocrx_word' id='word_1_285' title='bbox 1738 2079 1746 2107; x_wconf 94' lang='lat'><strong>,</strong></span> <span class='ocrx_word' id='word_1_286' title='bbox 1763 2038 1793 2094; x_wconf 89' lang='lat' dir='ltr'><strong>et</strong></span> <span class='ocrx_word' id='word_1_287' title='bbox 1807 2038 1913 2094; x_wconf 78' lang='lat' dir='ltr'><strong>umen</strong></span> <span class='ocrx_word' id='word_1_288' title='bbox 1931 2032 1978 2092; x_wconf 88' lang='lat' dir='ltr'><strong>sic</strong></span> 
     </span>
     <span class='ocr_line' id='line_1_22' title="bbox 226 2114 1978 2202; baseline -0.01 -10"><span class='ocrx_word' id='word_1_289' title='bbox 226 2131 355 2193; x_wconf 83' lang='lat' dir='ltr'><strong>uidetur</strong></span> <span class='ocrx_word' id='word_1_290' title='bbox 368 2129 453 2191; x_wconf 82' lang='lat' dir='ltr'><strong>inter</strong></span> <span class='ocrx_word' id='word_1_291' title='bbox 473 2141 527 2188; x_wconf 85' lang='lat' dir='ltr'><strong>uos</strong></span> <span class='ocrx_word' id='word_1_292' title='bbox 548 2124 679 2202; x_wconf 84' lang='lat' dir='ltr'><strong>sopiens</strong></span> <span class='ocrx_word' id='word_1_293' title='bbox 705 2138 771 2184; x_wconf 86' lang='lat' dir='ltr'><strong>esse</strong></span> <span class='ocrx_word' id='word_1_294' title='bbox 795 2124 833 2184; x_wconf 88' lang='lat' dir='ltr'><strong>in</strong></span> <span class='ocrx_word' id='word_1_295' title='bbox 857 2123 915 2185; x_wconf 84' lang='lat' dir='ltr'><strong>looc</strong></span> <span class='ocrx_word' id='word_1_296' title='bbox 935 2121 1077 2197; x_wconf 87' lang='lat' dir='ltr'><strong>soeculo,</strong></span> <span class='ocrx_word' id='word_1_297' title='bbox 1125 2119 1300 2196; x_wconf 85' lang='lat' dir='ltr'><strong>negligitur,</strong></span> <span class='ocrx_word' id='word_1_298' title='bbox 1317 2119 1363 2180; x_wconf 88' lang='lat' dir='ltr'><strong>sic</strong></span> <span class='ocrx_word' id='word_1_299' title='bbox 1386 2121 1492 2181; x_wconf 88' lang='lat' dir='ltr'><strong>ieviter</strong></span> <span class='ocrx_word' id='word_1_300' title='bbox 1507 2117 1671 2198; x_wconf 90' lang='lat' dir='ltr'><strong>appetitur,</strong></span> <span class='ocrx_word' id='word_1_301' title='bbox 1688 2133 1723 2178; x_wconf 90' lang='lat' dir='ltr'><strong>ac</strong></span> <span class='ocrx_word' id='word_1_302' title='bbox 1744 2117 1770 2176; x_wconf 93' lang='lat' dir='ltr'><strong>si</strong></span> <span class='ocrx_word' id='word_1_303' title='bbox 1787 2115 1865 2176; x_wconf 89' lang='lat' dir='ltr'><strong>nihil</strong></span> <span class='ocrx_word' id='word_1_304' title='bbox 1881 2114 1978 2176; x_wconf 92' lang='lat' dir='ltr'><strong>solidi</strong></span> 
     </span>
     <span class='ocr_line' id='line_1_23' title="bbox 227 2197 1981 2288; baseline -0.011 -12"><span class='ocrx_word' id='word_1_305' title='bbox 227 2209 424 2286; x_wconf 67' lang='lat' dir='ltr'><strong>stultusrict,</strong></span> <span class='ocrx_word' id='word_1_306' title='bbox 440 2213 476 2273; x_wconf 88' lang='lat' dir='ltr'><strong>ut</strong></span> <span class='ocrx_word' id='word_1_307' title='bbox 489 2210 530 2272; x_wconf 87' lang='lat' dir='ltr'><strong>sit</strong></span> <span class='ocrx_word' id='word_1_308' title='bbox 544 2207 673 2282; x_wconf 85' lang='lat' dir='ltr'><strong>sopiens</strong></span> <span class='ocrx_word' id='word_1_309' title='bbox 696 2201 739 2287; x_wconf 81' lang='lat' dir='ltr'><strong>(t.</strong></span> <span class='ocrx_word' id='word_1_310' title='bbox 768 2205 909 2268; x_wconf 87' lang='lat' dir='ltr'><strong>Corinth.</strong></span> <span class='ocrx_word' id='word_1_311' title='bbox 927 2202 973 2288; x_wconf 87' lang='grc'><strong>3.)</strong></span> <span class='ocrx_word' id='word_1_312' title='bbox 996 2221 1076 2278; x_wconf 91' lang='lat' dir='ltr'><strong>nam,</strong></span> <span class='ocrx_word' id='word_1_313' title='bbox 1125 2204 1310 2264; x_wconf 88' lang='lat' dir='ltr'><strong>contineret.</strong></span> <span class='ocrx_word' id='word_1_314' title='bbox 1325 2201 1466 2264; x_wconf 91' lang='lat' dir='ltr'><strong>ltlumina</strong></span> <span class='ocrx_word' id='word_1_315' title='bbox 1483 2201 1612 2265; x_wconf 85' lang='lat' dir='ltr'><strong>bomine</strong></span> <span class='ocrx_word' id='word_1_316' title='bbox 1628 2201 1736 2262; x_wconf 90' lang='lat' dir='ltr'><strong>ocutos</strong></span> <span class='ocrx_word' id='word_1_317' title='bbox 1748 2215 1834 2288; x_wconf 86' lang='lat' dir='ltr'><strong>meos</strong></span> <span class='ocrx_word' id='word_1_318' title='bbox 1850 2197 1981 2259; x_wconf 83' lang='lat' dir='ltr'><strong>anterio·</strong></span> 
     </span>
     <span class='ocr_line' id='line_1_24' title="bbox 227 2283 1979 2369; baseline -0.009 -9"><span class='ocrx_word' id='word_1_319' title='bbox 227 2303 262 2360; x_wconf 89' lang='lat' dir='ltr'><strong>nt</strong></span> <span class='ocrx_word' id='word_1_320' title='bbox 277 2297 308 2366; x_wconf 90' lang='lat' dir='ltr'><strong>in</strong></span> <span class='ocrx_word' id='word_1_321' title='bbox 324 2295 433 2366; x_wconf 82' lang='lat' dir='ltr'><strong>eodeni</strong></span> <span class='ocrx_word' id='word_1_322' title='bbox 449 2295 517 2355; x_wconf 93' lang='lat' dir='ltr'><strong>loco</strong></span> <span class='ocrx_word' id='word_1_323' title='bbox 533 2290 564 2353; x_wconf 90' lang='lat' dir='ltr'><strong>S.</strong></span> <span class='ocrx_word' id='word_1_324' title='bbox 578 2289 744 2369; x_wconf 83' lang='lat' dir='ltr'><strong>Gregorius</strong></span> <span class='ocrx_word' id='word_1_325' title='bbox 759 2287 844 2362; x_wconf 92' lang='lat' dir='ltr'><strong>dicit,</strong></span> <span class='ocrx_word' id='word_1_326' title='bbox 858 2290 930 2351; x_wconf 89' lang='lat' dir='ltr'><strong>huic</strong></span> <span class='ocrx_word' id='word_1_327' title='bbox 946 2289 1076 2350; x_wconf 90' lang='lat' dir='ltr'><strong>morien·</strong></span> <span class='ocrx_word' id='word_1_328' title='bbox 1125 2301 1187 2362; x_wconf 90' lang='lat' dir='ltr'><strong>res,</strong></span> <span class='ocrx_word' id='word_1_329' title='bbox 1204 2293 1236 2346; x_wconf 92' lang='lat' dir='ltr'><strong>ut</strong></span> <span class='ocrx_word' id='word_1_330' title='bbox 1249 2285 1398 2348; x_wconf 91' lang='lat' dir='ltr'><strong>inveniam</strong></span> <span class='ocrx_word' id='word_1_331' title='bbox 1413 2287 1579 2364; x_wconf 83' lang='lat' dir='ltr'><strong>aliquando</strong></span> <span class='ocrx_word' id='word_1_332' title='bbox 1590 2293 1650 2348; x_wconf 92' lang='lat' dir='ltr'><strong>tam</strong></span> <span class='ocrx_word' id='word_1_333' title='bbox 1663 2283 1772 2346; x_wconf 87' lang='lat' dir='ltr'><strong>noxiae</strong></span> <span class='ocrx_word' id='word_1_334' title='bbox 1784 2283 1979 2362; x_wconf 88' lang='lat' dir='ltr'><strong>ignorantiae</strong></span> 
     </span>
     <span class='ocr_line' id='line_1_25' title="bbox 230 2371 1257 2459; baseline -0.013 -17"><span class='ocrx_word' id='word_1_335' title='bbox 230 2379 253 2443; x_wconf 91' lang='lat' dir='ltr'><strong>ti</strong></span> <span class='ocrx_word' id='word_1_336' title='bbox 268 2378 377 2459; x_wconf 85' lang='lat' dir='ltr'><strong>hageli</strong></span> <span class='ocrx_word' id='word_1_337' title='bbox 395 2377 480 2438; x_wconf 91' lang='lat' dir='ltr'><strong>multi</strong></span> <span class='ocrx_word' id='word_1_338' title='bbox 507 2375 561 2436; x_wconf 92' lang='lat' dir='ltr'><strong>visi</strong></span> <span class='ocrx_word' id='word_1_339' title='bbox 588 2382 661 2434; x_wconf 88' lang='lat' dir='ltr'><strong>sunt</strong></span> <span class='ocrx_word' id='word_1_340' title='bbox 685 2372 834 2445; x_wconf 87' lang='lat' dir='ltr'><strong>adicisse,</strong></span> <span class='ocrx_word' id='word_1_341' title='bbox 852 2375 904 2451; x_wconf 85' lang='lat' dir='ltr'><strong>qui</strong></span> <span class='ocrx_word' id='word_1_342' title='bbox 931 2373 1000 2451; x_wconf 79' lang='lat' dir='ltr'><strong>cJos</strong></span> <span class='ocrx_word' id='word_1_343' title='bbox 1015 2371 1079 2432; x_wconf 90' lang='lat' dir='ltr'><strong>ani·</strong></span> <span class='ocrx_word' id='word_1_344' title='bbox 1122 2385 1257 2430; x_wconf 91' lang='lat' dir='ltr'><strong>causam.</strong></span> 
     </span>
    </p>

    <p class='ocr_par' dir='ltr' id='par_1_3' title="bbox 228 2451 1981 2708">
     <span class='ocr_line' id='line_1_26' title="bbox 229 2451 1977 2534; baseline -0.007 -11"><span class='ocrx_word' id='word_1_345' title='bbox 229 2478 309 2524; x_wconf 89' lang='lat' dir='ltr'><strong>mam</strong></span> <span class='ocrx_word' id='word_1_346' title='bbox 336 2462 367 2522; x_wconf 93' lang='lat' dir='ltr'><strong>in</strong></span> <span class='ocrx_word' id='word_1_347' title='bbox 394 2459 512 2521; x_wconf 90' lang='lat' dir='ltr'><strong>caetum</strong></span> <span class='ocrx_word' id='word_1_348' title='bbox 536 2463 617 2518; x_wconf 90' lang='lat' dir='ltr'><strong>recte</strong></span> <span class='ocrx_word' id='word_1_349' title='bbox 641 2455 807 2524; x_wconf 86' lang='lat' dir='ltr'><strong>deterrent,</strong></span> <span class='ocrx_word' id='word_1_350' title='bbox 826 2462 856 2516; x_wconf 90' lang='lat' dir='ltr'><strong>et</strong></span> <span class='ocrx_word' id='word_1_351' title='bbox 871 2457 937 2534; x_wconf 92' lang='lat' dir='ltr'><strong>ipse</strong></span> <span class='ocrx_word' id='word_1_352' title='bbox 954 2461 1079 2516; x_wconf 89' lang='lat' dir='ltr'><strong>sanctus</strong></span> <span class='ocrx_word' id='word_1_353' title='bbox 1166 2452 1257 2513; x_wconf 81' lang='lat' dir='ltr'><strong>Amor</strong></span> <span class='ocrx_word' id='word_1_354' title='bbox 1279 2458 1361 2514; x_wconf 91' lang='lat' dir='ltr'><strong>certe</strong></span> <span class='ocrx_word' id='word_1_355' title='bbox 1377 2453 1564 2514; x_wconf 90' lang='lat' dir='ltr'><strong>desiderium</strong></span> <span class='ocrx_word' id='word_1_356' title='bbox 1589 2453 1678 2531; x_wconf 90' lang='lat' dir='ltr'><strong>perit,</strong></span> <span class='ocrx_word' id='word_1_357' title='bbox 1695 2451 1885 2514; x_wconf 88' lang='lat' dir='ltr'><strong>desiderium</strong></span> <span class='ocrx_word' id='word_1_358' title='bbox 1902 2465 1977 2511; x_wconf 86' lang='lat' dir='ltr'><strong>vero</strong></span> 
     </span>
     <span class='ocr_line' id='line_1_27' title="bbox 228 2533 1979 2617; baseline -0.007 -9"><span class='ocrx_word' id='word_1_359' title='bbox 228 2545 342 2608; x_wconf 88' lang='lat' dir='ltr'><strong>Doctor</strong></span> <span class='ocrx_word' id='word_1_360' title='bbox 368 2546 450 2606; x_wconf 92' lang='lat' dir='ltr'><strong>bunc</strong></span> <span class='ocrx_word' id='word_1_361' title='bbox 471 2541 659 2617; x_wconf 86' lang='lat' dir='ltr'><strong>Stephanum</strong></span> <span class='ocrx_word' id='word_1_362' title='bbox 681 2537 762 2600; x_wconf 91' lang='lat' dir='ltr'><strong>inter</strong></span> <span class='ocrx_word' id='word_1_363' title='bbox 776 2539 924 2617; x_wconf 76' lang='lat' dir='ltr'><strong>llartyres</strong></span> <span class='ocrx_word' id='word_1_364' title='bbox 940 2543 1074 2611; x_wconf 84' lang='lat' dir='ltr'><strong>sanctos,</strong></span> <span class='ocrx_word' id='word_1_365' title='bbox 1125 2553 1194 2598; x_wconf 92' lang='lat' dir='ltr'><strong>com</strong></span> <span class='ocrx_word' id='word_1_366' title='bbox 1210 2537 1318 2596; x_wconf 91' lang='lat' dir='ltr'><strong>ardere</strong></span> <span class='ocrx_word' id='word_1_367' title='bbox 1334 2537 1531 2598; x_wconf 89' lang='lat' dir='ltr'><strong>vehementer</strong></span> <span class='ocrx_word' id='word_1_368' title='bbox 1559 2535 1677 2614; x_wconf 87' lang='lat' dir='ltr'><strong>incipit,</strong></span> <span class='ocrx_word' id='word_1_369' title='bbox 1694 2534 1762 2596; x_wconf 90' lang='lat' dir='ltr'><strong>sitis</strong></span> <span class='ocrx_word' id='word_1_370' title='bbox 1787 2533 1979 2612; x_wconf 87' lang='lat' dir='ltr'><strong>appellatur.</strong></span> 
     </span>
     <span class='ocr_line' id='line_1_28' title="bbox 230 2618 1981 2708; baseline -0.007 -18"><span class='ocrx_word' id='word_1_371' title='bbox 230 2630 270 2690; x_wconf 93' lang='lat' dir='ltr'><strong>ob</strong></span> <span class='ocrx_word' id='word_1_372' title='bbox 286 2627 356 2708; x_wconf 82' lang='lat' dir='ltr'><strong>ojus</strong></span> <span class='ocrx_word' id='word_1_373' title='bbox 371 2626 550 2707; x_wconf 88' lang='lat' dir='ltr'><strong>patientiam</strong></span> <span class='ocrx_word' id='word_1_374' title='bbox 564 2624 718 2696; x_wconf 79' lang='lat' dir='ltr'><strong>crinitam,</strong></span> <span class='ocrx_word' id='word_1_375' title='bbox 736 2638 897 2685; x_wconf 86' lang='lat' dir='ltr'><strong>numerare</strong></span> <span class='ocrx_word' id='word_1_376' title='bbox 913 2639 975 2686; x_wconf 92' lang='lat' dir='ltr'><strong>non</strong></span> <span class='ocrx_word' id='word_1_377' title='bbox 990 2621 1078 2683; x_wconf 90' lang='lat' dir='ltr'><strong>dobi-</strong></span> <span class='ocrx_word' id='word_1_378' title='bbox 1123 2618 1183 2680; x_wconf 91' lang='lat' dir='ltr'><strong>Sed</strong></span> <span class='ocrx_word' id='word_1_379' title='bbox 1194 2618 1264 2695; x_wconf 82' lang='lat' dir='ltr'><strong>quis</strong></span> <span class='ocrx_word' id='word_1_380' title='bbox 1276 2626 1377 2695; x_wconf 88' lang='lat' dir='ltr'><strong>potest</strong></span> <span class='ocrx_word' id='word_1_381' title='bbox 1390 2635 1559 2682; x_wconf 90' lang='lat' dir='ltr'><strong>nonamare</strong></span> <span class='ocrx_word' id='word_1_382' title='bbox 1571 2620 1699 2681; x_wconf 89' lang='lat' dir='ltr'><strong>salutem</strong></span> <span class='ocrx_word' id='word_1_383' title='bbox 1711 2621 1879 2698; x_wconf 89' lang='lat' dir='ltr'><strong>propriam,</strong></span> <span class='ocrx_word' id='word_1_384' title='bbox 1890 2633 1981 2696; x_wconf 88' lang='lat' dir='ltr'><strong>prae·</strong></span> 
     </span>
    </p>
   </div>
   <div class='ocr_carea' id='block_1_3' title="bbox 229 2709 355 2778">
    <p class='ocr_par' dir='ltr' id='par_1_4' title="bbox 229 2709 355 2778">
     <span class='ocr_line' id='line_1_29' title="bbox 229 2709 355 2778; baseline 0.024 -3"><span class='ocrx_word' id='word_1_385' title='bbox 229 2709 311 2775; x_wconf 87' lang='lat' dir='ltr'><strong>tavit.</strong></span> <span class='ocrx_word' id='word_1_386' title='bbox 349 2768 355 2778; x_wconf 92' lang='lat'><em>.</em></span> 
     </span>
    </p>
   </div>
   <div class='ocr_carea' id='block_1_4' title="bbox 577 2869 735 2934">
    <p class='ocr_par' dir='ltr' id='par_1_5' title="bbox 577 2869 735 2934">
     <span class='ocr_line' id='line_1_30' title="bbox 577 2869 735 2934; baseline 0 0"><span class='ocrx_word' id='word_1_387' title='bbox 577 2871 658 2934; x_wconf 76' lang='lat' dir='ltr'><strong>ctu.</strong></span> <span class='ocrx_word' id='word_1_388' title='bbox 681 2869 735 2934; x_wconf 87' lang='lat' dir='ltr'><strong>xl.</strong></span> 
     </span>
    </p>
   </div>
   <div class='ocr_carea' id='block_1_5' title="bbox 278 3017 923 3114">
    <p class='ocr_par' dir='ltr' id='par_1_6' title="bbox 278 3017 923 3114">
     <span class='ocr_line' id='line_1_31' title="bbox 278 3017 923 3114; baseline -0.017 -15"><span class='ocrx_word' id='word_1_389' title='bbox 278 3101 284 3114; x_wconf 63' lang='grc'>,</span> <span class='ocrx_word' id='word_1_390' title='bbox 332 3017 336 3027; x_wconf 72' lang='grc'><strong><em>’</em></strong></span> <span class='ocrx_word' id='word_1_391' title='bbox 379 3021 434 3094; x_wconf 73' lang='lat' dir='ltr'><strong>¹lie</strong></span> <span class='ocrx_word' id='word_1_392' title='bbox 449 3017 565 3112; x_wconf 69' lang='lat' dir='ltr'><strong>goario</strong></span> <span class='ocrx_word' id='word_1_393' title='bbox 579 3029 688 3107; x_wconf 69' lang='lat' dir='ltr'><strong>fructu</strong></span> <span class='ocrx_word' id='word_1_394' title='bbox 701 3026 790 3090; x_wconf 87' lang='lat' dir='ltr'><strong>uerbi</strong></span> <span class='ocrx_word' id='word_1_395' title='bbox 805 3027 923 3106; x_wconf 78' lang='lat' dir='ltr'><strong>quinti.</strong></span> 
     </span>
    </p>
   </div>
   <div class='ocr_carea' id='block_1_6' title="bbox 227 3197 1081 5782">
    <p class='ocr_par' dir='ltr' id='par_1_7' title="bbox 227 3197 1081 5782">
     <span class='ocr_line' id='line_1_32' title="bbox 270 3197 1080 3278; baseline 0.002 -16"><span class='ocrx_word' id='word_1_396' title='bbox 270 3199 375 3263; x_wconf 84' lang='lat' dir='ltr'><strong>hdbuc</strong></span> <span class='ocrx_word' id='word_1_397' title='bbox 390 3197 534 3277; x_wconf 87' lang='lat' dir='ltr'><strong>superest</strong></span> <span class='ocrx_word' id='word_1_398' title='bbox 547 3200 663 3262; x_wconf 84' lang='lat' dir='ltr'><strong>tructus</strong></span> <span class='ocrx_word' id='word_1_399' title='bbox 676 3216 768 3272; x_wconf 87' lang='lat' dir='ltr'><strong>unus,</strong></span> <span class='ocrx_word' id='word_1_400' title='bbox 782 3203 868 3278; x_wconf 85' lang='lat' dir='ltr'><strong>isque</strong></span> <span class='ocrx_word' id='word_1_401' title='bbox 880 3201 1080 3264; x_wconf 88' lang='lat' dir='ltr'><strong>dulcissimus</strong></span> 
     </span>
     <span class='ocr_line' id='line_1_33' title="bbox 228 3284 1075 3363; baseline -0.001 -16"><span class='ocrx_word' id='word_1_402' title='bbox 228 3285 280 3363; x_wconf 84' lang='lat' dir='ltr'><strong>qui</strong></span> <span class='ocrx_word' id='word_1_403' title='bbox 306 3299 342 3344; x_wconf 86' lang='lat' dir='ltr'><strong>ex</strong></span> <span class='ocrx_word' id='word_1_404' title='bbox 358 3285 450 3344; x_wconf 88' lang='lat' dir='ltr'><strong>verbo</strong></span> <span class='ocrx_word' id='word_1_405' title='bbox 475 3284 549 3346; x_wconf 83' lang='lat' dir='ltr'><strong>sitio</strong></span> <span class='ocrx_word' id='word_1_406' title='bbox 565 3285 689 3361; x_wconf 88' lang='lat' dir='ltr'><strong>decerpi</strong></span> <span class='ocrx_word' id='word_1_407' title='bbox 717 3291 828 3360; x_wconf 88' lang='lat' dir='ltr'><strong>potest,</strong></span> <span class='ocrx_word' id='word_1_408' title='bbox 847 3284 977 3346; x_wconf 90' lang='lat' dir='ltr'><strong>Sanctus</strong></span> <span class='ocrx_word' id='word_1_409' title='bbox 994 3287 1075 3346; x_wconf 86' lang='lat' dir='ltr'><strong>enirn</strong></span> 
     </span>
     <span class='ocr_line' id='line_1_34' title="bbox 227 3367 1081 3452; baseline -0.001 -21"><span class='ocrx_word' id='word_1_410' title='bbox 227 3367 417 3447; x_wconf 79' lang='lat' dir='ltr'><strong>Augustinus</strong></span> <span class='ocrx_word' id='word_1_411' title='bbox 433 3383 581 3428; x_wconf 84' lang='lat' dir='ltr'><strong>enarrans</strong></span> <span class='ocrx_word' id='word_1_412' title='bbox 592 3367 744 3430; x_wconf 88' lang='lat' dir='ltr'><strong>Psalmum</strong></span> <span class='ocrx_word' id='word_1_413' title='bbox 757 3369 981 3452; x_wconf 78' lang='lat' dir='ltr'><strong>sexagesimum</strong></span> <span class='ocrx_word' id='word_1_414' title='bbox 998 3374 1081 3430; x_wconf 90' lang='lat' dir='ltr'><strong>octa·</strong></span> 
     </span>
     <span class='ocr_line' id='line_1_35' title="bbox 228 3450 1080 3527; baseline -0.001 -14"><span class='ocrx_word' id='word_1_415' title='bbox 228 3469 311 3519; x_wconf 90' lang='lat' dir='ltr'><strong>vum,</strong></span> <span class='ocrx_word' id='word_1_416' title='bbox 329 3466 487 3527; x_wconf 88' lang='lat' dir='ltr'><strong>exponens</strong></span> <span class='ocrx_word' id='word_1_417' title='bbox 515 3453 639 3512; x_wconf 88' lang='lat' dir='ltr'><strong>verbum</strong></span> <span class='ocrx_word' id='word_1_418' title='bbox 663 3453 748 3522; x_wconf 89' lang='lat' dir='ltr'><strong>sitio,</strong></span> <span class='ocrx_word' id='word_1_419' title='bbox 766 3450 860 3521; x_wconf 89' lang='lat' dir='ltr'><strong>dicit,</strong></span> <span class='ocrx_word' id='word_1_420' title='bbox 879 3467 915 3512; x_wconf 91' lang='lat' dir='ltr'><strong>eo</strong></span> <span class='ocrx_word' id='word_1_421' title='bbox 931 3452 1023 3512; x_wconf 87' lang='lat' dir='ltr'><strong>verbo</strong></span> <span class='ocrx_word' id='word_1_422' title='bbox 1040 3453 1080 3512; x_wconf 86' lang='lat' dir='ltr'><strong>si·</strong></span> 
     </span>
     <span class='ocr_line' id='line_1_36' title="bbox 228 3533 1080 3615; baseline 0.001 -19"><span class='ocrx_word' id='word_1_423' title='bbox 228 3533 404 3615; x_wconf 88' lang='lat' dir='ltr'><strong>gnidcatum</strong></span> <span class='ocrx_word' id='word_1_424' title='bbox 414 3533 510 3594; x_wconf 90' lang='lat' dir='ltr'><strong>luisse</strong></span> <span class='ocrx_word' id='word_1_425' title='bbox 524 3551 583 3596; x_wconf 92' lang='lat' dir='ltr'><strong>non</strong></span> <span class='ocrx_word' id='word_1_426' title='bbox 597 3536 696 3596; x_wconf 90' lang='lat' dir='ltr'><strong>solum</strong></span> <span class='ocrx_word' id='word_1_427' title='bbox 710 3534 896 3596; x_wconf 86' lang='lat' dir='ltr'><strong>desiderium</strong></span> <span class='ocrx_word' id='word_1_428' title='bbox 912 3542 1001 3608; x_wconf 90' lang='lat' dir='ltr'><strong>potus</strong></span> <span class='ocrx_word' id='word_1_429' title='bbox 1014 3552 1080 3597; x_wconf 92' lang='lat' dir='ltr'><strong>cor·</strong></span> 
     </span>
     <span class='ocr_line' id='line_1_37' title="bbox 228 3616 1079 3698; baseline -0.001 -17"><span class='ocrx_word' id='word_1_430' title='bbox 228 3617 342 3698; x_wconf 87' lang='lat' dir='ltr'><strong>porelis</strong></span> <span class='ocrx_word' id='word_1_431' title='bbox 356 3636 365 3696; x_wconf 82' lang='lat'>3</span> <span class='ocrx_word' id='word_1_432' title='bbox 381 3618 437 3678; x_wconf 87' lang='lat' dir='ltr'><strong>sed</strong></span> <span class='ocrx_word' id='word_1_433' title='bbox 453 3619 541 3678; x_wconf 89' lang='lat' dir='ltr'><strong>etiam</strong></span> <span class='ocrx_word' id='word_1_434' title='bbox 560 3617 747 3679; x_wconf 87' lang='lat' dir='ltr'><strong>desiderium</strong></span> <span class='ocrx_word' id='word_1_435' title='bbox 764 3663 771 3692; x_wconf 94' lang='lat'><strong>,</strong></span> <span class='ocrx_word' id='word_1_436' title='bbox 791 3634 851 3694; x_wconf 84' lang='lat' dir='ltr'><strong>quo</strong></span> <span class='ocrx_word' id='word_1_437' title='bbox 873 3616 1011 3679; x_wconf 89' lang='lat' dir='ltr'><strong>Christus</strong></span> <span class='ocrx_word' id='word_1_438' title='bbox 1027 3619 1079 3680; x_wconf 87' lang='lat' dir='ltr'><strong>fla-</strong></span> 
     </span>
     <span class='ocr_line' id='line_1_38' title="bbox 231 3699 1076 3780; baseline 0.004 -18"><span class='ocrx_word' id='word_1_439' title='bbox 231 3701 348 3780; x_wconf 87' lang='lat' dir='ltr'><strong>grabat,</strong></span> <span class='ocrx_word' id='word_1_440' title='bbox 367 3699 438 3762; x_wconf 88' lang='lat' dir='ltr'><strong>lidei</strong></span> <span class='ocrx_word' id='word_1_441' title='bbox 460 3707 489 3761; x_wconf 90' lang='lat' dir='ltr'><strong>et</strong></span> <span class='ocrx_word' id='word_1_442' title='bbox 510 3699 618 3763; x_wconf 90' lang='lat' dir='ltr'><strong>salutis</strong></span> <span class='ocrx_word' id='word_1_443' title='bbox 641 3700 834 3762; x_wconf 91' lang='lat' dir='ltr'><strong>inimicorum</strong></span> <span class='ocrx_word' id='word_1_444' title='bbox 862 3717 998 3763; x_wconf 88' lang='lat' dir='ltr'><strong>suorum.</strong></span> <span class='ocrx_word' id='word_1_445' title='bbox 1017 3702 1076 3765; x_wconf 89' lang='lat' dir='ltr'><strong>Sed</strong></span> 
     </span>
     <span class='ocr_line' id='line_1_39' title="bbox 228 3786 1078 3864; baseline 0.002 -18"><span class='ocrx_word' id='word_1_446' title='bbox 228 3800 395 3863; x_wconf 84' lang='lat' dir='ltr'><strong>possumus</strong></span> <span class='ocrx_word' id='word_1_447' title='bbox 411 3799 477 3856; x_wconf 81' lang='lat' dir='ltr'><strong>noa,</strong></span> <span class='ocrx_word' id='word_1_448' title='bbox 493 3788 657 3846; x_wconf 80' lang='lat' dir='ltr'><strong>occasione</strong></span> <span class='ocrx_word' id='word_1_449' title='bbox 675 3790 799 3863; x_wconf 88' lang='lat' dir='ltr'><strong>accepta</strong></span> <span class='ocrx_word' id='word_1_450' title='bbox 817 3800 852 3844; x_wconf 87' lang='lat' dir='ltr'><strong>ex</strong></span> <span class='ocrx_word' id='word_1_451' title='bbox 868 3786 963 3846; x_wconf 86' lang='lat' dir='ltr'><strong>sancti</strong></span> <span class='ocrx_word' id='word_1_452' title='bbox 978 3789 1078 3864; x_wconf 86' lang='lat' dir='ltr'><strong>Augu·</strong></span> 
     </span>
     <span class='ocr_line' id='line_1_40' title="bbox 228 3867 1078 3948; baseline 0.001 -19"><span class='ocrx_word' id='word_1_453' title='bbox 228 3867 300 3929; x_wconf 91' lang='lat' dir='ltr'><strong>stini</strong></span> <span class='ocrx_word' id='word_1_454' title='bbox 317 3867 479 3936; x_wconf 89' lang='lat' dir='ltr'><strong>sententia,</strong></span> <span class='ocrx_word' id='word_1_455' title='bbox 499 3870 589 3944; x_wconf 91' lang='lat' dir='ltr'><strong>paulo</strong></span> <span class='ocrx_word' id='word_1_456' title='bbox 606 3870 695 3930; x_wconf 88' lang='lat' dir='ltr'><strong>altius</strong></span> <span class='ocrx_word' id='word_1_457' title='bbox 711 3868 893 3943; x_wconf 90' lang='lat' dir='ltr'><strong>ascendere,</strong></span> <span class='ocrx_word' id='word_1_458' title='bbox 909 3887 943 3928; x_wconf 91' lang='lat' dir='ltr'><strong>ac</strong></span> <span class='ocrx_word' id='word_1_459' title='bbox 960 3870 1078 3948; x_wconf 81' lang='lat' dir='ltr'><strong>dicere3</strong></span> 
     </span>
     <span class='ocr_line' id='line_1_41' title="bbox 230 3948 1078 4030; baseline 0 -18"><span class='ocrx_word' id='word_1_460' title='bbox 230 3948 383 4026; x_wconf 88' lang='lat' dir='ltr'><strong>Christum</strong></span> <span class='ocrx_word' id='word_1_461' title='bbox 406 3950 539 4012; x_wconf 86' lang='lat' dir='ltr'><strong>sitivisse</strong></span> <span class='ocrx_word' id='word_1_462' title='bbox 562 3950 772 4030; x_wconf 79' lang='lat' dir='ltr'><strong>glomerabat,</strong></span> <span class='ocrx_word' id='word_1_463' title='bbox 791 3960 819 4011; x_wconf 94' lang='lat' dir='ltr'><strong>et</strong></span> <span class='ocrx_word' id='word_1_464' title='bbox 835 3952 964 4012; x_wconf 90' lang='lat' dir='ltr'><strong>satutem</strong></span> <span class='ocrx_word' id='word_1_465' title='bbox 982 3953 1078 4012; x_wconf 86' lang='lat' dir='ltr'><strong>borni·</strong></span> 
     </span>
     <span class='ocr_line' id='line_1_42' title="bbox 230 4033 1075 4111; baseline 0.004 -17"><span class='ocrx_word' id='word_1_466' title='bbox 230 4049 316 4094; x_wconf 89' lang='lat' dir='ltr'><strong>num:</strong></span> <span class='ocrx_word' id='word_1_467' title='bbox 335 4051 390 4110; x_wconf 80' lang='lat' dir='ltr'><strong>nos</strong></span> <span class='ocrx_word' id='word_1_468' title='bbox 406 4041 505 4094; x_wconf 89' lang='lat' dir='ltr'><strong>autem</strong></span> <span class='ocrx_word' id='word_1_469' title='bbox 524 4033 607 4096; x_wconf 82' lang='lat' dir='ltr'><strong>sitire</strong></span> <span class='ocrx_word' id='word_1_470' title='bbox 624 4034 738 4096; x_wconf 88' lang='lat' dir='ltr'><strong>debere</strong></span> <span class='ocrx_word' id='word_1_471' title='bbox 754 4033 880 4111; x_wconf 87' lang='lat' dir='ltr'><strong>gloriam</strong></span> <span class='ocrx_word' id='word_1_472' title='bbox 897 4033 965 4094; x_wconf 84' lang='lat' dir='ltr'><strong>Dei.</strong></span> <span class='ocrx_word' id='word_1_473' title='bbox 981 4037 1075 4097; x_wconf 89' lang='lat' dir='ltr'><strong>bono·</strong></span> 
     </span>
     <span class='ocr_line' id='line_1_43' title="bbox 229 4115 1078 4186; baseline -0.001 -7"><span class='ocrx_word' id='word_1_474' title='bbox 229 4131 293 4179; x_wconf 89' lang='lat' dir='ltr'><strong>rom</strong></span> <span class='ocrx_word' id='word_1_475' title='bbox 311 4115 434 4186; x_wconf 87' lang='lat' dir='ltr'><strong>Christi,</strong></span> <span class='ocrx_word' id='word_1_476' title='bbox 452 4119 580 4178; x_wconf 86' lang='lat' dir='ltr'><strong>salutem</strong></span> <span class='ocrx_word' id='word_1_477' title='bbox 599 4127 745 4182; x_wconf 85' lang='lat' dir='ltr'><strong>nostram,</strong></span> <span class='ocrx_word' id='word_1_478' title='bbox 763 4122 793 4178; x_wconf 89' lang='lat' dir='ltr'><strong>et</strong></span> <span class='ocrx_word' id='word_1_479' title='bbox 808 4118 935 4178; x_wconf 88' lang='lat' dir='ltr'><strong>salutem</strong></span> <span class='ocrx_word' id='word_1_480' title='bbox 953 4115 1078 4178; x_wconf 87' lang='lat' dir='ltr'><strong>iratrum</strong></span> 
     </span>
     <span class='ocr_line' id='line_1_44' title="bbox 231 4199 1079 4280; baseline 0.004 -19"><span class='ocrx_word' id='word_1_481' title='bbox 231 4207 415 4262; x_wconf 89' lang='lat' dir='ltr'><strong>nostrorum.</strong></span> <span class='ocrx_word' id='word_1_482' title='bbox 433 4200 470 4260; x_wconf 83' lang='lat' dir='ltr'><strong>lii</strong></span> <span class='ocrx_word' id='word_1_483' title='bbox 485 4201 622 4277; x_wconf 82' lang='lat' dir='ltr'><strong>quidem,</strong></span> <span class='ocrx_word' id='word_1_484' title='bbox 641 4203 721 4279; x_wconf 84' lang='lat' dir='ltr'><strong>quod</strong></span> <span class='ocrx_word' id='word_1_485' title='bbox 739 4199 877 4262; x_wconf 86' lang='lat' dir='ltr'><strong>Christus</strong></span> <span class='ocrx_word' id='word_1_486' title='bbox 893 4201 1002 4262; x_wconf 86' lang='lat' dir='ltr'><strong>sitierit</strong></span> <span class='ocrx_word' id='word_1_487' title='bbox 1016 4204 1079 4280; x_wconf 89' lang='lat' dir='ltr'><strong>glo·</strong></span> 
     </span>
     <span class='ocr_line' id='line_1_45' title="bbox 229 4282 1077 4366; baseline 0.002 -22"><span class='ocrx_word' id='word_1_488' title='bbox 229 4282 304 4344; x_wconf 90' lang='lat' dir='ltr'><strong>riam</strong></span> <span class='ocrx_word' id='word_1_489' title='bbox 321 4283 428 4366; x_wconf 70' lang='lat' dir='ltr'><strong>Patris,</strong></span> <span class='ocrx_word' id='word_1_490' title='bbox 454 4295 483 4344; x_wconf 88' lang='lat' dir='ltr'><strong>et</strong></span> <span class='ocrx_word' id='word_1_491' title='bbox 510 4286 641 4346; x_wconf 89' lang='lat' dir='ltr'><strong>salutem</strong></span> <span class='ocrx_word' id='word_1_492' title='bbox 663 4284 843 4359; x_wconf 88' lang='lat' dir='ltr'><strong>animarum,</strong></span> <span class='ocrx_word' id='word_1_493' title='bbox 868 4285 999 4346; x_wconf 87' lang='lat' dir='ltr'><strong>dubitari</strong></span> <span class='ocrx_word' id='word_1_494' title='bbox 1018 4303 1077 4347; x_wconf 95' lang='lat' dir='ltr'><strong>non</strong></span> 
     </span>
     <span class='ocr_line' id='line_1_46' title="bbox 229 4367 1079 4446; baseline 0.005 -20"><span class='ocrx_word' id='word_1_495' title='bbox 229 4373 343 4444; x_wconf 86' lang='lat' dir='ltr'><strong>potest:</strong></span> <span class='ocrx_word' id='word_1_496' title='bbox 361 4367 390 4426; x_wconf 93' lang='lat' dir='ltr'><strong>id</strong></span> <span class='ocrx_word' id='word_1_497' title='bbox 408 4367 489 4428; x_wconf 92' lang='lat' dir='ltr'><strong>enim</strong></span> <span class='ocrx_word' id='word_1_498' title='bbox 505 4369 638 4445; x_wconf 82' lang='lat' dir='ltr'><strong>clamant</strong></span> <span class='ocrx_word' id='word_1_499' title='bbox 652 4368 752 4428; x_wconf 90' lang='lat' dir='ltr'><strong>omnia</strong></span> <span class='ocrx_word' id='word_1_500' title='bbox 769 4383 862 4444; x_wconf 91' lang='lat' dir='ltr'><strong>opera</strong></span> <span class='ocrx_word' id='word_1_501' title='bbox 879 4367 959 4446; x_wconf 84' lang='lat' dir='ltr'><strong>ejus,</strong></span> <span class='ocrx_word' id='word_1_502' title='bbox 975 4377 1003 4430; x_wconf 91' lang='lat' dir='ltr'><strong>et</strong></span> <span class='ocrx_word' id='word_1_503' title='bbox 1016 4388 1079 4431; x_wconf 92' lang='lat' dir='ltr'><strong>om-</strong></span> 
     </span>
     <span class='ocr_line' id='line_1_47' title="bbox 229 4449 1076 4531; baseline 0.001 -20"><span class='ocrx_word' id='word_1_504' title='bbox 229 4465 287 4512; x_wconf 90' lang='lat' dir='ltr'><strong>nes</strong></span> <span class='ocrx_word' id='word_1_505' title='bbox 302 4449 469 4512; x_wconf 87' lang='lat' dir='ltr'><strong>conciones</strong></span> <span class='ocrx_word' id='word_1_506' title='bbox 491 4451 571 4531; x_wconf 86' lang='lat' dir='ltr'><strong>ejus.</strong></span> <span class='ocrx_word' id='word_1_507' title='bbox 588 4458 617 4513; x_wconf 94' lang='lat' dir='ltr'><strong>et</strong></span> <span class='ocrx_word' id='word_1_508' title='bbox 632 4467 741 4513; x_wconf 91' lang='lat' dir='ltr'><strong>omnes</strong></span> <span class='ocrx_word' id='word_1_509' title='bbox 764 4451 927 4529; x_wconf 90' lang='lat' dir='ltr'><strong>passiones</strong></span> <span class='ocrx_word' id='word_1_510' title='bbox 951 4452 1029 4527; x_wconf 83' lang='lat' dir='ltr'><strong>ejus,</strong></span> <span class='ocrx_word' id='word_1_511' title='bbox 1047 4461 1076 4514; x_wconf 93' lang='lat' dir='ltr'><strong>et</strong></span> 
     </span>
     <span class='ocr_line' id='line_1_48' title="bbox 230 4531 1077 4613; baseline 0 -17"><span class='ocrx_word' id='word_1_512' title='bbox 230 4531 331 4596; x_wconf 89' lang='lat' dir='ltr'><strong>omnia</strong></span> <span class='ocrx_word' id='word_1_513' title='bbox 359 4532 502 4596; x_wconf 89' lang='lat' dir='ltr'><strong>miracola</strong></span> <span class='ocrx_word' id='word_1_514' title='bbox 530 4536 611 4613; x_wconf 74' lang='lat' dir='ltr'><strong>ejus,</strong></span> <span class='ocrx_word' id='word_1_515' title='bbox 635 4533 726 4596; x_wconf 88' lang='lat' dir='ltr'><strong>llobis</strong></span> <span class='ocrx_word' id='word_1_516' title='bbox 753 4535 854 4611; x_wconf 92' lang='lat' dir='ltr'><strong>potius</strong></span> <span class='ocrx_word' id='word_1_517' title='bbox 882 4537 1077 4611; x_wconf 90' lang='lat' dir='ltr'><strong>cogitandum</strong></span> 
     </span>
     <span class='ocr_line' id='line_1_49' title="bbox 231 4615 1077 4697; baseline 0.002 -18"><span class='ocrx_word' id='word_1_518' title='bbox 231 4622 345 4694; x_wconf 76' lang='lat' dir='ltr'><strong>cst,‚ul</strong></span> <span class='ocrx_word' id='word_1_519' title='bbox 366 4631 426 4694; x_wconf 84' lang='lat' dir='ltr'><strong>non</strong></span> <span class='ocrx_word' id='word_1_520' title='bbox 450 4619 547 4680; x_wconf 81' lang='lat' dir='ltr'><strong>simus</strong></span> <span class='ocrx_word' id='word_1_521' title='bbox 573 4617 682 4696; x_wconf 84' lang='lat' dir='ltr'><strong>ingrati</strong></span> <span class='ocrx_word' id='word_1_522' title='bbox 705 4623 787 4679; x_wconf 91' lang='lat' dir='ltr'><strong>tanto</strong></span> <span class='ocrx_word' id='word_1_523' title='bbox 804 4615 1002 4680; x_wconf 78' lang='lat' dir='ltr'><strong>benefactori.</strong></span> <span class='ocrx_word' id='word_1_524' title='bbox 1020 4636 1077 4697; x_wconf 86' lang='lat' dir='ltr'><strong>qua</strong></span> 
     </span>
     <span class='ocr_line' id='line_1_50' title="bbox 230 4699 1078 4778; baseline 0.002 -17"><span class='ocrx_word' id='word_1_525' title='bbox 230 4702 347 4778; x_wconf 77' lang='lat' dir='ltr'><strong>ratione</strong></span> <span class='ocrx_word' id='word_1_526' title='bbox 363 4700 408 4760; x_wconf 90' lang='lat' dir='ltr'><strong>sic</strong></span> <span class='ocrx_word' id='word_1_527' title='bbox 424 4699 603 4761; x_wconf 86' lang='lat' dir='ltr'><strong>inflammari</strong></span> <span class='ocrx_word' id='word_1_528' title='bbox 624 4699 788 4774; x_wconf 82' lang='lat' dir='ltr'><strong>possimus,</strong></span> <span class='ocrx_word' id='word_1_529' title='bbox 807 4706 840 4761; x_wconf 90' lang='lat' dir='ltr'><strong>ut</strong></span> <span class='ocrx_word' id='word_1_530' title='bbox 855 4717 923 4760; x_wconf 91' lang='lat' dir='ltr'><strong>vere</strong></span> <span class='ocrx_word' id='word_1_531' title='bbox 939 4701 1078 4764; x_wconf 90' lang='lat' dir='ltr'><strong>sitiamus</strong></span> 
     </span>
     <span class='ocr_line' id='line_1_51' title="bbox 230 4783 1079 4857; baseline 0.004 -13"><span class='ocrx_word' id='word_1_532' title='bbox 230 4786 380 4852; x_wconf 89' lang='lat' dir='ltr'><strong>honorem</strong></span> <span class='ocrx_word' id='word_1_533' title='bbox 396 4784 461 4851; x_wconf 81' lang='lat' dir='ltr'><strong>hei,</strong></span> <span class='ocrx_word' id='word_1_534' title='bbox 477 4786 527 4857; x_wconf 84' lang='lat' dir='ltr'><strong>oui</strong></span> <span class='ocrx_word' id='word_1_535' title='bbox 540 4783 587 4846; x_wconf 86' lang='lat' dir='ltr'><strong>sic</strong></span> <span class='ocrx_word' id='word_1_536' title='bbox 599 4784 715 4846; x_wconf 72' lang='lat' dir='ltr'><strong>dilexit</strong></span> <span class='ocrx_word' id='word_1_537' title='bbox 726 4784 896 4854; x_wconf 84' lang='lat' dir='ltr'><strong>mundum,</strong></span> <span class='ocrx_word' id='word_1_538' title='bbox 911 4788 947 4845; x_wconf 89' lang='lat' dir='ltr'><strong>ut</strong></span> <span class='ocrx_word' id='word_1_539' title='bbox 958 4785 1079 4848; x_wconf 71' lang='lat' dir='ltr'><strong>Filium</strong></span> 
     </span>
     <span class='ocr_line' id='line_1_52' title="bbox 230 4865 1078 4946; baseline -0.004 -17"><span class='ocrx_word' id='word_1_540' title='bbox 230 4881 326 4929; x_wconf 83' lang='lat' dir='ltr'><strong>ouum</strong></span> <span class='ocrx_word' id='word_1_541' title='bbox 338 4867 543 4945; x_wconf 82' lang='lat' dir='ltr'><strong>unigenitum</strong></span> <span class='ocrx_word' id='word_1_542' title='bbox 556 4867 659 4930; x_wconf 86' lang='lat' dir='ltr'><strong>daret:</strong></span> <span class='ocrx_word' id='word_1_543' title='bbox 671 4867 779 4946; x_wconf 82' lang='lat' dir='ltr'><strong>(loon.</strong></span> <span class='ocrx_word' id='word_1_544' title='bbox 793 4865 839 4945; x_wconf 83' lang='lat'><strong>3.)</strong></span> <span class='ocrx_word' id='word_1_545' title='bbox 853 4875 882 4927; x_wconf 90' lang='lat' dir='ltr'><strong>et</strong></span> <span class='ocrx_word' id='word_1_546' title='bbox 894 4866 984 4928; x_wconf 88' lang='lat' dir='ltr'><strong>simut</strong></span> <span class='ocrx_word' id='word_1_547' title='bbox 995 4867 1078 4930; x_wconf 89' lang='lat' dir='ltr'><strong>Chri·</strong></span> 
     </span>
     <span class='ocr_line' id='line_1_53' title="bbox 231 4949 1077 5028; baseline 0.001 -17"><span class='ocrx_word' id='word_1_548' title='bbox 231 4950 269 5011; x_wconf 87' lang='lat' dir='ltr'><strong>sti</strong></span> <span class='ocrx_word' id='word_1_549' title='bbox 286 4949 412 5026; x_wconf 78' lang='lat' dir='ltr'><strong>gloriam</strong></span> <span class='ocrx_word' id='word_1_550' title='bbox 428 4967 499 5012; x_wconf 87' lang='lat' dir='ltr'><strong>vere</strong></span> <span class='ocrx_word' id='word_1_551' title='bbox 515 4956 605 5028; x_wconf 90' lang='lat' dir='ltr'><strong>atque</strong></span> <span class='ocrx_word' id='word_1_552' title='bbox 617 4953 759 5012; x_wconf 91' lang='lat' dir='ltr'><strong>ardenter</strong></span> <span class='ocrx_word' id='word_1_553' title='bbox 771 4951 920 5026; x_wconf 90' lang='lat' dir='ltr'><strong>sitiamus,</strong></span> <span class='ocrx_word' id='word_1_554' title='bbox 935 4952 986 5026; x_wconf 84' lang='lat' dir='ltr'><strong>qui</strong></span> <span class='ocrx_word' id='word_1_555' title='bbox 999 4952 1077 5013; x_wconf 88' lang='lat' dir='ltr'><strong>dilc-</strong></span> 
     </span>
     <span class='ocr_line' id='line_1_54' title="bbox 230 5031 1078 5114; baseline 0 -18"><span class='ocrx_word' id='word_1_556' title='bbox 230 5031 366 5108; x_wconf 77' lang='lat' dir='ltr'><strong>rcitrros,</strong></span> <span class='ocrx_word' id='word_1_557' title='bbox 383 5041 412 5110; x_wconf 84' lang='lat' dir='ltr'><strong>ct</strong></span> <span class='ocrx_word' id='word_1_558' title='bbox 425 5035 560 5097; x_wconf 82' lang='lat' dir='ltr'><strong>tradidit</strong></span> <span class='ocrx_word' id='word_1_559' title='bbox 581 5035 785 5110; x_wconf 82' lang='lat' dir='ltr'><strong>semetipsum</strong></span> <span class='ocrx_word' id='word_1_560' title='bbox 807 5050 865 5111; x_wconf 85' lang='lat' dir='ltr'><strong>pro</strong></span> <span class='ocrx_word' id='word_1_561' title='bbox 877 5032 976 5114; x_wconf 77' lang='lat' dir='ltr'><strong>laodic</strong></span> <span class='ocrx_word' id='word_1_562' title='bbox 992 5035 1078 5096; x_wconf 88' lang='lat' dir='ltr'><strong>oblo-</strong></span> 
     </span>
     <span class='ocr_line' id='line_1_55' title="bbox 231 5116 1074 5184; baseline 0.002 -6"><span class='ocrx_word' id='word_1_563' title='bbox 231 5116 352 5178; x_wconf 87' lang='lat' dir='ltr'><strong>tt&#39;oaarn</strong></span> <span class='ocrx_word' id='word_1_564' title='bbox 377 5125 405 5176; x_wconf 87' lang='lat' dir='ltr'><strong>et</strong></span> <span class='ocrx_word' id='word_1_565' title='bbox 427 5116 563 5184; x_wconf 86' lang='lat' dir='ltr'><strong>hostiurn</strong></span> <span class='ocrx_word' id='word_1_566' title='bbox 589 5116 650 5179; x_wconf 88' lang='lat' dir='ltr'><strong>Deo</strong></span> <span class='ocrx_word' id='word_1_567' title='bbox 675 5118 713 5180; x_wconf 85' lang='lat' dir='ltr'><strong>iu</strong></span> <span class='ocrx_word' id='word_1_568' title='bbox 738 5118 869 5180; x_wconf 83' lang='lat' dir='ltr'><strong>odorem</strong></span> <span class='ocrx_word' id='word_1_569' title='bbox 893 5120 1074 5181; x_wconf 86' lang='lat' dir='ltr'><strong>concitatis.</strong></span> 
     </span>
     <span class='ocr_line' id='line_1_56' title="bbox 231 5196 1080 5282; baseline 0.002 -21"><span class='ocrx_word' id='word_1_570' title='bbox 231 5197 361 5278; x_wconf 77' lang='lat' dir='ltr'><strong>(aptas.</strong></span> <span class='ocrx_word' id='word_1_571' title='bbox 378 5196 425 5282; x_wconf 78' lang='lat'><strong>5.)</strong></span> <span class='ocrx_word' id='word_1_572' title='bbox 440 5216 573 5274; x_wconf 89' lang='lat' dir='ltr'><strong>necnon,</strong></span> <span class='ocrx_word' id='word_1_573' title='bbox 595 5208 626 5263; x_wconf 94' lang='lat' dir='ltr'><strong>ut</strong></span> <span class='ocrx_word' id='word_1_574' title='bbox 641 5201 686 5264; x_wconf 90' lang='lat' dir='ltr'><strong>sic</strong></span> <span class='ocrx_word' id='word_1_575' title='bbox 701 5217 771 5263; x_wconf 88' lang='lat' dir='ltr'><strong>vere</strong></span> <span class='ocrx_word' id='word_1_576' title='bbox 786 5203 1006 5277; x_wconf 88' lang='lat' dir='ltr'><strong>compatiamur</strong></span> <span class='ocrx_word' id='word_1_577' title='bbox 1022 5201 1080 5264; x_wconf 87' lang='lat' dir='ltr'><strong>lra-</strong></span> 
     </span>
     <span class='ocr_line' id='line_1_57' title="bbox 231 5283 1078 5363; baseline 0.004 -19"><span class='ocrx_word' id='word_1_578' title='bbox 231 5283 329 5344; x_wconf 88' lang='lat' dir='ltr'><strong>tribus</strong></span> <span class='ocrx_word' id='word_1_579' title='bbox 349 5284 474 5354; x_wconf 87' lang='lat' dir='ltr'><strong>nostris,</strong></span> <span class='ocrx_word' id='word_1_580' title='bbox 499 5291 530 5346; x_wconf 90' lang='lat' dir='ltr'><strong>ut</strong></span> <span class='ocrx_word' id='word_1_581' title='bbox 551 5285 683 5348; x_wconf 86' lang='lat' dir='ltr'><strong>salutem</strong></span> <span class='ocrx_word' id='word_1_582' title='bbox 705 5283 843 5363; x_wconf 90' lang='lat' dir='ltr'><strong>ipsorum</strong></span> <span class='ocrx_word' id='word_1_583' title='bbox 865 5284 1078 5348; x_wconf 88' lang='lat' dir='ltr'><strong>ardentissime</strong></span> 
     </span>
     <span class='ocr_line' id='line_1_58' title="bbox 231 5365 1076 5446; baseline -0.001 -17"><span class='ocrx_word' id='word_1_584' title='bbox 231 5365 382 5444; x_wconf 82' lang='lat' dir='ltr'><strong>sitiamus.</strong></span> <span class='ocrx_word' id='word_1_585' title='bbox 393 5366 454 5428; x_wconf 91' lang='lat' dir='ltr'><strong>Sed</strong></span> <span class='ocrx_word' id='word_1_586' title='bbox 467 5366 541 5428; x_wconf 92' lang='lat' dir='ltr'><strong>illud</strong></span> <span class='ocrx_word' id='word_1_587' title='bbox 555 5367 645 5430; x_wconf 86' lang='lat' dir='ltr'><strong>nohis</strong></span> <span class='ocrx_word' id='word_1_588' title='bbox 657 5375 705 5431; x_wconf 92' lang='lat' dir='ltr'><strong>est</strong></span> <span class='ocrx_word' id='word_1_589' title='bbox 717 5369 844 5430; x_wconf 88' lang='lat' dir='ltr'><strong>maxime</strong></span> <span class='ocrx_word' id='word_1_590' title='bbox 858 5369 1076 5446; x_wconf 89' lang='lat' dir='ltr'><strong>necessarium,</strong></span> 
     </span>
     <span class='ocr_line' id='line_1_59' title="bbox 232 5449 1076 5529; baseline 0 -17"><span class='ocrx_word' id='word_1_591' title='bbox 232 5455 266 5512; x_wconf 91' lang='lat' dir='ltr'><strong>ut</strong></span> <span class='ocrx_word' id='word_1_592' title='bbox 279 5449 407 5526; x_wconf 85' lang='lat' dir='ltr'><strong>salutem</strong></span> <span class='ocrx_word' id='word_1_593' title='bbox 424 5452 576 5529; x_wconf 89' lang='lat' dir='ltr'><strong>propriam</strong></span> <span class='ocrx_word' id='word_1_594' title='bbox 594 5452 631 5512; x_wconf 88' lang='lat' dir='ltr'><strong>ita</strong></span> <span class='ocrx_word' id='word_1_595' title='bbox 644 5468 715 5514; x_wconf 93' lang='lat' dir='ltr'><strong>vere</strong></span> <span class='ocrx_word' id='word_1_596' title='bbox 728 5457 758 5514; x_wconf 89' lang='lat' dir='ltr'><strong>ol</strong></span> <span class='ocrx_word' id='word_1_597' title='bbox 769 5451 908 5513; x_wconf 88' lang='lat' dir='ltr'><strong>exanimo</strong></span> <span class='ocrx_word' id='word_1_598' title='bbox 925 5451 1076 5524; x_wconf 87' lang='lat' dir='ltr'><strong>sitiamus,</strong></span> 
     </span>
     <span class='ocr_line' id='line_1_60' title="bbox 232 5533 1077 5613; baseline -0.001 -17"><span class='ocrx_word' id='word_1_599' title='bbox 232 5538 267 5596; x_wconf 89' lang='lat' dir='ltr'><strong>ut</strong></span> <span class='ocrx_word' id='word_1_600' title='bbox 280 5533 347 5610; x_wconf 81' lang='lat' dir='ltr'><strong>sitis</strong></span> <span class='ocrx_word' id='word_1_601' title='bbox 363 5534 412 5596; x_wconf 91' lang='lat' dir='ltr'><strong>illa</strong></span> <span class='ocrx_word' id='word_1_602' title='bbox 430 5536 518 5612; x_wconf 84' lang='lat' dir='ltr'><strong>cogat</strong></span> <span class='ocrx_word' id='word_1_603' title='bbox 537 5549 595 5595; x_wconf 92' lang='lat' dir='ltr'><strong>nos</strong></span> <span class='ocrx_word' id='word_1_604' title='bbox 610 5536 711 5600; x_wconf 92' lang='lat' dir='ltr'><strong>omnia</strong></span> <span class='ocrx_word' id='word_1_605' title='bbox 733 5551 787 5613; x_wconf 91' lang='lat' dir='ltr'><strong>pro</strong></span> <span class='ocrx_word' id='word_1_606' title='bbox 803 5534 917 5597; x_wconf 90' lang='lat' dir='ltr'><strong>viribus</strong></span> <span class='ocrx_word' id='word_1_607' title='bbox 932 5533 1077 5613; x_wconf 88' lang='lat' dir='ltr'><strong>cogitare,</strong></span> 
     </span>
     <span class='ocr_line' id='line_1_61' title="bbox 234 5615 1078 5700; baseline 0.001 -21"><span class='ocrx_word' id='word_1_608' title='bbox 234 5623 265 5679; x_wconf 87' lang='lat' dir='ltr'><strong>et</strong></span> <span class='ocrx_word' id='word_1_609' title='bbox 279 5616 375 5696; x_wconf 87' lang='lat' dir='ltr'><strong>loqui,</strong></span> <span class='ocrx_word' id='word_1_610' title='bbox 392 5624 422 5682; x_wconf 91' lang='lat' dir='ltr'><strong>ct</strong></span> <span class='ocrx_word' id='word_1_611' title='bbox 437 5633 541 5700; x_wconf 81' lang='lat' dir='ltr'><strong>agere,</strong></span> <span class='ocrx_word' id='word_1_612' title='bbox 557 5633 635 5695; x_wconf 89' lang='lat' dir='ltr'><strong>quae</strong></span> <span class='ocrx_word' id='word_1_613' title='bbox 650 5615 689 5682; x_wconf 88' lang='lat' dir='ltr'><strong>ad</strong></span> <span class='ocrx_word' id='word_1_614' title='bbox 704 5619 831 5681; x_wconf 91' lang='lat' dir='ltr'><strong>salutem</strong></span> <span class='ocrx_word' id='word_1_615' title='bbox 858 5623 990 5680; x_wconf 90' lang='lat' dir='ltr'><strong>nostram</strong></span> <span class='ocrx_word' id='word_1_616' title='bbox 1006 5633 1078 5680; x_wconf 90' lang='lat' dir='ltr'><strong>con·</strong></span> 
     </span>
     <span class='ocr_line' id='line_1_62' title="bbox 234 5699 1078 5782; baseline 0.001 -19"><span class='ocrx_word' id='word_1_617' title='bbox 234 5703 422 5779; x_wconf 89' lang='lat' dir='ltr'><strong>sequendam</strong></span> <span class='ocrx_word' id='word_1_618' title='bbox 438 5699 617 5782; x_wconf 83' lang='lat' dir='ltr'><strong>expediunt.</strong></span> <span class='ocrx_word' id='word_1_619' title='bbox 634 5701 666 5766; x_wconf 91' lang='lat' dir='ltr'><strong>Si</strong></span> <span class='ocrx_word' id='word_1_620' title='bbox 680 5701 761 5767; x_wconf 88' lang='lat' dir='ltr'><strong>enim</strong></span> <span class='ocrx_word' id='word_1_621' title='bbox 776 5718 833 5767; x_wconf 91' lang='lat' dir='ltr'><strong>nos</strong></span> <span class='ocrx_word' id='word_1_622' title='bbox 857 5716 960 5781; x_wconf 87' lang='lat' dir='ltr'><strong>neque</strong></span> <span class='ocrx_word' id='word_1_623' title='bbox 983 5703 1078 5765; x_wconf 91' lang='lat' dir='ltr'><strong>bono·</strong></span> 
     </span>
    </p>
   </div>
   <div class='ocr_carea' id='block_1_7' title="bbox 1121 2701 2023 5782">
    <p class='ocr_par' dir='ltr' id='par_1_8' title="bbox 1121 2701 2023 5782">
     <span class='ocr_line' id='line_1_63' title="bbox 1124 2701 1979 2777; baseline -0.004 -14"><span class='ocrx_word' id='word_1_624' title='bbox 1124 2704 1230 2764; x_wconf 89' lang='lat' dir='ltr'><strong>sertim</strong></span> <span class='ocrx_word' id='word_1_625' title='bbox 1247 2711 1412 2777; x_wconf 90' lang='lat' dir='ltr'><strong>aeternam,</strong></span> <span class='ocrx_word' id='word_1_626' title='bbox 1431 2715 1460 2765; x_wconf 89' lang='lat' dir='ltr'><strong>et</strong></span> <span class='ocrx_word' id='word_1_627' title='bbox 1475 2704 1513 2764; x_wconf 92' lang='lat' dir='ltr'><strong>ab</strong></span> <span class='ocrx_word' id='word_1_628' title='bbox 1529 2704 1612 2763; x_wconf 90' lang='lat' dir='ltr'><strong>omni</strong></span> <span class='ocrx_word' id='word_1_629' title='bbox 1640 2703 1718 2763; x_wconf 92' lang='lat' dir='ltr'><strong>malo</strong></span> <span class='ocrx_word' id='word_1_630' title='bbox 1733 2701 1906 2764; x_wconf 90' lang='lat' dir='ltr'><strong>immunem</strong></span> <span class='ocrx_word' id='word_1_631' title='bbox 1919 2701 1935 2761; x_wconf 80' lang='lat' dir='ltr'><strong>l</strong></span> <span class='ocrx_word' id='word_1_632' title='bbox 1949 2709 1979 2763; x_wconf 90' lang='lat' dir='ltr'><strong>et</strong></span> 
     </span>
     <span class='ocr_line' id='line_1_64' title="bbox 1124 2785 1979 2863; baseline -0.001 -17"><span class='ocrx_word' id='word_1_633' title='bbox 1124 2785 1150 2846; x_wconf 92' lang='lat' dir='ltr'><strong>si</strong></span> <span class='ocrx_word' id='word_1_634' title='bbox 1166 2801 1226 2846; x_wconf 92' lang='lat' dir='ltr'><strong>non</strong></span> <span class='ocrx_word' id='word_1_635' title='bbox 1244 2791 1344 2863; x_wconf 88' lang='lat' dir='ltr'><strong>potest</strong></span> <span class='ocrx_word' id='word_1_636' title='bbox 1370 2803 1429 2848; x_wconf 94' lang='lat' dir='ltr'><strong>non</strong></span> <span class='ocrx_word' id='word_1_637' title='bbox 1454 2788 1546 2847; x_wconf 91' lang='lat' dir='ltr'><strong>amari</strong></span> <span class='ocrx_word' id='word_1_638' title='bbox 1562 2787 1613 2848; x_wconf 79' lang='lat' dir='ltr'><strong>res</strong></span> <span class='ocrx_word' id='word_1_639' title='bbox 1630 2790 1720 2859; x_wconf 90' lang='lat' dir='ltr'><strong>tanta,</strong></span> <span class='ocrx_word' id='word_1_640' title='bbox 1737 2801 1791 2846; x_wconf 91' lang='lat' dir='ltr'><strong>cur</strong></span> <span class='ocrx_word' id='word_1_641' title='bbox 1806 2800 1867 2845; x_wconf 92' lang='lat' dir='ltr'><strong>non</strong></span> <span class='ocrx_word' id='word_1_642' title='bbox 1886 2786 1979 2845; x_wconf 90' lang='lat' dir='ltr'><strong>vehe-</strong></span> 
     </span>
     <span class='ocr_line' id='line_1_65' title="bbox 1125 2867 1981 2931; baseline 0 -3"><span class='ocrx_word' id='word_1_643' title='bbox 1125 2875 1244 2930; x_wconf 90' lang='lat' dir='ltr'><strong>menter</strong></span> <span class='ocrx_word' id='word_1_644' title='bbox 1259 2869 1468 2931; x_wconf 81' lang='lat' dir='ltr'><strong>dcsideratur‘?</strong></span> <span class='ocrx_word' id='word_1_645' title='bbox 1483 2885 1537 2931; x_wconf 92' lang='lat' dir='ltr'><strong>cor</strong></span> <span class='ocrx_word' id='word_1_646' title='bbox 1553 2885 1613 2930; x_wconf 94' lang='lat' dir='ltr'><strong>non</strong></span> <span class='ocrx_word' id='word_1_647' title='bbox 1630 2869 1775 2929; x_wconf 90' lang='lat' dir='ltr'><strong>ardenter</strong></span> <span class='ocrx_word' id='word_1_648' title='bbox 1791 2867 1913 2929; x_wconf 84' lang='lat' dir='ltr'><strong>sititur?</strong></span> <span class='ocrx_word' id='word_1_649' title='bbox 1924 2885 1981 2928; x_wconf 88' lang='lat' dir='ltr'><strong>cur</strong></span> 
     </span>
     <span class='ocr_line' id='line_1_66' title="bbox 1126 2948 1978 3030; baseline 0 -18"><span class='ocrx_word' id='word_1_650' title='bbox 1126 2967 1185 3012; x_wconf 93' lang='lat' dir='ltr'><strong>non</strong></span> <span class='ocrx_word' id='word_1_651' title='bbox 1200 2953 1269 3013; x_wconf 87' lang='lat' dir='ltr'><strong>totis</strong></span> <span class='ocrx_word' id='word_1_652' title='bbox 1282 2953 1397 3012; x_wconf 90' lang='lat' dir='ltr'><strong>viribus</strong></span> <span class='ocrx_word' id='word_1_653' title='bbox 1410 2951 1732 3030; x_wconf 83' lang='lat' dir='ltr'><strong>quaeriturlFortasse</strong></span> <span class='ocrx_word' id='word_1_654' title='bbox 1743 2948 1819 3011; x_wconf 90' lang='lat' dir='ltr'><strong>ratio</strong></span> <span class='ocrx_word' id='word_1_655' title='bbox 1831 2956 1893 3027; x_wconf 87' lang='lat' dir='ltr'><strong>est,</strong></span> <span class='ocrx_word' id='word_1_656' title='bbox 1908 2951 1978 3030; x_wconf 85' lang='lat' dir='ltr'><strong>quia</strong></span> 
     </span>
     <span class='ocr_line' id='line_1_67' title="bbox 1124 3034 1981 3109; baseline 0 -13"><span class='ocrx_word' id='word_1_657' title='bbox 1124 3036 1208 3096; x_wconf 88' lang='lat' dir='ltr'><strong>salus</strong></span> <span class='ocrx_word' id='word_1_658' title='bbox 1224 3041 1345 3096; x_wconf 89' lang='lat' dir='ltr'><strong>aeterna</strong></span> <span class='ocrx_word' id='word_1_659' title='bbox 1364 3051 1422 3096; x_wconf 94' lang='lat' dir='ltr'><strong>non</strong></span> <span class='ocrx_word' id='word_1_660' title='bbox 1440 3038 1521 3097; x_wconf 92' lang='lat' dir='ltr'><strong>cadit</strong></span> <span class='ocrx_word' id='word_1_661' title='bbox 1535 3038 1593 3096; x_wconf 91' lang='lat' dir='ltr'><strong>sob</strong></span> <span class='ocrx_word' id='word_1_662' title='bbox 1611 3051 1750 3104; x_wconf 83' lang='lat' dir='ltr'><strong>sensum,</strong></span> <span class='ocrx_word' id='word_1_663' title='bbox 1768 3034 1911 3109; x_wconf 79' lang='lat' dir='ltr'><strong>ideoque</strong></span> <span class='ocrx_word' id='word_1_664' title='bbox 1928 3051 1981 3096; x_wconf 88' lang='lat' dir='ltr'><strong>ne·</strong></span> 
     </span>
     <span class='ocr_line' id='line_1_68' title="bbox 1124 3116 1980 3196; baseline 0 -18"><span class='ocrx_word' id='word_1_665' title='bbox 1124 3134 1185 3194; x_wconf 83' lang='lat' dir='ltr'><strong>qua</strong></span> <span class='ocrx_word' id='word_1_666' title='bbox 1202 3121 1446 3196; x_wconf 88' lang='lat' dir='ltr'><strong>experimentum</strong></span> <span class='ocrx_word' id='word_1_667' title='bbox 1460 3119 1525 3190; x_wconf 83' lang='lat' dir='ltr'><strong>ejus</strong></span> <span class='ocrx_word' id='word_1_668' title='bbox 1538 3121 1697 3192; x_wconf 89' lang='lat' dir='ltr'><strong>hahemus,</strong></span> <span class='ocrx_word' id='word_1_669' title='bbox 1712 3116 1803 3196; x_wconf 86' lang='lat' dir='ltr'><strong>quale</strong></span> <span class='ocrx_word' id='word_1_670' title='bbox 1817 3117 1914 3196; x_wconf 90' lang='lat' dir='ltr'><strong>plane</strong></span> <span class='ocrx_word' id='word_1_671' title='bbox 1927 3134 1980 3178; x_wconf 91' lang='lat' dir='ltr'><strong>no·</strong></span> 
     </span>
     <span class='ocr_line' id='line_1_69' title="bbox 1126 3200 1980 3279; baseline -0.001 -17"><span class='ocrx_word' id='word_1_672' title='bbox 1126 3200 1174 3262; x_wconf 91' lang='lat' dir='ltr'><strong>bis</strong></span> <span class='ocrx_word' id='word_1_673' title='bbox 1190 3203 1277 3261; x_wconf 89' lang='lat' dir='ltr'><strong>adest</strong></span> <span class='ocrx_word' id='word_1_674' title='bbox 1297 3203 1335 3262; x_wconf 91' lang='lat' dir='ltr'><strong>de</strong></span> <span class='ocrx_word' id='word_1_675' title='bbox 1357 3202 1454 3264; x_wconf 91' lang='lat' dir='ltr'><strong>salute</strong></span> <span class='ocrx_word' id='word_1_676' title='bbox 1470 3203 1634 3279; x_wconf 88' lang='lat' dir='ltr'><strong>corporali,</strong></span> <span class='ocrx_word' id='word_1_677' title='bbox 1654 3201 1782 3278; x_wconf 92' lang='lat' dir='ltr'><strong>proinde</strong></span> <span class='ocrx_word' id='word_1_678' title='bbox 1808 3201 1900 3262; x_wconf 89' lang='lat' dir='ltr'><strong>istam</strong></span> <span class='ocrx_word' id='word_1_679' title='bbox 1917 3203 1980 3262; x_wconf 91' lang='lat' dir='ltr'><strong>siti-</strong></span> 
     </span>
     <span class='ocr_line' id='line_1_70' title="bbox 1126 3283 1979 3362; baseline 0.002 -19"><span class='ocrx_word' id='word_1_680' title='bbox 1126 3301 1206 3362; x_wconf 81' lang='lat' dir='ltr'><strong>mus3</strong></span> <span class='ocrx_word' id='word_1_681' title='bbox 1222 3285 1303 3346; x_wconf 89' lang='lat' dir='ltr'><strong>illam</strong></span> <span class='ocrx_word' id='word_1_682' title='bbox 1321 3285 1429 3362; x_wconf 77' lang='lat' dir='ltr'><strong>frigide</strong></span> <span class='ocrx_word' id='word_1_683' title='bbox 1446 3286 1670 3347; x_wconf 89' lang='lat' dir='ltr'><strong>desideramus.</strong></span> <span class='ocrx_word' id='word_1_684' title='bbox 1688 3284 1747 3346; x_wconf 90' lang='lat' dir='ltr'><strong>Sed</strong></span> <span class='ocrx_word' id='word_1_685' title='bbox 1762 3299 1811 3344; x_wconf 90' lang='lat' dir='ltr'><strong>res</strong></span> <span class='ocrx_word' id='word_1_686' title='bbox 1824 3283 1865 3345; x_wconf 91' lang='lat' dir='ltr'><strong>ita</strong></span> <span class='ocrx_word' id='word_1_687' title='bbox 1879 3301 1915 3345; x_wconf 91' lang='lat' dir='ltr'><strong>se</strong></span> <span class='ocrx_word' id='word_1_688' title='bbox 1928 3287 1979 3345; x_wconf 90' lang='lat' dir='ltr'><strong>ba·</strong></span> 
     </span>
     <span class='ocr_line' id='line_1_71' title="bbox 1129 3366 1979 3446; baseline 0.004 -19"><span class='ocrx_word' id='word_1_689' title='bbox 1129 3366 1192 3434; x_wconf 85' lang='lat' dir='ltr'><strong>bot.</strong></span> <span class='ocrx_word' id='word_1_690' title='bbox 1210 3373 1290 3428; x_wconf 91' lang='lat' dir='ltr'><strong>unde</strong></span> <span class='ocrx_word' id='word_1_691' title='bbox 1307 3369 1412 3440; x_wconf 82' lang='lat' dir='ltr'><strong>Darvrd,</strong></span> <span class='ocrx_word' id='word_1_692' title='bbox 1431 3372 1481 3446; x_wconf 84' lang='lat' dir='ltr'><strong>qui</strong></span> <span class='ocrx_word' id='word_1_693' title='bbox 1501 3369 1592 3430; x_wconf 80' lang='lat' dir='ltr'><strong>ircano</strong></span> <span class='ocrx_word' id='word_1_694' title='bbox 1607 3368 1743 3430; x_wconf 90' lang='lat' dir='ltr'><strong>mortalis</strong></span> <span class='ocrx_word' id='word_1_695' title='bbox 1759 3375 1836 3442; x_wconf 89' lang='lat' dir='ltr'><strong>erat,</strong></span> <span class='ocrx_word' id='word_1_696' title='bbox 1854 3373 1916 3429; x_wconf 90' lang='lat' dir='ltr'><strong>tam</strong></span> <span class='ocrx_word' id='word_1_697' title='bbox 1934 3385 1979 3431; x_wconf 91' lang='lat' dir='ltr'><strong>er·</strong></span> 
     </span>
     <span class='ocr_line' id='line_1_72' title="bbox 1124 3450 1978 3526; baseline 0.005 -16"><span class='ocrx_word' id='word_1_698' title='bbox 1124 3454 1232 3511; x_wconf 90' lang='lat' dir='ltr'><strong>denter</strong></span> <span class='ocrx_word' id='word_1_699' title='bbox 1248 3451 1395 3512; x_wconf 81' lang='lat' dir='ltr'><strong>visionem</strong></span> <span class='ocrx_word' id='word_1_700' title='bbox 1414 3453 1536 3513; x_wconf 90' lang='lat' dir='ltr'><strong>sitiebat</strong></span> <span class='ocrx_word' id='word_1_701' title='bbox 1550 3452 1619 3526; x_wconf 85' lang='lat' dir='ltr'><strong>bet,</strong></span> <span class='ocrx_word' id='word_1_702' title='bbox 1637 3454 1669 3512; x_wconf 91' lang='lat' dir='ltr'><strong>iu</strong></span> <span class='ocrx_word' id='word_1_703' title='bbox 1684 3468 1742 3525; x_wconf 82' lang='lat' dir='ltr'><strong>uua</strong></span> <span class='ocrx_word' id='word_1_704' title='bbox 1755 3450 1876 3511; x_wconf 89' lang='lat' dir='ltr'><strong>visione</strong></span> <span class='ocrx_word' id='word_1_705' title='bbox 1894 3452 1978 3514; x_wconf 89' lang='lat' dir='ltr'><strong>salus</strong></span> 
     </span>
     <span class='ocr_line' id='line_1_73' title="bbox 1124 3531 1978 3612; baseline 0.006 -19"><span class='ocrx_word' id='word_1_706' title='bbox 1124 3539 1245 3596; x_wconf 88' lang='lat' dir='ltr'><strong>aelerna</strong></span> <span class='ocrx_word' id='word_1_707' title='bbox 1269 3536 1419 3604; x_wconf 82' lang='lat' dir='ltr'><strong>consistit,</strong></span> <span class='ocrx_word' id='word_1_708' title='bbox 1445 3543 1476 3596; x_wconf 91' lang='lat' dir='ltr'><strong>ui</strong></span> <span class='ocrx_word' id='word_1_709' title='bbox 1500 3537 1666 3596; x_wconf 85' lang='lat' dir='ltr'><strong>clamaret:</strong></span> <span class='ocrx_word' id='word_1_710' title='bbox 1693 3531 1978 3612; x_wconf 79' lang='lat' dir='ltr'><strong>Quemadmodum</strong></span> 
     </span>
     <span class='ocr_line' id='line_1_74' title="bbox 1125 3618 1975 3700; baseline 0 -20"><span class='ocrx_word' id='word_1_711' title='bbox 1125 3619 1290 3680; x_wconf 84' lang='lat' dir='ltr'><strong>desiderat</strong></span> <span class='ocrx_word' id='word_1_712' title='bbox 1311 3635 1420 3680; x_wconf 86' lang='lat' dir='ltr'><strong>careus</strong></span> <span class='ocrx_word' id='word_1_713' title='bbox 1442 3621 1487 3681; x_wconf 90' lang='lat' dir='ltr'><strong>cd</strong></span> <span class='ocrx_word' id='word_1_714' title='bbox 1507 3619 1609 3696; x_wconf 75' lang='lat' dir='ltr'><strong>scoies</strong></span> <span class='ocrx_word' id='word_1_715' title='bbox 1625 3633 1806 3700; x_wconf 19' lang='lat' dir='ltr'><strong>Aequorum,</strong></span> <span class='ocrx_word' id='word_1_716' title='bbox 1831 3620 1880 3680; x_wconf 83' lang='lat' dir='ltr'><strong>ita</strong></span> <span class='ocrx_word' id='word_1_717' title='bbox 1895 3618 1975 3680; x_wconf 85' lang='lat' dir='ltr'><strong>desi·</strong></span> 
     </span>
     <span class='ocr_line' id='line_1_75' title="bbox 1125 3701 1977 3774; baseline 0.001 -12"><span class='ocrx_word' id='word_1_718' title='bbox 1125 3709 1194 3762; x_wconf 89' lang='lat' dir='ltr'><strong>erni</strong></span> <span class='ocrx_word' id='word_1_719' title='bbox 1209 3717 1323 3763; x_wconf 80' lang='lat' dir='ltr'><strong>curvae</strong></span> <span class='ocrx_word' id='word_1_720' title='bbox 1338 3719 1411 3763; x_wconf 87' lang='lat' dir='ltr'><strong>mec</strong></span> <span class='ocrx_word' id='word_1_721' title='bbox 1427 3705 1471 3764; x_wconf 89' lang='lat' dir='ltr'><strong>od</strong></span> <span class='ocrx_word' id='word_1_722' title='bbox 1486 3708 1525 3774; x_wconf 87' lang='lat' dir='ltr'><strong>to,</strong></span> <span class='ocrx_word' id='word_1_723' title='bbox 1544 3701 1890 3766; x_wconf 65' lang='lat' dir='ltr'><strong>benedictiotionem</strong></span> <span class='ocrx_word' id='word_1_724' title='bbox 1904 3718 1977 3763; x_wconf 83' lang='lat' dir='ltr'><strong>aneo</strong></span> 
     </span>
     <span class='ocr_line' id='line_1_76' title="bbox 1123 3785 1975 3865; baseline 0.001 -20"><span class='ocrx_word' id='word_1_725' title='bbox 1123 3785 1168 3846; x_wconf 88' lang='lat' dir='ltr'><strong>cd</strong></span> <span class='ocrx_word' id='word_1_726' title='bbox 1181 3785 1281 3846; x_wconf 84' lang='lat' dir='ltr'><strong>ileum</strong></span> <span class='ocrx_word' id='word_1_727' title='bbox 1293 3787 1412 3862; x_wconf 73' lang='lat' dir='ltr'><strong>sontem</strong></span> <span class='ocrx_word' id='word_1_728' title='bbox 1427 3789 1548 3848; x_wconf 79' lang='lat' dir='ltr'><strong>ciorum:</strong></span> <span class='ocrx_word' id='word_1_729' title='bbox 1566 3787 1700 3865; x_wconf 87' lang='lat' dir='ltr'><strong>quaudo</strong></span> <span class='ocrx_word' id='word_1_730' title='bbox 1714 3785 1859 3858; x_wconf 82' lang='lat' dir='ltr'><strong>ueniam,</strong></span> <span class='ocrx_word' id='word_1_731' title='bbox 1875 3793 1905 3847; x_wconf 87' lang='lat' dir='ltr'><strong>et</strong></span> <span class='ocrx_word' id='word_1_732' title='bbox 1920 3803 1975 3864; x_wconf 89' lang='lat' dir='ltr'><strong>cp·</strong></span> 
     </span>
     <span class='ocr_line' id='line_1_77' title="bbox 1121 3868 1974 3947; baseline 0 -18"><span class='ocrx_word' id='word_1_733' title='bbox 1121 3869 1241 3947; x_wconf 86' lang='lat' dir='ltr'><strong>porche</strong></span> <span class='ocrx_word' id='word_1_734' title='bbox 1257 3877 1331 3930; x_wconf 88' lang='lat' dir='ltr'><strong>onte</strong></span> <span class='ocrx_word' id='word_1_735' title='bbox 1346 3870 1462 3946; x_wconf 75' lang='lat' dir='ltr'><strong>[dcitur</strong></span> <span class='ocrx_word' id='word_1_736' title='bbox 1476 3869 1559 3931; x_wconf 81' lang='lat' dir='ltr'><strong>Dei?</strong></span> <span class='ocrx_word' id='word_1_737' title='bbox 1575 3873 1584 3946; x_wconf 91' lang='lat'>(</span> <span class='ocrx_word' id='word_1_738' title='bbox 1599 3869 1718 3930; x_wconf 82' lang='lat' dir='ltr'><strong>Peolrn.</strong></span> <span class='ocrx_word' id='word_1_739' title='bbox 1735 3868 1786 3933; x_wconf 83' lang='lat' dir='ltr'><strong>ll.</strong></span> <span class='ocrx_word' id='word_1_740' title='bbox 1803 3870 1820 3943; x_wconf 91' lang='grc'><strong>)’</strong></span> <span class='ocrx_word' id='word_1_741' title='bbox 1831 3868 1888 3929; x_wconf 91' lang='lat' dir='ltr'><strong>Ubi</strong></span> <span class='ocrx_word' id='word_1_742' title='bbox 1907 3869 1974 3929; x_wconf 87' lang='lat' dir='ltr'><strong>Pro-</strong></span> 
     </span>
     <span class='ocr_line' id='line_1_78' title="bbox 1125 3950 1975 4029; baseline 0.005 -19"><span class='ocrx_word' id='word_1_743' title='bbox 1125 3954 1215 4029; x_wconf 89' lang='lat' dir='ltr'><strong>pheta</strong></span> <span class='ocrx_word' id='word_1_744' title='bbox 1231 3952 1330 4013; x_wconf 93' lang='lat' dir='ltr'><strong>adbuc</strong></span> <span class='ocrx_word' id='word_1_745' title='bbox 1346 3954 1375 4013; x_wconf 94' lang='lat' dir='ltr'><strong>in</strong></span> <span class='ocrx_word' id='word_1_746' title='bbox 1392 3955 1480 4013; x_wconf 89' lang='lat' dir='ltr'><strong>terris</strong></span> <span class='ocrx_word' id='word_1_747' title='bbox 1497 3969 1637 4027; x_wconf 87' lang='lat' dir='ltr'><strong>manens,</strong></span> <span class='ocrx_word' id='word_1_748' title='bbox 1650 3950 1798 4013; x_wconf 90' lang='lat' dir='ltr'><strong>visionem</strong></span> <span class='ocrx_word' id='word_1_749' title='bbox 1811 3951 1882 4021; x_wconf 85' lang='lat' dir='ltr'><strong>Dei,</strong></span> <span class='ocrx_word' id='word_1_750' title='bbox 1897 3969 1975 4027; x_wconf 84' lang='lat' dir='ltr'><strong>qaae</strong></span> 
     </span>
     <span class='ocr_line' id='line_1_79' title="bbox 1123 4034 1975 4110; baseline 0.001 -15"><span class='ocrx_word' id='word_1_751' title='bbox 1123 4045 1170 4095; x_wconf 82' lang='lat' dir='ltr'><strong>est</strong></span> <span class='ocrx_word' id='word_1_752' title='bbox 1186 4036 1250 4110; x_wconf 93' lang='lat' dir='ltr'><strong>ipsa</strong></span> <span class='ocrx_word' id='word_1_753' title='bbox 1264 4039 1347 4096; x_wconf 87' lang='lat' dir='ltr'><strong>salus</strong></span> <span class='ocrx_word' id='word_1_754' title='bbox 1361 4044 1496 4107; x_wconf 85' lang='lat' dir='ltr'><strong>aeterna,</strong></span> <span class='ocrx_word' id='word_1_755' title='bbox 1510 4036 1725 4098; x_wconf 85' lang='lat' dir='ltr'><strong>ardentissime</strong></span> <span class='ocrx_word' id='word_1_756' title='bbox 1737 4034 1874 4097; x_wconf 87' lang='lat' dir='ltr'><strong>sitiebat.</strong></span> <span class='ocrx_word' id='word_1_757' title='bbox 1888 4035 1975 4110; x_wconf 83' lang='lat' dir='ltr'><strong>Quod</strong></span> 
     </span>
     <span class='ocr_line' id='line_1_80' title="bbox 1124 4117 1976 4198; baseline 0.002 -20"><span class='ocrx_word' id='word_1_758' title='bbox 1124 4119 1205 4178; x_wconf 87' lang='lat' dir='ltr'><strong>idern</strong></span> <span class='ocrx_word' id='word_1_759' title='bbox 1224 4134 1282 4179; x_wconf 95' lang='lat' dir='ltr'><strong>non</strong></span> <span class='ocrx_word' id='word_1_760' title='bbox 1300 4119 1358 4179; x_wconf 91' lang='lat' dir='ltr'><strong>soli</strong></span> <span class='ocrx_word' id='word_1_761' title='bbox 1375 4119 1502 4198; x_wconf 89' lang='lat' dir='ltr'><strong>contigit</strong></span> <span class='ocrx_word' id='word_1_762' title='bbox 1518 4119 1633 4192; x_wconf 84' lang='lat' dir='ltr'><strong>llaridi,</strong></span> <span class='ocrx_word' id='word_1_763' title='bbox 1650 4119 1706 4180; x_wconf 89' lang='lat' dir='ltr'><strong>sed</strong></span> <span class='ocrx_word' id='word_1_764' title='bbox 1732 4117 1804 4179; x_wconf 86' lang='lat' dir='ltr'><strong>viris</strong></span> <span class='ocrx_word' id='word_1_765' title='bbox 1831 4117 1976 4194; x_wconf 90' lang='lat' dir='ltr'><strong>plurimis</strong></span> 
     </span>
     <span class='ocr_line' id='line_1_81' title="bbox 1125 4201 1975 4280; baseline 0.001 -18"><span class='ocrx_word' id='word_1_766' title='bbox 1125 4201 1284 4262; x_wconf 90' lang='lat' dir='ltr'><strong>sanctitate</strong></span> <span class='ocrx_word' id='word_1_767' title='bbox 1302 4203 1488 4280; x_wconf 85' lang='lat' dir='ltr'><strong>insignibus,</strong></span> <span class='ocrx_word' id='word_1_768' title='bbox 1507 4201 1619 4280; x_wconf 83' lang='lat' dir='ltr'><strong>quibus</strong></span> <span class='ocrx_word' id='word_1_769' title='bbox 1644 4217 1694 4263; x_wconf 89' lang='lat' dir='ltr'><strong>res</strong></span> <span class='ocrx_word' id='word_1_770' title='bbox 1709 4209 1818 4262; x_wconf 91' lang='lat' dir='ltr'><strong>ontnes</strong></span> <span class='ocrx_word' id='word_1_771' title='bbox 1836 4208 1975 4263; x_wconf 88' lang='lat' dir='ltr'><strong>terrenae</strong></span> 
     </span>
     <span class='ocr_line' id='line_1_82' title="bbox 1125 4285 1975 4361; baseline 0.001 -17"><span class='ocrx_word' id='word_1_772' title='bbox 1125 4288 1282 4360; x_wconf 89' lang='lat' dir='ltr'><strong>sordebat,</strong></span> <span class='ocrx_word' id='word_1_773' title='bbox 1300 4295 1329 4346; x_wconf 93' lang='lat' dir='ltr'><strong>et</strong></span> <span class='ocrx_word' id='word_1_774' title='bbox 1345 4285 1496 4361; x_wconf 91' lang='lat' dir='ltr'><strong>insipidae</strong></span> <span class='ocrx_word' id='word_1_775' title='bbox 1522 4287 1724 4347; x_wconf 85' lang='lat' dir='ltr'><strong>videbantur:</strong></span> <span class='ocrx_word' id='word_1_776' title='bbox 1741 4293 1771 4346; x_wconf 91' lang='lat' dir='ltr'><strong>et</strong></span> <span class='ocrx_word' id='word_1_777' title='bbox 1793 4285 1859 4346; x_wconf 89' lang='lat' dir='ltr'><strong>sola</strong></span> <span class='ocrx_word' id='word_1_778' title='bbox 1884 4287 1975 4346; x_wconf 90' lang='lat' dir='ltr'><strong>vehe-</strong></span> 
     </span>
     <span class='ocr_line' id='line_1_83' title="bbox 1125 4367 1978 4447; baseline 0.001 -19"><span class='ocrx_word' id='word_1_779' title='bbox 1125 4373 1315 4430; x_wconf 84' lang='lat' dir='ltr'><strong>mentissime</strong></span> <span class='ocrx_word' id='word_1_780' title='bbox 1328 4370 1478 4447; x_wconf 89' lang='lat' dir='ltr'><strong>sapiebat,</strong></span> <span class='ocrx_word' id='word_1_781' title='bbox 1493 4376 1523 4430; x_wconf 91' lang='lat' dir='ltr'><strong>et</strong></span> <span class='ocrx_word' id='word_1_782' title='bbox 1538 4369 1715 4431; x_wconf 90' lang='lat' dir='ltr'><strong>dulcissima</strong></span> <span class='ocrx_word' id='word_1_783' title='bbox 1733 4383 1804 4429; x_wconf 90' lang='lat' dir='ltr'><strong>esse</strong></span> <span class='ocrx_word' id='word_1_784' title='bbox 1817 4367 1978 4429; x_wconf 92' lang='lat' dir='ltr'><strong>videbatur</strong></span> 
     </span>
     <span class='ocr_line' id='line_1_84' title="bbox 1125 4451 1975 4530; baseline -0.001 -18"><span class='ocrx_word' id='word_1_785' title='bbox 1125 4454 1270 4512; x_wconf 88' lang='lat' dir='ltr'><strong>memoria</strong></span> <span class='ocrx_word' id='word_1_786' title='bbox 1288 4453 1334 4514; x_wconf 90' lang='lat' dir='ltr'><strong>vel</strong></span> <span class='ocrx_word' id='word_1_787' title='bbox 1351 4455 1519 4515; x_wconf 86' lang='lat' dir='ltr'><strong>recordatio</strong></span> <span class='ocrx_word' id='word_1_788' title='bbox 1532 4451 1599 4514; x_wconf 88' lang='lat' dir='ltr'><strong>Dei.</strong></span> <span class='ocrx_word' id='word_1_789' title='bbox 1613 4451 1678 4514; x_wconf 84' lang='lat' dir='ltr'><strong>lion</strong></span> <span class='ocrx_word' id='word_1_790' title='bbox 1692 4453 1784 4530; x_wconf 92' lang='lat' dir='ltr'><strong>igitur</strong></span> <span class='ocrx_word' id='word_1_791' title='bbox 1799 4467 1905 4522; x_wconf 89' lang='lat' dir='ltr'><strong>causa,</strong></span> <span class='ocrx_word' id='word_1_792' title='bbox 1919 4469 1975 4512; x_wconf 92' lang='lat' dir='ltr'><strong>cur</strong></span> 
     </span>
     <span class='ocr_line' id='line_1_85' title="bbox 1125 4534 1975 4610; baseline -0.001 -15"><span class='ocrx_word' id='word_1_793' title='bbox 1125 4552 1181 4595; x_wconf 92' lang='lat' dir='ltr'><strong>nos</strong></span> <span class='ocrx_word' id='word_1_794' title='bbox 1195 4551 1256 4596; x_wconf 93' lang='lat' dir='ltr'><strong>non</strong></span> <span class='ocrx_word' id='word_1_795' title='bbox 1270 4539 1414 4597; x_wconf 88' lang='lat' dir='ltr'><strong>ardenter</strong></span> <span class='ocrx_word' id='word_1_796' title='bbox 1425 4537 1564 4596; x_wconf 90' lang='lat' dir='ltr'><strong>sitiamus</strong></span> <span class='ocrx_word' id='word_1_797' title='bbox 1577 4535 1798 4596; x_wconf 89' lang='lat' dir='ltr'><strong>beatitudinem</strong></span> <span class='ocrx_word' id='word_1_798' title='bbox 1814 4534 1975 4610; x_wconf 88' lang='lat' dir='ltr'><strong>sempiter-</strong></span> 
     </span>
     <span class='ocr_line' id='line_1_86' title="bbox 1124 4617 1974 4696; baseline 0.002 -18"><span class='ocrx_word' id='word_1_799' title='bbox 1124 4635 1206 4684; x_wconf 84' lang='lat' dir='ltr'><strong>nam.</strong></span> <span class='ocrx_word' id='word_1_800' title='bbox 1224 4635 1257 4678; x_wconf 87' lang='lat' dir='ltr'><strong>ea</strong></span> <span class='ocrx_word' id='word_1_801' title='bbox 1274 4627 1332 4693; x_wconf 92' lang='lat' dir='ltr'><strong>est,</strong></span> <span class='ocrx_word' id='word_1_802' title='bbox 1350 4622 1429 4696; x_wconf 85' lang='lat' dir='ltr'><strong>quod</strong></span> <span class='ocrx_word' id='word_1_803' title='bbox 1447 4633 1482 4679; x_wconf 91' lang='lat' dir='ltr'><strong>ea</strong></span> <span class='ocrx_word' id='word_1_804' title='bbox 1498 4617 1555 4680; x_wconf 89' lang='lat' dir='ltr'><strong>sub</strong></span> <span class='ocrx_word' id='word_1_805' title='bbox 1572 4634 1698 4679; x_wconf 91' lang='lat' dir='ltr'><strong>sensum</strong></span> <span class='ocrx_word' id='word_1_806' title='bbox 1718 4632 1777 4679; x_wconf 93' lang='lat' dir='ltr'><strong>non</strong></span> <span class='ocrx_word' id='word_1_807' title='bbox 1792 4617 1903 4677; x_wconf 91' lang='lat' dir='ltr'><strong>cadat:</strong></span> <span class='ocrx_word' id='word_1_808' title='bbox 1919 4617 1974 4680; x_wconf 88' lang='lat' dir='ltr'><strong>sed</strong></span> 
     </span>
     <span class='ocr_line' id='line_1_87' title="bbox 1123 4698 1974 4780; baseline 0 -20"><span class='ocrx_word' id='word_1_809' title='bbox 1123 4702 1206 4779; x_wconf 89' lang='lat' dir='ltr'><strong>quod</strong></span> <span class='ocrx_word' id='word_1_810' title='bbox 1223 4719 1283 4761; x_wconf 94' lang='lat' dir='ltr'><strong>non</strong></span> <span class='ocrx_word' id='word_1_811' title='bbox 1307 4711 1419 4764; x_wconf 89' lang='lat' dir='ltr'><strong>attente</strong></span> <span class='ocrx_word' id='word_1_812' title='bbox 1435 4710 1464 4763; x_wconf 93' lang='lat' dir='ltr'><strong>et</strong></span> <span class='ocrx_word' id='word_1_813' title='bbox 1480 4701 1605 4764; x_wconf 89' lang='lat' dir='ltr'><strong>assidue</strong></span> <span class='ocrx_word' id='word_1_814' title='bbox 1621 4717 1689 4761; x_wconf 87' lang='lat' dir='ltr'><strong>cunr</strong></span> <span class='ocrx_word' id='word_1_815' title='bbox 1708 4702 1798 4777; x_wconf 89' lang='lat' dir='ltr'><strong>plena</strong></span> <span class='ocrx_word' id='word_1_816' title='bbox 1815 4698 1876 4760; x_wconf 88' lang='lat' dir='ltr'><strong>ilde</strong></span> <span class='ocrx_word' id='word_1_817' title='bbox 1892 4703 1974 4780; x_wconf 88' lang='lat' dir='ltr'><strong>cogi·</strong></span> 
     </span>
     <span class='ocr_line' id='line_1_88' title="bbox 1124 4782 1972 4862; baseline 0 -17"><span class='ocrx_word' id='word_1_818' title='bbox 1124 4789 1215 4845; x_wconf 89' lang='lat' dir='ltr'><strong>tetur.</strong></span> <span class='ocrx_word' id='word_1_819' title='bbox 1233 4783 1291 4846; x_wconf 90' lang='lat' dir='ltr'><strong>Cur</strong></span> <span class='ocrx_word' id='word_1_820' title='bbox 1316 4795 1415 4846; x_wconf 89' lang='lat' dir='ltr'><strong>autem</strong></span> <span class='ocrx_word' id='word_1_821' title='bbox 1437 4803 1497 4846; x_wconf 92' lang='lat' dir='ltr'><strong>non</strong></span> <span class='ocrx_word' id='word_1_822' title='bbox 1525 4784 1587 4856; x_wconf 88' lang='lat' dir='ltr'><strong>ita,</strong></span> <span class='ocrx_word' id='word_1_823' title='bbox 1606 4794 1637 4844; x_wconf 91' lang='lat' dir='ltr'><strong>ut</strong></span> <span class='ocrx_word' id='word_1_824' title='bbox 1660 4789 1790 4862; x_wconf 85' lang='lat' dir='ltr'><strong>oportet.</strong></span> <span class='ocrx_word' id='word_1_825' title='bbox 1809 4782 1972 4861; x_wconf 88' lang='lat' dir='ltr'><strong>cogitetur,</strong></span> 
     </span>
     <span class='ocr_line' id='line_1_89' title="bbox 1124 4868 1974 4944; baseline -0.002 -14"><span class='ocrx_word' id='word_1_826' title='bbox 1124 4884 1216 4930; x_wconf 88' lang='lat' dir='ltr'><strong>causa</strong></span> <span class='ocrx_word' id='word_1_827' title='bbox 1233 4875 1292 4940; x_wconf 89' lang='lat' dir='ltr'><strong>est,</strong></span> <span class='ocrx_word' id='word_1_828' title='bbox 1307 4869 1375 4944; x_wconf 78' lang='lat' dir='ltr'><strong>arria</strong></span> <span class='ocrx_word' id='word_1_829' title='bbox 1392 4885 1449 4930; x_wconf 93' lang='lat' dir='ltr'><strong>nos</strong></span> <span class='ocrx_word' id='word_1_830' title='bbox 1466 4868 1643 4944; x_wconf 86' lang='lat' dir='ltr'><strong>spirituales</strong></span> <span class='ocrx_word' id='word_1_831' title='bbox 1659 4883 1719 4928; x_wconf 93' lang='lat' dir='ltr'><strong>non</strong></span> <span class='ocrx_word' id='word_1_832' title='bbox 1737 4881 1857 4930; x_wconf 88' lang='lat' dir='ltr'><strong>sumus.</strong></span> <span class='ocrx_word' id='word_1_833' title='bbox 1871 4869 1927 4927; x_wconf 86' lang='lat' dir='ltr'><strong>sed</strong></span> <span class='ocrx_word' id='word_1_834' title='bbox 1944 4884 1974 4928; x_wconf 90' lang='lat' dir='ltr'><strong>a·</strong></span> 
     </span>
     <span class='ocr_line' id='line_1_90' title="bbox 1124 4949 1972 5025; baseline 0 -14"><span class='ocrx_word' id='word_1_835' title='bbox 1124 4951 1265 5012; x_wconf 89' lang='lat' dir='ltr'><strong>nimales.</strong></span> <span class='ocrx_word' id='word_1_836' title='bbox 1282 4949 1441 5013; x_wconf 80' lang='lat' dir='ltr'><strong>Animalia</strong></span> <span class='ocrx_word' id='word_1_837' title='bbox 1457 4953 1538 5012; x_wconf 87' lang='lat' dir='ltr'><strong>enim</strong></span> <span class='ocrx_word' id='word_1_838' title='bbox 1562 4952 1655 5012; x_wconf 80' lang='lat' dir='ltr'><strong>leonto</strong></span> <span class='ocrx_word' id='word_1_839' title='bbox 1677 4966 1746 5011; x_wconf 85' lang='lat' dir='ltr'><strong>non</strong></span> <span class='ocrx_word' id='word_1_840' title='bbox 1767 4950 1905 5025; x_wconf 84' lang='lat' dir='ltr'><strong>percipit</strong></span> <span class='ocrx_word' id='word_1_841' title='bbox 1922 4967 1972 5022; x_wconf 83' lang='lat' dir='ltr'><strong>ea,</strong></span> 
     </span>
     <span class='ocr_line' id='line_1_91' title="bbox 1123 5029 1974 5116; baseline -0.004 -19"><span class='ocrx_word' id='word_1_842' title='bbox 1123 5051 1207 5115; x_wconf 78' lang='lat' dir='ltr'><strong>quoe</strong></span> <span class='ocrx_word' id='word_1_843' title='bbox 1222 5043 1298 5096; x_wconf 86' lang='lat' dir='ltr'><strong>sunt</strong></span> <span class='ocrx_word' id='word_1_844' title='bbox 1313 5034 1453 5114; x_wconf 86' lang='lat' dir='ltr'><strong>Spiritus</strong></span> <span class='ocrx_word' id='word_1_845' title='bbox 1468 5036 1535 5096; x_wconf 81' lang='lat' dir='ltr'><strong>liei.</strong></span> <span class='ocrx_word' id='word_1_846' title='bbox 1552 5030 1597 5116; x_wconf 88' lang='lat' dir='ltr'><strong>(l.</strong></span> <span class='ocrx_word' id='word_1_847' title='bbox 1616 5033 1685 5095; x_wconf 83' lang='lat' dir='ltr'><strong>Cor.</strong></span> <span class='ocrx_word' id='word_1_848' title='bbox 1702 5029 1749 5113; x_wconf 83' lang='lat'><strong>2.)</strong></span> <span class='ocrx_word' id='word_1_849' title='bbox 1765 5033 1865 5107; x_wconf 84' lang='lat' dir='ltr'><strong>Quare</strong></span> <span class='ocrx_word' id='word_1_850' title='bbox 1878 5035 1905 5092; x_wconf 87' lang='lat' dir='ltr'><strong>si</strong></span> <span class='ocrx_word' id='word_1_851' title='bbox 1922 5051 1974 5094; x_wconf 93' lang='lat' dir='ltr'><strong>cu·</strong></span> 
     </span>
     <span class='ocr_line' id='line_1_92' title="bbox 1125 5114 1975 5196; baseline -0.004 -16"><span class='ocrx_word' id='word_1_852' title='bbox 1125 5119 1183 5196; x_wconf 80' lang='lat' dir='ltr'><strong>pis.</strong></span> <span class='ocrx_word' id='word_1_853' title='bbox 1208 5119 1324 5189; x_wconf 87' lang='lat' dir='ltr'><strong>anima,</strong></span> <span class='ocrx_word' id='word_1_854' title='bbox 1344 5119 1429 5178; x_wconf 86' lang='lat' dir='ltr'><strong>sitire</strong></span> <span class='ocrx_word' id='word_1_855' title='bbox 1451 5120 1579 5179; x_wconf 89' lang='lat' dir='ltr'><strong>salutern</strong></span> <span class='ocrx_word' id='word_1_856' title='bbox 1602 5124 1683 5178; x_wconf 91' lang='lat' dir='ltr'><strong>tuam</strong></span> <span class='ocrx_word' id='word_1_857' title='bbox 1699 5163 1707 5189; x_wconf 95' lang='lat'><strong>,</strong></span> <span class='ocrx_word' id='word_1_858' title='bbox 1725 5120 1755 5176; x_wconf 88' lang='lat' dir='ltr'><strong>et</strong></span> <span class='ocrx_word' id='word_1_859' title='bbox 1776 5114 1917 5175; x_wconf 89' lang='lat' dir='ltr'><strong>aliorum.</strong></span> <span class='ocrx_word' id='word_1_860' title='bbox 1944 5125 1975 5177; x_wconf 92' lang='lat' dir='ltr'><strong>et</strong></span> 
     </span>
     <span class='ocr_line' id='line_1_93' title="bbox 1125 5197 1975 5278; baseline -0.004 -16"><span class='ocrx_word' id='word_1_861' title='bbox 1125 5204 1219 5262; x_wconf 82' lang='lat' dir='ltr'><strong>inulto</strong></span> <span class='ocrx_word' id='word_1_862' title='bbox 1235 5201 1324 5261; x_wconf 91' lang='lat' dir='ltr'><strong>etiam</strong></span> <span class='ocrx_word' id='word_1_863' title='bbox 1343 5203 1438 5278; x_wconf 89' lang='lat' dir='ltr'><strong>magis</strong></span> <span class='ocrx_word' id='word_1_864' title='bbox 1454 5202 1600 5262; x_wconf 90' lang='lat' dir='ltr'><strong>bonorem</strong></span> <span class='ocrx_word' id='word_1_865' title='bbox 1617 5199 1684 5264; x_wconf 77' lang='lat' dir='ltr'><strong>liei.</strong></span> <span class='ocrx_word' id='word_1_866' title='bbox 1702 5206 1732 5258; x_wconf 95' lang='lat' dir='ltr'><strong>et</strong></span> <span class='ocrx_word' id='word_1_867' title='bbox 1747 5197 1873 5278; x_wconf 90' lang='lat' dir='ltr'><strong>gloriam</strong></span> <span class='ocrx_word' id='word_1_868' title='bbox 1887 5197 1975 5260; x_wconf 90' lang='lat' dir='ltr'><strong>Chri·</strong></span> 
     </span>
     <span class='ocr_line' id='line_1_94' title="bbox 1123 5281 1974 5360; baseline -0.002 -15"><span class='ocrx_word' id='word_1_869' title='bbox 1123 5287 1173 5359; x_wconf 87' lang='lat' dir='ltr'><strong>sti,</strong></span> <span class='ocrx_word' id='word_1_870' title='bbox 1192 5285 1261 5346; x_wconf 90' lang='lat' dir='ltr'><strong>audi</strong></span> <span class='ocrx_word' id='word_1_871' title='bbox 1277 5285 1310 5344; x_wconf 80' lang='lat' dir='ltr'><strong>ll.</strong></span> <span class='ocrx_word' id='word_1_872' title='bbox 1327 5283 1473 5346; x_wconf 83' lang='lat' dir='ltr'><strong>iacobum</strong></span> <span class='ocrx_word' id='word_1_873' title='bbox 1490 5283 1662 5354; x_wconf 65' lang='lat' dir='ltr'><strong>dicantem</strong></span> <span class='ocrx_word' id='word_1_874' title='bbox 1679 5281 1714 5343; x_wconf 88' lang='lat' dir='ltr'><strong>st</strong></span> <span class='ocrx_word' id='word_1_875' title='bbox 1735 5284 1808 5360; x_wconf 86' lang='lat' dir='ltr'><strong>quis</strong></span> <span class='ocrx_word' id='word_1_876' title='bbox 1829 5287 1974 5343; x_wconf 85' lang='lat' dir='ltr'><strong>oestrum</strong></span> 
     </span>
     <span class='ocr_line' id='line_1_95' title="bbox 1122 5366 1970 5446; baseline -0.004 -16"><span class='ocrx_word' id='word_1_877' title='bbox 1122 5369 1246 5446; x_wconf 82' lang='lat' dir='ltr'><strong>indiget</strong></span> <span class='ocrx_word' id='word_1_878' title='bbox 1260 5369 1435 5446; x_wconf 85' lang='lat' dir='ltr'><strong>snpientia,</strong></span> <span class='ocrx_word' id='word_1_879' title='bbox 1451 5367 1587 5445; x_wconf 83' lang='lat' dir='ltr'><strong>postulet</strong></span> <span class='ocrx_word' id='word_1_880' title='bbox 1601 5385 1622 5428; x_wconf 90' lang='lat' dir='ltr'><strong>o</strong></span> <span class='ocrx_word' id='word_1_881' title='bbox 1634 5367 1710 5431; x_wconf 84' lang='lat' dir='ltr'><strong>Deo,</strong></span> <span class='ocrx_word' id='word_1_882' title='bbox 1724 5366 1782 5444; x_wconf 79' lang='lat' dir='ltr'><strong>qur·</strong></span> <span class='ocrx_word' id='word_1_883' title='bbox 1795 5366 1853 5425; x_wconf 88' lang='lat' dir='ltr'><strong>dot</strong></span> <span class='ocrx_word' id='word_1_884' title='bbox 1865 5369 1970 5427; x_wconf 86' lang='lat' dir='ltr'><strong>omui-</strong></span> 
     </span>
     <span class='ocr_line' id='line_1_96' title="bbox 1123 5446 1970 5530; baseline -0.004 -16"><span class='ocrx_word' id='word_1_885' title='bbox 1123 5452 1180 5514; x_wconf 89' lang='lat' dir='ltr'><strong>bue</strong></span> <span class='ocrx_word' id='word_1_886' title='bbox 1196 5451 1377 5530; x_wconf 69' lang='lat' dir='ltr'><strong>affluenter,</strong></span> <span class='ocrx_word' id='word_1_887' title='bbox 1395 5460 1423 5512; x_wconf 88' lang='lat' dir='ltr'><strong>et</strong></span> <span class='ocrx_word' id='word_1_888' title='bbox 1436 5467 1504 5513; x_wconf 87' lang='lat' dir='ltr'><strong>uon</strong></span> <span class='ocrx_word' id='word_1_889' title='bbox 1514 5453 1725 5528; x_wconf 85' lang='lat' dir='ltr'><strong>improperet:</strong></span> <span class='ocrx_word' id='word_1_890' title='bbox 1742 5455 1773 5510; x_wconf 89' lang='lat' dir='ltr'><strong>ct</strong></span> <span class='ocrx_word' id='word_1_891' title='bbox 1783 5446 1915 5509; x_wconf 87' lang='lat' dir='ltr'><strong>dubitur</strong></span> <span class='ocrx_word' id='word_1_892' title='bbox 1930 5451 1970 5511; x_wconf 83' lang='lat' dir='ltr'><strong>ei.</strong></span> 
     </span>
     <span class='ocr_line' id='line_1_97' title="bbox 1123 5532 1972 5615; baseline 0 -19"><span class='ocrx_word' id='word_1_893' title='bbox 1123 5533 1206 5615; x_wconf 83' lang='lat' dir='ltr'><strong>(Jcc.</strong></span> <span class='ocrx_word' id='word_1_894' title='bbox 1223 5536 1268 5604; x_wconf 90' lang='lat' dir='ltr'><strong>l.)</strong></span> <span class='ocrx_word' id='word_1_895' title='bbox 1284 5533 1387 5611; x_wconf 81' lang='lat' dir='ltr'><strong>licque</strong></span> <span class='ocrx_word' id='word_1_896' title='bbox 1403 5538 1484 5596; x_wconf 89' lang='lat' dir='ltr'><strong>enim</strong></span> <span class='ocrx_word' id='word_1_897' title='bbox 1508 5537 1564 5596; x_wconf 88' lang='lat' dir='ltr'><strong>ista</strong></span> <span class='ocrx_word' id='word_1_898' title='bbox 1587 5544 1645 5595; x_wconf 90' lang='lat' dir='ltr'><strong>tam</strong></span> <span class='ocrx_word' id='word_1_899' title='bbox 1660 5533 1804 5595; x_wconf 90' lang='lat' dir='ltr'><strong>sublimis</strong></span> <span class='ocrx_word' id='word_1_900' title='bbox 1818 5532 1972 5608; x_wconf 86' lang='lat' dir='ltr'><strong>sapientia</strong></span> 
     </span>
     <span class='ocr_line' id='line_1_98' title="bbox 1123 5615 1972 5696; baseline 0.004 -18"><span class='ocrx_word' id='word_1_901' title='bbox 1123 5620 1156 5679; x_wconf 92' lang='lat' dir='ltr'><strong>in</strong></span> <span class='ocrx_word' id='word_1_902' title='bbox 1171 5618 1287 5680; x_wconf 92' lang='lat' dir='ltr'><strong>scholis</strong></span> <span class='ocrx_word' id='word_1_903' title='bbox 1302 5620 1408 5680; x_wconf 92' lang='lat' dir='ltr'><strong>mundi</strong></span> <span class='ocrx_word' id='word_1_904' title='bbox 1425 5620 1598 5696; x_wconf 89' lang='lat' dir='ltr'><strong>reperitur,</strong></span> <span class='ocrx_word' id='word_1_905' title='bbox 1616 5617 1718 5680; x_wconf 90' lang='lat' dir='ltr'><strong>sedin</strong></span> <span class='ocrx_word' id='word_1_906' title='bbox 1733 5616 1800 5679; x_wconf 89' lang='lat' dir='ltr'><strong>solo</strong></span> <span class='ocrx_word' id='word_1_907' title='bbox 1815 5615 1972 5682; x_wconf 90' lang='lat' dir='ltr'><strong>auditorio</strong></span> 
     </span>
     <span class='ocr_line' id='line_1_99' title="bbox 1124 5699 2023 5782; baseline -0.002 -17"><span class='ocrx_word' id='word_1_908' title='bbox 1124 5701 1254 5782; x_wconf 89' lang='lat' dir='ltr'><strong>Spiritus</strong></span> <span class='ocrx_word' id='word_1_909' title='bbox 1268 5701 1336 5778; x_wconf 87' lang='lat' dir='ltr'><strong>bei,</strong></span> <span class='ocrx_word' id='word_1_910' title='bbox 1352 5703 1404 5782; x_wconf 89' lang='lat' dir='ltr'><strong>qui</strong></span> <span class='ocrx_word' id='word_1_911' title='bbox 1419 5703 1575 5766; x_wconf 92' lang='lat' dir='ltr'><strong>hominem</strong></span> <span class='ocrx_word' id='word_1_912' title='bbox 1590 5700 1752 5765; x_wconf 90' lang='lat' dir='ltr'><strong>animalem</strong></span> <span class='ocrx_word' id='word_1_913' title='bbox 1772 5699 1921 5768; x_wconf 86' lang='lat' dir='ltr'><strong>convertit</strong></span> <span class='ocrx_word' id='word_1_914' title='bbox 1936 5703 1970 5764; x_wconf 88' lang='lat' dir='ltr'><strong>in</strong></span> <span class='ocrx_word' id='word_1_915' title='bbox 2022 5775 2023 5778; x_wconf 8' lang='grc' dir='ltr'><strong>Ἴ</strong></span> 
     </span>
    </p>
   </div>
   <div class='ocr_carea' id='block_1_8' title="bbox 0 0 2055 6258">
    <p class='ocr_par' dir='ltr' id='par_1_9' title="bbox 0 0 2055 6258">
     <span class='ocr_line' id='line_1_100' title="bbox 0 0 2055 6258; baseline 0 0"><span class='ocrx_word' id='word_1_916' title='bbox 0 0 2055 6258; x_wconf 95' lang='lat' dir='ltr'><strong> </strong></span> 
     </span>
    </p>
   </div>
  </div>
 </body>
</html>
