4002 6228
663 276 703 332 00
723 275 810 336 ibbo
830 275 909 334 bont.
931 278 992 338 500.
1013 279 1055 338 AD
1074 275 1138 337 ndu.
1647 279 1679 336 oi

283 409 326 474 00
342 407 502 474 00000000.
520 407 591 472 503.
905 411 942 474 00
959 412 1118 490 epistolam
1133 409 1432 488 eapaatloimtsuau
1448 409 1478 472 in
1495 410 1607 488 ouibus
1621 412 1756 492 disputat

906 495 1053 560 adsersus
1071 493 1288 566 nestorianos,
1315 501 1345 556 et
1366 494 1511 557 adsersus
1532 493 1677 558 00000000
1699 497 1755 560 lle-

57 572 211 638 Bunodius
227 574 402 649 00000000,
424 579 455 638 00
476 579 581 652 000000
599 571 772 650 spiscopus
786 571 864 634 Pici·
906 577 1045 654 glaucam
1062 576 1349 656 samtpctugiauum.
1366 574 1402 638 Bt
1416 577 1540 656 quidem
1555 578 1710 649 00000000,
1726 584 1757 642 00

17 657 139 731 000000,
160 659 272 720 0000000
293 665 431 736 tempore
445 657 617 737 Symmachi
639 664 667 717 at
683 655 863 718 llormisdae
906 657 1087 740 Pelagianos
1101 661 1224 741 egregie
1239 659 1361 734 refellit,
1376 675 1413 720 er
1429 658 1515 722 libris
1529 677 1556 724 s.
1573 661 1756 740 augustini:

18 738 189 802 Pontidonin
206 743 424 810 Romanorum,
437 737 562 817 scripsit
574 754 654 801 anno
667 737 739 801 503.
750 737 864 815 Apolo-
908 749 936 804 at
951 741 1146 806 Nesluiiauos
1168 747 1206 806 ita
1228 741 1340 813 relellit
1360 740 1501 805 scribens
1514 749 1619 806 000οι0
1634 744 1758 808 Posses·

15 825 143 897 getiaum
156 824 268 889 librum
282 838 336 900 pin
347 827 452 902 quarta
466 823 590 902 synodo
603 821 863 899 subsummaaho,
907 841 1009 888 sorem
1024 825 1210 906 Episcopum
1231 823 1404 888 arcicanum
1420 869 1428 892 .
1449 831 1483 887 ut
1497 827 1533 887 ad
1550 825 1759 906 0000000000οο

14 906 65 978 000
80 905 301 986 00000000ου00,
319 908 350 966 00
364 904 510 984 00000000
524 922 539 966 0
555 903 659 982 quinte
672 903 864 983 Synodosuh
907 907 1063 972 declinare
1083 909 1232 994 rideatur.
1255 907 1342 970 00000
1362 925 1389 970 s.
1406 907 1564 972 hormisda
1588 910 1665 990 Papa
1687 910 1759 972 Pos-

15 987 216 1064 ngmaehoc
233 989 358 1066 scripsit
372 987 463 1050 etiam
479 987 639 1067 epistolas,
654 995 685 1052 at
698 985 768 1061 iilia,
784 1002 864 1066 quaa
907 1005 1063 1054 sessorem
1076 991 1224 1062 delendit,
1240 996 1271 1053 at
1285 989 1430 1054 loannem
1443 1007 1513 1052 0000
1525 990 1590 1054 0000
1602 991 1759 1055 lionaohis

14 1078 113 1136 crunt
126 1090 238 1138 excusa
254 1071 379 1134 Parisiis
393 1071 424 1134 in
441 1069 471 1134 8.
908 1074 1016 1137 aeriter
1037 1075 1206 1137 insectatus
1219 1077 1277 1136 ast.
1293 1071 1370 1137 00000
1391 1073 1551 1152 epistolam
1567 1074 1761 1138 Possessoris

908 1154 1445 1234 adhormisdam,et'responsioncm
1458 1155 1760 1238 llarmisdiieinipsn

234 1237 278 1300 00
291 1236 384 1300 Petro
401 1233 553 1298 Piocooo.
571 1231 643 1296 503.
909 1253 1004 1316 00000
1020 1237 1145 1300 loannis
1159 1237 1312 1301 00000000.
1336 1238 1464 1318 Scripsit
1477 1246 1577 1308 000000
1593 1240 1762 1304 bisantius

706 1397 712 1410 ⁸
769 1395 776 1410 ο
909 1327 1013 1384 eontra
1039 1320 1199 1395 epistolam
1216 1317 1418 1398 00000000οι0,
1445 1335 1561 1401 negans
1586 1323 1667 1386 ittam
1689 1337 1762 1386 asse

53 1403 159 1465 Petrus
180 1402 335 1464 diaconus
355 1398 496 1480 teuutlis
517 1414 545 1460 s·
559 1395 582 1458 F
586 1396 714 1478 circuiit
735 1395 811 1470 itti.
834 1400 867 1456 ut
908 1401 1100 1477 Hormisdae,
1124 1419 1164 1466 iia
1185 1401 1339 1465 rideretur
1353 1411 1457 1467 contra
1471 1420 1625 1470 summani
1640 1404 1762 1470 Pontin-

13 1494 116 1548 nntum
132 1491 180 1548 est
195 1501 232 1547 ex
245 1481 333 1562 libris
348 1481 478 1544 inuicem
494 1479 631 1558 scriptis.
644 1478 773 1556 Scripsit
783 1479 865 1541 ettittt
911 1501 979 1549 0000
995 1485 1154 1562 0000000ος
1170 1485 1225 1548 000
1242 1501 1345 1548 resera
1360 1491 1464 1566 negari
1481 1503 1541 1550 non
1558 1495 1680 1569 000000,
1698 1486 1763 1570 epi·

13 1567 119 1630 Petrus
132 1569 184 1630 bic
195 1567 307 1628 librum
320 1568 359 1628 da
370 1563 584 1630 incarnatione
598 1567 630 1626 00
640 1562 732 1644 gratia
742 1559 866 1638 dhristi,
909 1571 1019 1634 giorum
1036 1569 1119 1632 trram
1135 1583 1204 1632 aare
1220 1583 1291 1632 ussa
1307 1567 1500 1633 0000000000,
1667 1594 1669 1602 ¹

13 1653 49 1712 ad
64 1667 92 1714 s.
108 1649 326 1730 fulgentium,
351 1655 381 1712 et
402 1646 479 1708 ulios
501 1645 673 1724 Bpiscopns
687 1644 866 1707 hiricanns:
1267 1693 1269 1703 .

14 1733 63 1810 oui
84 1735 164 1796 liber
186 1739 266 1795 extat
286 1731 367 1793 inter
388 1745 480 1806 opera
503 1744 530 1791 s.
554 1727 708 1807 Fulgenlii
730 1728 868 1806 proxime
1081 1790 1084 1798 ,
1126 1779 1168 1841 De
1226 1775 1315 1840 Avito
1330 1776 1447 1838 mmo
1466 1773 1536 1838 '520

12 1816 209 1881 antelibrum
224 1811 473 1892 acamantida
488 1813 599 1874 andem
614 1814 805 1891 argumento.
1141 1857 1143 1860 .
1182 1795 1208 1842 ⁸·
1452 1822 1459 1836 ·
1540 1821 1548 1838 ·

196 1981 242 2046 00
255 1981 427 2048 demando
441 1979 597 2044 00000000.
614 1977 687 2044 500.
951 1981 1056 2047 hiitus
1071 1983 1207 2046 dicimus
1221 1979 1394 2059 Episcopus
1410 1976 1596 2042 Viennensis
1618 1973 1662 2038 000
1677 1973 1765 2036 nobi·

911 2067 1063 2130 tissimus.
1075 2065 1301 2140 sanctissimus,
1314 2069 1344 2126 et
1355 2064 1564 2135 doctissimus,
1577 2059 1678 2122 llnrnit
1692 2068 1765 2118 iam·

56 2145 228 2212 Perrindus
240 2147 392 2210 00000000
404 2143 654 2226 carthaginensis
669 2143 779 2208 eodem
795 2148 869 2206 tem·
913 2150 1038 2229 poribus
1050 2147 1149 2226 Papae
1161 2146 1352 2222 hormisdae,
1364 2163 1380 2207 a
1393 2163 1454 2225 quo
1465 2143 1603 2208 vicarius
1617 2141 1647 2203 in
1661 2138 1765 2203 Galliis

18 2247 88 2310 onie
107 2231 234 2310 scripsit
249 2228 476 2308 paraeneticum
491 2231 529 2292 au
545 2228 693 2308 0000000
709 2225 869 2300 combam,
913 2235 1222 2305 constitueretur
1243 2235 1364 2292 consui
1383 2243 1421 2292 ax
1440 2228 1571 2304 epicinia
1587 2221 1767 2316 scenicum

18 2313 66 2389 oui
80 2320 162 2376 extat
176 2315 209 2375 in
224 2313 413 2376 Bibliotheca
435 2320 612 2375 sanctornm
629 2312 748 2372 Petrum
762 2353 772 2383 ‚
788 2316 871 2372 tomo
914 2316 951 2378 ad
966 2316 1081 2393 ipsum.
1098 2313 1188 2376 llulta
1203 2311 1331 2389 scripsit
1351 2315 1383 2376 et
1395 2325 1485 2374 reran
1501 2315 1531 2372 et
1545 2308 1644 2370 soluta
1659 2310 1767 2368 oratio·

17 2395 211 2474 quintaedit.
238 2397 407 2460 00000000.
436 2394 565 2474 Scripsit
589 2393 680 2456 etiarn
706 2390 867 2472 epistolas,
914 2414 966 2472 ne,
984 2385 1767 2476 utdocentdiagorins'lurronlcuslibi.capili.

17 2496 89 2556 0000
114 2485 221 2542 artant
241 2477 355 2542 Romae
378 2478 558 2556 impressae.
581 2477 711 2554 Scripsit
735 2476 871 2554 denique
915 2490 945 2543 et
959 2479 1023 2544 00000
1036 2479 1224 2544 Viennensis
1239 2480 1269 2538 in
1285 2474 1449 2540 Chronico.
1463 2473 1526 2552 000
1541 2474 1641 2538 solum
1657 2472 1717 2549 legi
1733 2472 1768 2531 li-

17 2563 105 2626 breie
120 2561 343 2642 compendium
359 2577 517 2624 sacrorum
532 2575 699 2624 canonum.
914 2562 989 2627 bros
1002 2563 1141 2642 quinqua
1156 2560 1282 2626 metrice
1293 2562 1426 2639 scriptos
1438 2555 1638 2624 0000000000.
1650 2561 1681 2616 00
1692 2551 1769 2615 000-

915 2647 1002 2720 0000,
1025 2651 1055 2707 00
1076 2645 1186 2708 librum
1209 2645 1248 2706 00
1269 2641 1428 2716 castitate,
1445 2639 1482 2702 ad
1504 2652 1653 2710 sororem,
1677 2636 1769 2716 plana

220 2730 263 2792 00
279 2729 440 2808 eugippio
449 2726 582 2791 *abbata
597 2725 668 2789 500.
780 2753 783 2762 ·
916 2729 1135 2808 grauissimos,
1159 2732 1189 2789 et
1209 2726 1466 2795 venustissimos,
1488 2722 1541 2799 qui
1556 2725 1661 2782 000000
1675 2719 1706 2782 00
1722 2718 1770 2779 Bi·

916 2811 1071 2877 bliothaea
1086 2815 1263 2874 sanctorum
1278 2808 1399 2871 Patruus
1415 2803 1491 2870 edit.
1506 2803 1538 2868 2.
1554 2807 1636 2868 tomo
1650 2799 1682 2865 8.

52 2892 227 2973 Bugippius
241 2892 345 2956 hhbns
358 2892 522 2956 hiricanns
536 2891 608 2956 ituit
622 2898 761 2969 ternpore
775 2889 871 2952 saneti
1396 2904 1399 2909 ·
1550 2947 1552 2954 ⁴

19 2975 181 3056 Brigantii,
197 2983 231 3040 et
243 2980 418 3054 composuit
431 2991 542 3054 magno
557 2975 665 3039 labore
680 2982 779 3036 tomos
794 2976 873 3034 duos
1126 2974 1169 3038 00
1184 2975 1292 3038 000000
1309 2973 1472 3040 Sauerino.
1488 2971 1562 3038 520.

20 3065 231 3126 thesaurorum
254 3060 351 3122 sancti
365 3057 550 3138 Augustini:
572 3057 604 3120 iii
626 3072 755 3136 quorum
770 3055 872 3135 priore

19 3145 113 3221 posuit
127 3157 345 3221 quaecumque
366 3150 489 3204 sanatus
503 3141 693 3219 Augustinus
706 3143 875 3216 scripserat
958 3141 1059 3205 000000
1081 3138 1270 3212 Severiana,
1293 3139 1338 3203 air
1358 3137 1573 3212 clarissimus,
1591 3135 1720 3198 Senator
1741 3137 1772 3194 at

20 3229 51 3288 de
64 3227 164 3288 rebus
179 3223 422 3300 obscurissimis,
436 3231 470 3285 ut
483 3224 523 3286 dc
537 3226 650 3298 anima,
663 3221 872 3294 0000000000,
917 3222 1113 3296 consularis.
1136 3221 1239 3287 duruit
1260 3229 1398 3298 ternpore
1411 3219 1592 3284 rbecdurici
1608 3218 1701 3295 liegis
1715 3215 1773 3312 000-

20 3307 320 3390 000000000000000,
336 3309 376 3368 00
390 3306 515 3380 iudicio.
534 3306 572 3369 de
588 3307 646 3368 0000
661 3321 697 3368 00
712 3308 810 3366 morte
824 3317 873 3366 00·
918 3308 989 3384 lina,
1012 3323 1081 3368 00ιο
1104 3309 1141 3369 00
1163 3307 1265 3385 ipsum
1280 3305 1419 3368 00000000
1440 3307 1523 3367 extat
1535 3299 1664 3380 epistola
1680 3298 1773 3394 Bagis

20 3396 111 3452 terna.
128 3391 164 3453 ln
182 3391 354 3468 posteriore
369 3388 874 3467 collocarit,quaesenetuslugu·
917 3389 1123 3461 0000000000,
1147 3402 1226 3466 quaa
1248 3395 1296 3451 est
1316 3387 1549 3466 quadragesima
1575 3385 1680 3461 000000
1701 3381 1773 3475 libri

21 3476 112 3535 stiuus
126 3475 267 3552 disputat
282 3478 386 3534 eontra
401 3471 531 3534 aiicnos
546 3517 554 3546 ,
579 3470 765 3543 bouchetus,
781 3469 874 3531 linui·
918 3472 1008 3552 primi
1023 3473 1103 3550 apud
1116 3468 1486 3546 cassiodorumscripsii
1500 3466 1594 3530 multa
1608 3465 1693 3528 00ιο
1705 3462 1775 3525 Phi·

20 3559 150 3633 000000,
169 3562 202 3618 et
218 3553 408 3636 Pelagianos.
423 3553 544 3616 Editum
561 3559 609 3616 est
623 3553 683 3616 000
697 3568 776 3630 opus
790 3553 874 3614 Basi·
918 3554 1088 3636 iosnphioa,
1105 3563 1135 3618 et
1146 3553 1344 3633 000000000ος
1359 3569 1395 3614 00
1409 3557 1441 3614 00
1456 3548 1670 3628 philosophica
1686 3548 1775 3609 uniit·

23 3639 78 3700 lece
92 3653 180 3700 anuo
194 3637 285 3700 0000.
303 3635 392 3700 tlte.
409 3644 440 3699 00
456 3635 591 3700 venetiis
606 3651 687 3700 anno
703 3634 793 3700 0500.
816 3634 872 3697 000
920 3646 991 3710 tam,
1004 3637 1130 3715 scripsit
1145 3636 1257 3700 librum
1273 3651 1368 3700 unum
1380 3635 1423 3702 de
1434 3633 1582 3697 0000000000
1594 3630 1776 3710 adsumme·

25 3720 175 3784 earendae
187 3725 262 3783 sunt
273 3718 402 3782 insidiae
415 3719 650 3796 haereticorum,
661 3722 711 3798 qui
725 3721 873 3799 hocopus
920 3722 1013 3786 chum
1027 3735 1169 3782 socerum
1185 3735 1289 3782 suum.

29 3805 168 3869 00000οι0
187 3803 349 3868 miserunt.
470 3845 503 3854 .-
962 3801 1038 3864 ltem
1054 3802 1165 3864 librum
1181 3802 1222 3864 de
1235 3802 1351 3864 unitate
1364 3797 1533 3861 Trinitatis.
1728 3873 1735 3888 υ

963 3884 1041 3947 liam
1065 3884 1175 3947 librum
1203 3899 1297 3947 unuin
1322 3883 1361 3947 00
1385 3882 1505 3945 000000
1533 3877 1650 3942 naturis
1666 3873 1777 3938 Christi

213 3967 257 4032 00
270 3969 455 4034 llorecili'no
472 3969 600 4034 00000000.
616 3971 688 4034 520.
923 3970 1073 4033 adversus
1088 3965 1301 4047 0000000000.
1736 4038 1744 4054 ⁶

533 4089 539 4092 -
963 4050 1040 4114 ltem
1064 4051 1178 4122 librum
1204 4065 1297 4112 uuum
1320 4047 1360 4111 00
1381 4045 1459 4122 000,
1481 4049 1519 4110 00
1541 4044 1689 4107 loannem
1711 4039 1779 4104 Bia·

62 4133 262 4198 10ιο000000
275 4131 878 4213 00000000000000000000000000000000
925 4149 1050 4200 annum.
1339 4155 1341 4162 i
1735 4202 1742 4218 ⁸

32 4231 98 4276 tucn
114 4216 281 4280 iustiniani
299 4234 393 4294 nono,
416 4228 447 4282 et
466 4220 574 4282 salotis
590 4217 661 4282 535.
677 4217 769 4282 duem
784 4215 880 4296 impu·
965 4217 1042 4281 00000
1057 4217 1096 4280 00
1111 4215 1322 4284 consolatione
1343 4209 1557 4291 philosophiae
1580 4207 1779 4304 1000000000·

30 4299 77 4360 suit
93 4297 337 4373 ebroniensem
354 4303 435 4376 quod
451 4320 466 4364 a
480 4303 662 4365 cassiodoro
678 4301 765 4362 ratde
781 4300 882 4361 teuda-
926 4315 1000 4378 000.
1017 4301 1124 4380 partim
1141 4299 1289 4372 carmine,
1305 4297 1412 4375 partim
1424 4311 1527 4370 prosa,
1541 4294 1778 4385 eruditissimos.

31 4391 68 4443 uir
82 4383 169 4446 libro
186 4385 226 4446 de
243 4385 353 4446 diituis
368 4384 552 4448 lectionibus
567 4401 636 4461 cap.
653 4383 703 4448 00.
720 4388 801 4446 extat
821 4384 880 4444 hoo
929 4383 1013 4448 obiit
1026 4383 1125 4461 eapite
1136 4382 1318 4445 obtruncato
1329 4381 1416 4445 iussu
1428 4376 1611 4442 Theudorici
1624 4373 1716 4454 segis
1727 4386 1779 4432 au-

29 4463 212 4528 ibrnnicum
241 4467 270 4528 in
293 4466 482 4530 Bibliotheca
505 4475 679 4530 sanctorum
702 4466 822 4528 Petrum
838 4473 881 4527 tu·
931 4464 1300 4544 concuteremus.

29 4564 67 4608 no
83 4547 114 4610 i.
129 4551 210 4612 edit.
224 4547 256 4611 2.
269 4549 398 4628 Scripsit
411 4550 491 4612 idam
502 4549 709 4625 0000000000,
723 4552 800 4611 teste
813 4547 883 4610 das·

28 4631 159 4703 000000,
186 4637 318 4710 quatuor
340 4633 434 4695 libros
455 4635 495 4696 00
507 4632 589 4696 Urbe
603 4631 900 4708 Constantinopoli»
1123 4627 1166 4694 00
1184 4627 1334 4712 Dionysio
1351 4631 1492 4710 Bmipuo.
1511 4628 1581 4692 525.

27 4720 84 4773 000
102 4723 135 4775 00
153 4713 452 4793 hierosolymitana:
470 4716 522 4794 qui
537 4717 605 4778 libri
622 4717 669 4794 (00
683 4709 805 4795 opinor)
821 4731 882 4778 nnn
1713 4783 1718 4796 ¹

27 4804 139 4861 00000.
970 4793 1134 4878 Dionysius
1148 4793 1284 4873 Exiguus
1299 4793 1422 4858 natione
1438 4790 1560 4870 500000,
1573 4786 1627 4850 000
1644 4781 1782 4878 moribus

928 4877 1106 4949 00000000,
1132 4877 1389 4956 quemadmodum
1412 4878 1618 4965 cognomento
1635 4867 1780 4945 Exiguus,

224 4959 268 5022 00
286 4962 408 5028 icauna
423 4963 598 5030 000000οι0000.
616 4963 687 5027 520.
932 4961 986 5024 000
1003 4961 1138 5024 doctrina
1154 4968 1185 5024 et
1199 4961 1358 5024 sanctitate
1373 4959 1521 5022 maximus
1536 5002 1544 5030 ‚
1560 4957 1633 5015 risit
1643 4957 1783 5046 ,tempore

493 5089 495 5094 ,
932 5043 1114 5106 Theudorici
1128 5043 1220 5124 Regis
1232 5044 1337 5106 ltaliae
1351 5049 1381 5105 et
1393 5053 1610 5104 successorum
1623 5049 1701 5098 eius:
1715 5049 1784 5126 uam

55 5125 586 5207 loannesliaxentiuallouachus‚
609 5138 661 5209 00,
679 5137 711 5194 00
733 5130 880 5204 creditur,
933 5143 1015 5190 anuo
1030 5126 1102 5190 520.
1125 5127 1249 5204 scripsit
1270 5128 1386 5206 cyclum
1398 5123 1603 5190 0000000000,
1627 5124 1657 5180 et
1671 5131 1785 5209 omissa

24 5214 191 5293 presbyter
212 5211 431 5289 antiochenus,
455 5218 526 5282 iirit
551 5227 688 5294 tempore
703 5213 883 5277 llormisdaa
934 5210 1058 5288 prolana
1072 5209 1283 5272 numeratione
1298 5223 1446 5270 annorum
1461 5205 1499 5268 ab
1516 5197 1786 5296 imperioliiogle·

23 5294 135 5372 Pipae,
146 5298 257 5356 contra
273 5298 361 5358 euius
376 5299 533 5376 epistolam
549 5299 684 5378 scripsit.
701 5297 776 5362 0000
789 5311 883 5376 00000
935 5293 1008 5355 00000
1030 5291 1116 5372 impii
1138 5290 1367 5368 persecutoris.
1392 5303 1554 5382 0000οιοι0
1570 5289 1670 5379 coepit
1685 5280 1723 5344 ab
1736 5280 1787 5342 ln·

24 5384 125 5440 citant
150 5377 185 5438 in
201 5385 310 5453 uuarta
324 5383 406 5442 tomo
419 5381 626 5446 Bibliothecae
640 5385 816 5444 sanctorum
832 5379 886 5440 Pa·
936 5376 1114 5442 carnatione
1126 5373 1246 5436 Domini
1261 5373 1332 5437 0000
1348 5371 1473 5434 christi.
1487 5370 1615 5442 Scripsit
1631 5369 1786 5460 praeterea

25 5470 112 5522 cum.
126 5457 371 5537 Scripsitautnm
379 5460 552 5528 0000000000
563 5463 635 5527 0000
647 5463 885 5543 prolesslonem,
936 5458 1147 5524 collectionem
1168 5471 1324 5520 sacrorum
1346 5469 1503 5518 canonum
1519 5467 1555 5514 eii
1573 5448 1716 5510 conciliis
1731 5446 1788 5510 00-

27 5554 89 5604 iem
109 5541 261 5604 libellum
276 5549 381 5606 eontra
396 5539 582 5627 0000000οε,
604 5546 679 5610 item
693 5547 884 5642 dialogorum
935 5543 1049 5608 alasiae
1061 5537 1234 5620 Catholicae
1249 5555 1258 5600 :
1275 5555 1367 5617 quern
1384 5541 1488 5615 postea
1504 5534 1611 5598 imitati
1626 5538 1697 5597 sunt
1714 5533 1787 5596 llar-

29 5633 131 5690 000000
145 5624 346 5690 riesiciiaiios
357 5627 454 5693 libros
465 5629 636 5708 duos,itcui
648 5641 884 5710 responsionem
935 5629 1017 5692 tinus
1031 5622 1228 5688 bracarensis
1244 5625 1273 5686 00
1290 5621 1485 5686 Cresconius.

175 5725 329 5786 Bcuiiiiriiii
349 5730 406 5791 Vol.
428 5730 471 5791 vt.
1542 5724 1558 5777 9
