4086 6258
330 325 381 380 lli
905 323 952 379 ott
973 321 1113 380 SEPTEM
1134 321 1240 380 l'ltllss.
1261 320 1344 380 DOM.

260 460 330 524 dum
347 459 450 522 rident
475 475 544 522 eum
567 460 778 524 colluctantem
802 473 871 520 cum
892 456 1016 536 antiquo
1037 472 1100 518 ser·
1147 455 1274 518 iliorum
1292 469 1362 534 erga
1379 457 1531 530 parentes.
1548 452 1738 530 Incipiamus
1760 465 1776 510 a
1800 449 1911 530 priore.
1939 449 2006 510 lie·

259 549 361 619 pente,
379 557 480 621 neque
495 543 730 606 descendentem
752 543 791 602 do
807 555 920 610 cruce,
943 539 1041 600 donec
1058 541 1096 600 de
1148 541 1220 602 beot
1235 545 1376 612 parentes
1393 535 1464 596 boni
1483 536 1612 615 diligere
1637 535 1733 604 lilius.
1756 532 1804 596 sic
1829 538 1941 602 lamen,
1967 538 2006 592 ol

260 626 312 687 llio
334 625 509 688 ielicissimc
526 625 763 705 triumphauerit.
788 622 839 686 Sic
863 624 943 685 enirn
966 619 1101 696 innuitur
1147 635 1230 682 anlon
1246 617 1373 681 illiorum
1399 633 1458 678 non
1482 618 1628 698 impediat
1651 631 1784 681 arnonem
1810 615 1874 677 liei.
1897 617 2006 690 etqua

257 705 422 784 Apostolus
438 711 468 768 in
484 707 622 786 liplslnla
634 707 670 769 ad
685 705 895 770 colossenses:
906 701 1033 786 (Coti.)
1045 703 1100 766 lix·
1149 707 1206 765 boc
1220 708 1278 763 est.
1296 703 1376 776 qood
1394 701 1539 763 [tornines
1555 703 1584 762 in
1600 697 1761 779 Evangelia
1779 699 1865 758 dicit:
1888 698 1953 775 Qui
1967 715 2008 756 a·

266 788 387 864 polianil
400 791 615 868 principatus,
638 795 667 852 et
679 795 846 866 potestates
870 787 1015 848 traducit
1031 803 1103 849 con·
1147 789 1214 847 mat
1234 781 1335 861 titium
1351 789 1408 846 act
1421 781 1524 860 tiliam
1539 799 1638 864 super
1649 799 1720 851 me.
1743 795 1812 843 aaa
1826 786 1870 844 est
1885 798 1937 842 nac
1953 784 2007 842 di·

263 871 409 944 tidenter.
432 873 543 946 polam
561 871 764 950 triampbans
785 871 857 933 illos
872 871 908 932 in
923 871 1102 946 semetipsa.
1147 884 1231 946 precs
1246 865 1367 946 (Mollis.
1382 862 1449 946 lli.)
1461 865 1524 927 Hoc
1539 864 1628 942 plene
1649 863 1876 928 accuratissime
1892 864 2007 926 obser-

259 952 297 1016 El
315 956 405 1031 paulo
420 958 501 1027 aule,
518 953 654 1035 dffipens
674 956 765 1016 eruci
788 951 1037 1031 elriroprnpbnm
1052 954 1105 1014 de·
1149 953 1229 1012 ravit
1249 949 1339 1028 Virgo
1357 949 1455 1011 beatu:
1479 949 1578 1010 stabat
1592 950 1673 1010 anim
1690 948 1768 1008 iuxta
1785 961 1909 1008 crucem
1931 962 2007 1007 curn

266 1036 358 1106 ercli,
374 1037 462 1111 qaod
476 1045 545 1098 erat
563 1037 763 1098 contrariam
784 1035 888 1098 nobis.
911 1033 1107 1096 Prodeientes
1150 1046 1270 1095 summo
1285 1031 1402 1102 doloro,
1420 1037 1450 1092 et
1464 1047 1533 1092 curu
1556 1047 1674 1092 summa
1697 1029 1881 1091 constantia.
1907 1027 2008 1090 Dolor

265 1117 419 1197 significat
441 1133 495 1196 per
509 1118 631 1180 Mariam
647 1115 811 1197 Cleopbac.
827 1134 904 1196 nune
920 1123 983 1177 erat
999 1119 1106 1180 muller
1150 1113 1316 1178 testabatur
1331 1128 1464 1174 amorem
1481 1129 1631 1176 summum
1651 1127 1721 1191 erga
1735 1109 1829 1172 lilium
1853 1128 1884 1172 rn
1909 1127 2008 1172 eruce

263 1205 469 1280 coniugata,el
485 1201 618 1276 pariebat
633 1199 778 1279 ullusque
792 1200 971 1263 dicebantur
986 1197 1104 1277 (blattb.
1151 1200 1358 1275 pendentem.
1387 1197 1558 1258 constantia
1587 1196 1753 1258 testabatur
1778 1193 2007 1255 observantiam
2026 1215 2027 1240 ι

262 1280 575 1364 replicarentur
592 1289 683 1362 egent
698 1283 756 1362 ipsi
773 1299 895 1360 quonue
910 1285 1020 1344 nortlio
1036 1297 1104 1344 cru·
1152 1282 1309 1341 maximam
1327 1293 1397 1356 erga
1409 1281 1502 1364 benno
1519 1277 1550 1340 in
1566 1278 1653 1341 caelo
1668 1282 1859 1357 regnantem.
1872 1276 2010 1338 Moleste
2026 1319 2027 1332 .

263 1370 365 1438 cisne
379 1379 469 1427 curae
483 1373 513 1426 et
527 1365 752 1428 sollicitudines
767 1363 999 1439 buiussaeeuli,
1014 1363 1102 1438 (Coc.
1154 1361 1279 1435 terebat,
1297 1359 1392 1422 litium
1407 1361 1603 1423 innocentem
1618 1405 1627 1434 ,
1651 1373 1741 1440 quern
1760 1359 1965 1420 veliementer
1980 1377 2008 1418 a·

264 1445 309 1529 t.)
325 1448 626 1527 quibusneccssorio
638 1447 842 1525 implicentur.
856 1445 1006 1508 sutlooeot
1018 1446 1047 1508 in
1061 1447 1107 1508 eis
1132 1478 1135 1483 -
1154 1444 1267 1520 mabat,
1285 1441 1445 1506 doloribus
1460 1444 1669 1506 acerbissimis
1685 1439 1819 1504 afflictari
1836 1487 1843 1506 .
1867 1443 1925 1502 sed
1945 1459 2007 1502 nnn

262 1529 377 1592 bonum
394 1546 512 1598 semen.
529 1531 575 1592 lcl
591 1546 645 1609 per
670 1535 760 1592 totam
788 1535 907 1592 noctem
935 1528 1107 1592 laborantes
1154 1527 1225 1589 ideo
1244 1525 1334 1588 uerbo
1351 1529 1401 1586 aut
1413 1525 1490 1588 iacto
1507 1527 1659 1588 eruciatus
1681 1526 1751 1594 illos
1768 1523 2009 1599 prohibuisset,
2026 1529 2027 1568 l

264 1614 339 1674 nibil
352 1617 483 1694 capiant.
500 1613 607 1692 Itaque
622 1613 735 1676 debent
750 1611 887 1676 laborare
902 1611 933 1672 in
948 1609 1107 1687 prolicien·
1156 1612 1292 1685 uunmris
1308 1607 1470 1684 potuisset.
1489 1613 1557 1686 onia
1575 1607 1703 1680 sciebat,
1721 1607 1853 1678 delinito
1870 1609 2010 1669 corasitio
2026 1585 2027 1660 l

263 1697 315 1766 do,
333 1695 485 1757 etintueri
502 1695 651 1758 Christum
666 1694 698 1756 iu
711 1711 814 1770 cruce,
833 1694 884 1771 uui
907 1709 966 1756 non
983 1702 1109 1756 conlco·
1153 1699 1183 1753 el
1199 1691 1415 1768 praescientia
1437 1689 1494 1754 Dei
1515 1687 1594 1773 (del.
1612 1689 1657 1769 2.)
1682 1691 1777 1752 Patris
1805 1689 1876 1751 ilios
1899 1691 2027 1752 annues

267 1781 317 1840 tus
332 1778 422 1841 bonis
438 1777 583 1855 operibus
599 1778 703 1840 mullis
726 1785 755 1838 cl
771 1777 912 1855 magnis.
938 1790 1017 1852 quae
1038 1783 1108 1840 acle
1154 1775 1335 1837 cruciatusa
1354 1772 1415 1834 lilio
1429 1774 1560 1837 tolerari.
1575 1774 1713 1836 Mensura
1730 1772 1845 1834 doloris
1861 1779 1910 1834 esl
1924 1788 2011 1834 amor

267 1861 392 1934 iecerat,
409 1858 524 1934 noluit,
541 1875 594 1936 per
609 1875 730 1922 crucem
748 1860 785 1921 ad
802 1860 913 1922 maiora
930 1857 1108 1937 procedere,
1155 1855 1282 1935 proinde
1298 1855 1391 1918 linter
1407 1853 1494 1918 laide
1511 1857 1716 1929 dolebat‚cunl
1729 1855 1827 1918 tilium
1839 1871 1933 1917 suum
1949 1865 2010 1918 lam

265 1949 296 2004 et
309 1959 368 2005 non
385 1944 587 2017 descendere,
605 1943 663 2003 nisi
681 1942 768 2004 boste
783 1941 903 2002 deuicto
926 1947 955 2002 et
971 1939 1109 2020 profliga-
1158 1938 1322 2002 crudeliter
1336 1935 1436 2000 rernri
1451 1941 1616 2002 cernebat.
1639 1938 1708 2018 quia
1726 1937 1856 2000 multum
1871 1937 2008 1999 amabat.

266 2032 309 2087 lo.
326 2025 405 2088 Nihil
421 2025 501 2087 enim
524 2024 621 2102 mugis
643 2032 733 2086 uocet
754 2023 996 2101 proicientibus,
1021 2039 1109 2100 nuum
1154 2019 1191 2084 Et
1204 2037 1264 2100 quo
1280 2021 1371 2102 modo
1387 2020 1481 2082 tilium
1498 2037 1586 2084 suom
1599 2021 1690 2101 Virgo
1704 2025 1800 2084 mater
1815 2035 1877 2084 oon
1894 2022 2009 2082 arden·

267 2108 293 2172 si
311 2108 473 2187 inligentur
488 2108 518 2168 in
536 2123 639 2182 cursu,
668 2113 698 2168 et
720 2107 861 2168 desinant
886 2105 1042 2186 progredi.
1066 2105 1112 2168 g..
1158 2105 1275 2166 tissime
1290 2104 1444 2182 diligeret,
1460 2120 1528 2165 eum
1552 2105 1665 2182 optime
1686 2101 1821 2166 omnium
1845 2104 1953 2172 sciret,
1978 2104 2009 2160 ir·

266 2190 389 2267 quidem
404 2191 441 2252 in
455 2190 510 2252 uio
521 2190 647 2253 uirtutis
662 2205 730 2251 non
745 2189 899 2268 progredi
913 2188 1039 2266 regredi
1054 2195 1109 2260 ast,
1156 2187 1229 2248 lium
1245 2184 1333 2248 illum
1350 2192 1380 2246 et
1396 2185 1536 2248 nimbibus
1551 2186 1622 2249 tiliis
1639 2185 1794 2248 bominum
1810 2187 1896 2249 omni
1919 2201 2010 2262 gene·

267 2283 299 2334 ut
312 2272 513 2335 sternamus
528 2278 611 2334 reolo
626 2273 716 2333 docel
729 2271 758 2332 in
772 2273 900 2348 epistola
912 2270 1109 2333 addarinum:
1154 2283 1188 2332 re
1205 2271 1326 2331 laudum
1340 2269 1503 2341 excellere,
1529 2279 1558 2332 et
1574 2269 1714 2333 eumdem
1732 2271 1815 2330 illum
1835 2268 1933 2328 tilium
1950 2285 2008 2328 ma·

268 2353 383 2438 (Epist.
398 2351 466 2436 ⁸25.)
484 2354 514 2416 in
530 2371 589 2432 qna
605 2353 872 2433 ponitexemptunr
885 2354 985 2416 scalae
996 2353 1112 2426 iacobi,
1156 2351 1203 2430 gis
1218 2351 1255 2413 ad
1271 2365 1304 2412 sc
1322 2349 1497 2429 pertinere.
1521 2369 1610 2429 onam
1628 2351 1801 2428 pertineant
1816 2350 1871 2412 ulli
1888 2350 1941 2410 alii
1959 2351 2007 2410 dlii

268 2443 320 2500 ubl
337 2454 445 2498 omnes
460 2438 632 2499 ascendunt
647 2436 695 2498 rel
708 2435 911 2506 descendunt.
926 2436 999 2498 nulli
1012 2443 1112 2499 autem
1157 2435 1193 2494 nd
1210 2438 1321 2495 matres
1340 2433 1462 2496 corum?
1479 2434 1560 2496 ilatio
1576 2436 1676 2502 eninr.
1699 2451 1754 2498 eur
1774 2431 1912 2495 lemicae
1936 2433 2009 2494 itlius

267 2527 358 2584 stant.
373 2519 514 2598 lienique
529 2519 587 2597 ipsi
604 2519 692 2581 ctiam
710 2519 847 2596 perlecti,
865 2519 915 2596 qui
929 2520 1042 2581 suntin
1055 2527 1114 2582 sla·
1156 2513 1296 2595 diligant,
1313 2514 1426 2594 duplex
1440 2531 1510 2579 esse
1526 2519 1678 2589 soletuna
1693 2516 1773 2593 nune
1786 2514 1872 2593 ipsae
1889 2530 1946 2576 eos
1962 2531 2008 2594 ge,-

270 2614 299 2666 lu
316 2601 495 2674 caelibatus,
512 2617 548 2664 ac
560 2603 724 2680 praecipue
738 2601 765 2664 si
781 2601 913 2680 uirgines
925 2603 1112 2680 sinl‚qnalcs
1159 2599 1289 2662 nuerinl.
1307 2597 1497 2676 cellerannan
1511 2599 1623 2680 insigni
1637 2599 1736 2678 aliqua
1750 2599 1839 2661 laude
1856 2598 2009 2660 excellunt

268 2684 456 2763 eranltlrgo
473 2691 569 2747 mater
584 2682 706 2760 Christi,
724 2691 753 2745 el
765 2681 928 2746 sturiones
944 2683 1115 2760 discipulus
1159 2679 1272 2760 alioqui
1287 2679 1367 2742 enim
1385 2695 1445 2743 non
1461 2682 1573 2745 desunt
1595 2688 1726 2754 inatres,
1750 2696 1829 2760 quac
1853 2679 1937 2742 filios
1960 2689 2007 2742 aul

267 2769 390 2838 Christi,
407 2775 497 2846 alque
512 2784 546 2830 aa
563 2767 601 2830 de
616 2783 707 2829 causa
722 2782 816 2843 super
830 2782 939 2829 omnes
955 2768 1052 2846 magis
1067 2766 1115 2828 di·
1159 2779 1263 2836 parum
1277 2768 1387 2835 ament,
1399 2770 1451 2825 aul
1465 2766 1554 2827 etiam
1570 2765 1702 2835 oderint,
1718 2764 1744 2827 si
1761 2767 1836 2826 iorle
1852 2761 1948 2824 nimis
1961 2763 2009 2824 de·

268 2854 378 2913 lectos:
392 2849 455 2926 isli,
473 2851 595 2927 inquam
613 2849 880 2924 partecltmullum
897 2854 990 2927 egent
1002 2850 1115 2912 auritio
1156 2845 1281 2914 termes.
1300 2853 1350 2908 aul
1365 2845 1455 2908 nimis
1471 2847 1627 2925 improbos
1641 2892 1650 2920 ‚
1665 2852 1717 2909 out
1739 2847 1768 2908 in
1788 2852 1936 2921 parentes
1952 2845 2004 2907 im·

269 2932 423 2996 Crueiilri:
441 2931 589 3009 quienim
605 2931 636 2993 in
652 2931 759 2994 altiore
774 2933 868 3008 gradu
884 2939 967 3005 sunl,
981 2933 1067 2996 ratde
1080 2935 1114 2994 li·
1160 2927 1227 3005 pios
1241 2935 1271 2991 cl
1285 2927 1421 3005 ingratos
1437 2934 1643 3008 experiantur.
1665 2929 1729 2992 lara
1746 2945 1816 2992 rero
1839 2927 1935 3006 Virgo
1954 2947 2008 2988 ma·

270 3031 352 3078 nime
367 3013 480 3078 debent
495 3031 511 3075 a
526 3019 615 3077 leuto
630 3014 802 3091 superbiae,
821 3014 879 3074 nisi
895 3013 1009 3076 tundali
1023 3022 1055 3076 et
1070 3033 1116 3078 ra·
1161 3018 1205 3073 ter
1220 3009 1313 3074 illium
1331 3027 1419 3072 soum
1436 3019 1558 3090 propter
1579 3021 1739 3092 utramque
1762 3027 1887 3074 causam
1914 3012 2007 3086 magis

270 3099 359 3160 dicati
376 3097 438 3160 sinl
460 3099 490 3158 in
513 3096 754 3177 profundissima¹
774 3096 952 3160 bumilitate.
976 3097 1118 3172 Quamuis
1160 3093 1318 3172 diligebat.
1341 3109 1430 3170 quam
1449 3095 1509 3156 olla
1533 3097 1591 3157 aliu
1615 3102 1710 3162 mater
1727 3095 1821 3157 titum
1838 3109 1934 3155 suum
1950 3111 2008 3154 urn-

269 3191 370 3244 aulcm
398 3179 536 3243 Cbristus
558 3193 650 3256 saepo
672 3194 707 3241 sc
729 3181 905 3256 magistrum
937 3179 1116 3242 humilitatis
1161 3193 1250 3256 qnam
1267 3176 1419 3238 dilexerit.
1443 3177 1573 3240 Primum
1591 3184 1671 3240 enim
1689 3179 1836 3240 mulieres
1851 3177 1932 3238 ntiae
1957 3194 2008 3238 non

271 3264 449 3336 ostenderit,
466 3267 499 3325 ut
512 3277 581 3323 oum
597 3263 681 3322 dixit:
696 3260 810 3323 Discite
826 3277 847 3322 a
861 3276 922 3330 rue.
938 3263 1018 3341 quia
1031 3264 1118 3326 milis
1162 3259 1245 3322 solae
1261 3257 1339 3320 illios
1355 3267 1513 3336 generant,
1538 3262 1591 3322 sed
1608 3259 1640 3322 in
1662 3263 1861 3340 generatione
1886 3257 1942 3318 iulii
1968 3276 2010 3318 sn·

270 3363 354 3410 aum.
370 3353 399 3408 et
410 3344 540 3408 bomilia
552 3343 657 3406 corde:
671 3339 871 3426 (caerleil.)
884 3344 917 3404 lit
929 3361 997 3405 oum
1010 3362 1118 3409 rursus
1162 3347 1243 3420 cium
1266 3341 1378 3403 babeol
1402 3344 1561 3404 maritum:
1591 3342 1682 3422 Virgo
1709 3345 1795 3404 beata
1822 3342 1891 3404 sota
1918 3341 2010 3402 lilium

271 3429 323 3490 ait:
339 3427 495 3492 Recumbe
508 3427 729 3489 innovissimo
745 3422 987 3508 loeo:(Luc.il.)
1003 3434 1034 3490 et
1045 3445 1113 3490 cum
1162 3426 1328 3502 generauit.
1343 3440 1409 3484 nam
1428 3423 1510 3504 rirgo
1525 3425 1642 3503 genuit,
1666 3430 1696 3487 el
1718 3424 1801 3502 uirgo
1824 3426 1961 3503 peperit,
1985 3433 2010 3482 el

273 3518 363 3574 toties
376 3511 529 3588 repetlril:
548 3507 608 3584 Qut
620 3524 654 3569 ae
670 3509 803 3576 emattat.
827 3509 1072 3586 humiliabitur,
1089 3519 1117 3573 cl
1164 3504 1418 3584 quemadmodum
1436 3506 1575 3570 Cbristns
1598 3508 1746 3570 Dominus
1769 3513 1798 3568 in
1813 3513 2011 3585 generatione

272 3596 330 3672 qui
343 3610 376 3658 se
400 3593 575 3660 humiliat.
599 3590 807 3653 enuntiabitur:
825 3591 913 3669 (Lac.
930 3589 997 3682 lb.)
1019 3600 1116 3656 lamen
1164 3587 1263 3650 diuina
1276 3587 1380 3650 babuit
1395 3589 1511 3652 Patrem
1527 3590 1596 3653 sine
1612 3597 1717 3665 melre,
1740 3590 1785 3652 sic
1801 3590 1830 3651 ia
1844 3593 2012 3666 generatio·

273 3693 440 3756 numquam
457 3676 615 3737 tinctorem
629 3671 808 3734 humilitatis
824 3676 921 3752 magis
935 3691 969 3736 se
986 3678 1120 3740 ostendit
1165 3685 1204 3733 ne
1218 3671 1348 3733 bumana
1366 3677 1489 3733 nralrem
1509 3673 1615 3734 babuit
1629 3673 1695 3736 sine
1712 3680 1807 3750 patre.
1824 3670 1861 3732 lit
1875 3674 2011 3746 quamuis

273 3776 362 3836 quam
375 3758 406 3821 in
423 3757 565 3820 cathedra
581 3757 693 3830 crucis,
711 3757 790 3829 cuod
809 3756 971 3833 apostolus
985 3758 1120 3822 declara·
1164 3768 1234 3816 lere
1250 3752 1367 3816 dicatur
1382 3751 1462 3816 idem
1480 3754 1619 3818 Cbrislus
1633 3759 1672 3819 dc
1688 3757 1801 3832 spiritu
1816 3762 1927 3815 sancto
1943 3772 2010 3814 eon·

274 3848 326 3915 ull,
342 3857 412 3904 curn
429 3841 482 3918 oil;
497 3838 689 3902 Humiliaoit
708 3839 913 3915 semetipsam
932 3839 1034 3916 sactus
1048 3841 1118 3906 obe·
1165 3841 1284 3915 ceptus,
1298 3851 1358 3898 non
1377 3843 1474 3900 tamen
1488 3837 1618 3916 Spiritus
1634 3847 1758 3900 sanctus
1770 3845 1816 3899 csl
1830 3838 1919 3898 Pater
1932 3835 2010 3900 Cbrt-

219 3980 224 3987 .
275 3926 366 3985 dieas
382 3938 484 4000 usquc
500 3923 545 3984 ad
557 3926 711 3988 moriem.
734 3928 867 3982 mortem
882 3927 989 3986 outone
1001 3928 1118 3989 erneis.
1164 3919 1213 3989 sti,
1236 3919 1289 3980 sed
1306 3917 1430 3982 effector
1445 3926 1475 3982 el
1490 3921 1650 3983 lubricatur
1665 3921 1803 3995 eorporis
1819 3917 1947 3981 Christi:
1965 3937 2011 3980 ne·

274 4005 371 4086 (enit.
389 4003 435 4087 2.)
448 4004 529 4079 Quae
545 4005 626 4065 enim
643 4004 737 4065 maior
753 4003 907 4065 humilitas
925 4007 1048 4086 cogitari
1067 4025 1118 4083 pn·
1163 4017 1223 4072 oue
1246 4016 1281 4062 en
1306 4003 1427 4079 propria
1454 4019 1507 4064 sua
1538 4003 1705 4067 substantie
1730 4001 1864 4080 Spiritus
1886 4009 2008 4064 sanetur

277 4096 346 4162 lest,
371 4105 461 4165 quam
479 4094 510 4149 ul
524 4085 593 4156 illa.
610 4086 661 4160 nui
678 4091 725 4148 est
740 4088 945 4164 omnipotens,
969 4091 1121 4166 permittat
1163 4082 1273 4145 Cbrisli
1291 4099 1404 4160 corpus
1419 4085 1578 4160 tornavit,
1595 4087 1676 4162 quud
1700 4086 1822 4163 proprie
1843 4084 1880 4144 ad
1899 4085 2008 4146 Patren

274 4188 309 4232 sc
324 4171 455 4249 liguriat
472 4171 554 4232 cruci
569 4156 666 4247 atligi?
681 4174 712 4232 et
724 4169 761 4230 in
772 4184 835 4248 qao
847 4175 1039 4233 suntonrnes
1056 4171 1120 4234 liae·
1163 4165 1307 4242 pertinet,
1324 4167 1377 4227 sed
1394 4182 1431 4228 er
1446 4167 1619 4242 purissimis
1633 4167 1766 4244 Virginis
1780 4169 1878 4244 ipsius
1891 4183 2008 4245 sangui·

274 4259 367 4316 seori
380 4253 562 4332 sapientiae
573 4254 602 4314 ei
615 4253 767 4314 scientiae
779 4249 858 4323 (Cot.
869 4246 916 4332 2.)
928 4251 1120 4331 [taipermil-
1164 4247 1255 4308 nibus
1271 4246 1518 4313 lubricantvere
1535 4252 1625 4326 igitur
1639 4251 1726 4328 virgo
1737 4251 1933 4312 sanctissima
1950 4251 2006 4310 sola

277 4345 317 4398 lul
333 4343 367 4398 se·
384 4341 416 4398 ul
432 4340 574 4396 insanum
590 4333 627 4396 ab
643 4332 762 4396 Herode
784 4342 812 4394 el
834 4332 901 4394 eins
923 4338 1056 4397 exercitu
1073 4353 1118 4398 re·
1163 4331 1230 4392 sinc
1245 4331 1339 4407 patris
1355 4336 1508 4394 consortio
1524 4331 1619 4394 illium
1641 4349 1730 4394 suum
1746 4336 1863 4411 genuit,
1880 4334 1949 4392 sola
1967 4347 2007 4393 so·

277 4418 384 4498 putari.
402 4423 432 4479 al
447 4417 534 4481 illudi
549 4417 616 4478 aloa
632 4423 717 4478 rasio
739 4415 892 4478 inuniunt
914 4422 944 4496 el
965 4419 1120 4494 paleadel
1162 4413 1223 4474 lum
1241 4416 1272 4473 et
1287 4415 1438 4484 luloumu
1460 4413 1519 4478 sibi
1541 4415 1739 4486 vendicabit.
1763 4415 1893 4493 proinde
1918 4417 2008 4492 oletis

276 4516 374 4580 super
392 4499 560 4564 Cherubim
574 4499 707 4580 (danim.
718 4495 784 4579 llll.)
800 4501 951 4574 permittat
964 4516 998 4560 se
1014 4502 1043 4561 ln
1059 4517 1121 4564 me·
1163 4493 1416 4571 diligebatbtinm
1429 4511 1623 4575 suumouam
1639 4498 1699 4560 ulla
1715 4498 1772 4559 alia
1785 4504 1881 4558 muter
1897 4496 2008 4574 prolem

278 4589 328 4646 dio
348 4585 497 4646 latronum
513 4579 754 4661 cruciligiiCcrle
770 4583 819 4657 qni
836 4580 866 4641 iu
879 4584 1006 4660 speculo
1021 4585 1121 4646 crocis
1164 4593 1248 4638 sunm
1265 4593 1397 4652 unquam
1413 4576 1564 4642 dilexerit.
1577 4578 1774 4662 (Psalmll.)
1786 4578 1871 4653 Quod
1885 4594 1958 4641 reru
1974 4587 2009 4640 nl·

279 4684 313 4728 se
330 4667 397 4744 ipso
409 4669 491 4728 serio
507 4665 643 4738 intuitur,
661 4663 751 4725 nimis
765 4663 821 4725 erit
843 4663 995 4738 indocilis,
1018 4667 1044 4727 si
1059 4683 1119 4728 non
1166 4665 1239 4720 tinet
1254 4659 1291 4721 ad
1306 4661 1395 4720 aliurn
1418 4679 1551 4735 causam,
1570 4665 1650 4724 tilius
1663 4663 1798 4741 Virginis
1815 4668 1938 4724 nostrae
1956 4679 2009 4721 non

278 4753 388 4822 discet,
407 4755 435 4812 el
450 4749 588 4821 lateatne,
604 4759 639 4808 se
653 4762 668 4806 a
684 4760 751 4807 reru
766 4745 945 4821 bumilitate,
962 4755 1121 4826 quantum·
1163 4743 1263 4804 solum
1280 4746 1442 4817 speciosus
1463 4744 1516 4806 iuil
1532 4752 1562 4806 et
1584 4750 1631 4807 esl
1646 4761 1720 4822 prae
1742 4743 1814 4806 illlis
1831 4744 2009 4810 nominum.

277 4847 407 4910 cumque
420 4829 594 4912 profecerit,
611 4828 711 4891 adhuc
725 4827 816 4908 longe
831 4833 954 4894 abasse.
1045 4879 1046 4884 ,
1166 4827 1219 4887 sed
1237 4823 1325 4886 etiam
1342 4827 1423 4886 omni
1440 4843 1552 4904 genere
1567 4828 1665 4890 laudis
1678 4827 1857 4890 bominibus
1873 4832 1905 4887 et
1919 4827 2011 4904 Ange·

322 4943 323 4946 =
732 4911 733 4914 ’
1166 4907 1204 4968 lis
1220 4906 1361 4968 omnibus
1386 4909 1550 4972 antecellit.
1575 4910 1720 4987 Sequitur
1741 4911 1853 4986 igilur,
1874 4919 1906 4970 ul
1927 4908 2010 4985 Virgo

741 5063 748 5074 ‚
1167 4990 1264 5064 beata,
1279 5005 1356 5068 nuuc
1372 4989 1465 5052 tilium
1481 5007 1568 5054 suum
1585 4994 1654 5070 plus
1667 4993 1812 5056 omnibus
1824 4993 2012 5066 amaricetur

591 5131 593 5136 s
624 5063 704 5128 CAP·
726 5062 778 5125 dl·
1168 5073 1342 5150 passionem
1357 5077 1386 5134 et
1401 5080 1525 5136 mortem
1542 5075 1612 5154 plus
1632 5074 2010 5143 omnibusduflerarilil·

1167 5170 1226 5231 quc
1243 5154 1319 5217 odeo
1337 5157 1394 5218 boo
1406 5172 1508 5220 rcrrrm
1526 5165 1571 5218 est
1588 5165 1618 5218 ul
1635 5158 1766 5220 Sanctus
1787 5158 1963 5219 Beroaldus
1988 5163 2010 5214 in

1168 5237 1315 5299 Sermone
1328 5236 1444 5319 (Saum.
1459 5239 1496 5300 ic
1507 5240 1601 5304 ltlrld.
1616 5242 1745 5317 cipriani
1757 5237 1930 5319 mapnum)
1944 5257 2002 5316 quo

1167 5317 1235 5380 dnm
1251 5319 1398 5382 affirmare
1415 5335 1475 5382 nou
1488 5321 1680 5396 dubitaverit,
1696 5324 1833 5385 dotorem
1848 5321 2012 5400 bVirglnu

862 5459 866 5464 .
1168 5401 1207 5463 de
1223 5403 1274 5464 lllii
1291 5403 1435 5478 passione
1450 5413 1630 5482 conceptum
1647 5406 1706 5467 diei
1725 5421 1817 5480 posse
1839 5407 2012 5483 martyrium

323 5481 477 5546 Discimus
495 5484 580 5545 lertio
593 5485 660 5547 luco
678 5499 714 5548 ex
729 5483 872 5547 cathedra
888 5483 1000 5560 erucis,
1019 5487 1049 5546 el
1063 5498 1126 5543 rar·
1168 5485 1282 5550 cordis.
1299 5487 1376 5547 iuxta
1388 5485 1464 5549 illud
1481 5488 1635 5550 Simeonis
1650 5508 1658 5564 3
1676 5494 1706 5550 ei
1720 5495 1809 5552 lnam
1824 5489 1931 5566 ipsius
1944 5491 2012 5548 aei·

281 5565 330 5628 bis
346 5568 381 5629 ad
400 5571 523 5646 matrem
540 5576 569 5627 el
581 5567 764 5644 discipulum
783 5568 895 5642 dictis,
912 5567 992 5645 quod
1008 5569 1048 5627 sit
1061 5563 1124 5626 otlt-
1169 5583 1260 5648 mern·
1271 5569 1477 5644 pertransibit
1490 5571 1621 5646 plautus
1636 5568 1726 5652 (Lare.
1740 5571 1786 5647 2.)
1798 5571 1832 5632 iil
1849 5573 1921 5645 auia
1939 5588 2012 5628 mar·

284 5649 363 5712 eiunr
382 5659 540 5728 parentum
557 5651 706 5712 bonorum
722 5665 793 5729 erga
815 5648 915 5740 lilios,
933 5649 1122 5712 albanorum
1170 5651 1278 5730 tyrium
1293 5653 1393 5716 cordis
1416 5654 1555 5716 acerbius
1578 5669 1648 5716 esse
1665 5659 1782 5716 ridetur
1797 5669 1886 5733 quum
1904 5658 2012 5732 marty·

462 5272 503 5336 lle
518 5275 607 5338 tertio
621 5273 728 5352 fructa
741 5271 829 5336 uerbi
842 5272 938 5334 tertii.
