<?xml version="1.0" encoding="UTF-8"?>
<!DOCTYPE html PUBLIC "-//W3C//DTD XHTML 1.0 Transitional//EN"
    "http://www.w3.org/TR/xhtml1/DTD/xhtml1-transitional.dtd">
<html xmlns="http://www.w3.org/1999/xhtml" xml:lang="en" lang="en">
 <head>
  <title>
</title>
<meta http-equiv="Content-Type" content="text/html;charset=utf-8" />
  <meta name='ocr-system' content='tesseract 3.04.00' />
  <meta name='ocr-capabilities' content='ocr_page ocr_carea ocr_par ocr_line ocrx_word'/>
</head>
<body>
  <div class='ocr_page' id='page_1' title='image "./operaomnia00sforgoog/operaomnia00sforgoog_0312.png"; bbox 0 0 4056 6260; ppageno 0'>
   <div class='ocr_carea' id='block_1_1' title="bbox 773 317 1730 406">
    <p class='ocr_par' dir='ltr' id='par_1_1' title="bbox 773 317 1730 406">
     <span class='ocr_line' id='line_1_1' title="bbox 773 317 1730 406; baseline -0.02 -7"><span class='ocrx_word' id='word_1_1' title='bbox 773 325 1078 406; x_wconf 72' lang='lat' dir='ltr'>&#39;bleba&#39;tttlatttttls</span> <span class='ocrx_word' id='word_1_2' title='bbox 1678 317 1730 392; x_wconf 71' lang='lat' dir='ltr'>aar</span> 
     </span>
    </p>
   </div>
   <div class='ocr_carea' id='block_1_2' title="bbox 49 467 1806 812">
    <p class='ocr_par' dir='ltr' id='par_1_2' title="bbox 50 467 1804 738">
     <span class='ocr_line' id='line_1_2' title="bbox 53 467 1801 563; baseline -0.013 -11"><span class='ocrx_word' id='word_1_3' title='bbox 53 475 184 552; x_wconf 79' lang='lat' dir='ltr'>citaret</span> <span class='ocrx_word' id='word_1_4' title='bbox 198 483 257 549; x_wconf 76' lang='lat' dir='ltr'>erit</span> <span class='ocrx_word' id='word_1_5' title='bbox 270 493 385 563; x_wconf 89' lang='lat' dir='ltr'>eorpus</span> <span class='ocrx_word' id='word_1_6' title='bbox 399 481 643 562; x_wconf 84' lang='lat' dir='ltr'>gloriosum‚oan</span> <span class='ocrx_word' id='word_1_7' title='bbox 657 471 741 559; x_wconf 81' lang='lat' dir='ltr'>qdod</span> <span class='ocrx_word' id='word_1_8' title='bbox 756 490 819 539; x_wconf 92' lang='lat' dir='ltr'>nou</span> <span class='ocrx_word' id='word_1_9' title='bbox 832 469 905 540; x_wconf 82' lang='lat' dir='ltr'>iere</span> <span class='ocrx_word' id='word_1_10' title='bbox 953 469 1055 534; x_wconf 87' lang='lat' dir='ltr'>carnis</span> <span class='ocrx_word' id='word_1_11' title='bbox 1071 467 1184 534; x_wconf 88' lang='lat' dir='ltr'>addicti</span> <span class='ocrx_word' id='word_1_12' title='bbox 1198 468 1277 531; x_wconf 87' lang='lat' dir='ltr'>nibil</span> <span class='ocrx_word' id='word_1_13' title='bbox 1291 471 1406 551; x_wconf 87' lang='lat' dir='ltr'>negant</span> <span class='ocrx_word' id='word_1_14' title='bbox 1419 467 1526 544; x_wconf 87' lang='lat' dir='ltr'>cordi,</span> <span class='ocrx_word' id='word_1_15' title='bbox 1548 467 1593 531; x_wconf 90' lang='lat' dir='ltr'>ret</span> <span class='ocrx_word' id='word_1_16' title='bbox 1618 467 1716 530; x_wconf 86' lang='lat' dir='ltr'>ocutis</span> <span class='ocrx_word' id='word_1_17' title='bbox 1729 515 1737 542; x_wconf 93' lang='lat'><strong>‚</strong></span> <span class='ocrx_word' id='word_1_18' title='bbox 1752 469 1801 532; x_wconf 89' lang='lat' dir='ltr'>ret</span> 
     </span>
     <span class='ocr_line' id='line_1_3' title="bbox 50 550 1804 644; baseline -0.011 -10"><span class='ocrx_word' id='word_1_19' title='bbox 50 571 165 636; x_wconf 87' lang='lat' dir='ltr'>habeat</span> <span class='ocrx_word' id='word_1_20' title='bbox 179 581 302 635; x_wconf 86' lang='lat' dir='ltr'>curnem</span> <span class='ocrx_word' id='word_1_21' title='bbox 318 575 349 631; x_wconf 89' lang='lat' dir='ltr'>ot</span> <span class='ocrx_word' id='word_1_22' title='bbox 360 581 444 644; x_wconf 88' lang='lat' dir='ltr'>ossa,</span> <span class='ocrx_word' id='word_1_23' title='bbox 460 566 516 629; x_wconf 87' lang='lat' dir='ltr'>sed</span> <span class='ocrx_word' id='word_1_24' title='bbox 531 564 664 644; x_wconf 79' lang='lat' dir='ltr'>nuodtta</span> <span class='ocrx_word' id='word_1_25' title='bbox 677 561 852 625; x_wconf 85' lang='lat' dir='ltr'>subiectum</span> <span class='ocrx_word' id='word_1_26' title='bbox 868 559 907 623; x_wconf 91' lang='lat' dir='ltr'>sit</span> <span class='ocrx_word' id='word_1_27' title='bbox 952 555 1091 630; x_wconf 81' lang='lat' dir='ltr'>auribus,</span> <span class='ocrx_word' id='word_1_28' title='bbox 1107 554 1156 618; x_wconf 86' lang='lat' dir='ltr'>rel</span> <span class='ocrx_word' id='word_1_29' title='bbox 1171 553 1274 634; x_wconf 88' lang='lat' dir='ltr'>gulae,</span> <span class='ocrx_word' id='word_1_30' title='bbox 1288 556 1341 626; x_wconf 86' lang='lat' dir='ltr'>ent</span> <span class='ocrx_word' id='word_1_31' title='bbox 1353 550 1478 615; x_wconf 82' lang='lat' dir='ltr'>libidini</span> <span class='ocrx_word' id='word_1_32' title='bbox 1493 602 1501 628; x_wconf 93' lang='lat'>,</span> <span class='ocrx_word' id='word_1_33' title='bbox 1517 553 1599 630; x_wconf 86' lang='lat' dir='ltr'>quod</span> <span class='ocrx_word' id='word_1_34' title='bbox 1615 553 1740 614; x_wconf 91' lang='lat' dir='ltr'>omnino</span> <span class='ocrx_word' id='word_1_35' title='bbox 1752 551 1804 615; x_wconf 86' lang='lat' dir='ltr'>de·</span> 
     </span>
     <span class='ocr_line' id='line_1_4' title="bbox 53 641 1363 738; baseline -0.016 -20"><span class='ocrx_word' id='word_1_36' title='bbox 53 655 185 738; x_wconf 87' lang='lat' dir='ltr'>spiritui,</span> <span class='ocrx_word' id='word_1_37' title='bbox 202 655 286 718; x_wconf 85' lang='lat' dir='ltr'>ulad</span> <span class='ocrx_word' id='word_1_38' title='bbox 304 659 410 716; x_wconf 89' lang='lat' dir='ltr'>nutum</span> <span class='ocrx_word' id='word_1_39' title='bbox 434 652 562 729; x_wconf 89' lang='lat' dir='ltr'>spiritus</span> <span class='ocrx_word' id='word_1_40' title='bbox 584 650 653 711; x_wconf 85' lang='lat' dir='ltr'>sine</span> <span class='ocrx_word' id='word_1_41' title='bbox 678 643 855 728; x_wconf 83' lang='lat' dir='ltr'>difficultate</span> <span class='ocrx_word' id='word_1_42' title='bbox 877 650 908 708; x_wconf 87' lang='lat' dir='ltr'>et</span> <span class='ocrx_word' id='word_1_43' title='bbox 953 641 1102 704; x_wconf 90' lang='lat' dir='ltr'>siderent.</span> <span class='ocrx_word' id='word_1_44' title='bbox 1281 721 1288 734; x_wconf 96' lang='lat'><strong>.</strong></span> <span class='ocrx_word' id='word_1_45' title='bbox 1358 705 1363 716; x_wconf 45' lang='grc'>,</span> 
     </span>
    </p>

    <p class='ocr_par' dir='ltr' id='par_1_3' title="bbox 49 723 1806 812">
     <span class='ocr_line' id='line_1_5' title="bbox 49 723 1806 812; baseline -0.013 -9"><span class='ocrx_word' id='word_1_46' title='bbox 49 739 156 803; x_wconf 88' lang='lat' dir='ltr'>labore</span> <span class='ocrx_word' id='word_1_47' title='bbox 179 741 334 802; x_wconf 84' lang='lat' dir='ltr'>moneatur</span> <span class='ocrx_word' id='word_1_48' title='bbox 348 735 556 812; x_wconf 78' lang='lat' dir='ltr'>velocissime,</span> <span class='ocrx_word' id='word_1_49' title='bbox 573 730 720 795; x_wconf 75' lang='lat' dir='ltr'><strong>ascendat</strong></span> <span class='ocrx_word' id='word_1_50' title='bbox 733 738 763 794; x_wconf 86' lang='lat' dir='ltr'>et</span> <span class='ocrx_word' id='word_1_51' title='bbox 778 731 907 793; x_wconf 86' lang='lat' dir='ltr'>descen·</span> <span class='ocrx_word' id='word_1_52' title='bbox 994 723 1035 786; x_wconf 83' lang='lat' dir='ltr'>dc</span> <span class='ocrx_word' id='word_1_53' title='bbox 1048 731 1080 787; x_wconf 90' lang='lat' dir='ltr'>ot</span> <span class='ocrx_word' id='word_1_54' title='bbox 1095 723 1269 786; x_wconf 90' lang='lat' dir='ltr'>omittamus</span> <span class='ocrx_word' id='word_1_55' title='bbox 1281 727 1432 800; x_wconf 87' lang='lat' dir='ltr'>rsta,quao</span> <span class='ocrx_word' id='word_1_56' title='bbox 1445 737 1611 799; x_wconf 89' lang='lat' dir='ltr'>paucorum</span> <span class='ocrx_word' id='word_1_57' title='bbox 1624 725 1806 797; x_wconf 79' lang='lat' dir='ltr'>suntquau·</span> 
     </span>
    </p>
   </div>
   <div class='ocr_carea' id='block_1_3' title="bbox 49 804 1847 2410">
    <p class='ocr_par' dir='ltr' id='par_1_4' title="bbox 49 804 1847 1976">
     <span class='ocr_line' id='line_1_6' title="bbox 52 804 1847 902; baseline -0.013 -15"><span class='ocrx_word' id='word_1_58' title='bbox 52 823 115 902; x_wconf 90' lang='lat' dir='ltr'>dat,</span> <span class='ocrx_word' id='word_1_59' title='bbox 132 831 178 887; x_wconf 90' lang='lat' dir='ltr'>eat</span> <span class='ocrx_word' id='word_1_60' title='bbox 192 830 223 887; x_wconf 89' lang='lat' dir='ltr'>et</span> <span class='ocrx_word' id='word_1_61' title='bbox 246 821 374 898; x_wconf 87' lang='lat' dir='ltr'>redeat,</span> <span class='ocrx_word' id='word_1_62' title='bbox 391 827 421 882; x_wconf 90' lang='lat' dir='ltr'>et</span> <span class='ocrx_word' id='word_1_63' title='bbox 436 819 592 896; x_wconf 81' lang='lat' dir='ltr'>quaelibet</span> <span class='ocrx_word' id='word_1_64' title='bbox 606 818 672 878; x_wconf 91' lang='lat' dir='ltr'>loca</span> <span class='ocrx_word' id='word_1_65' title='bbox 696 819 847 894; x_wconf 80' lang='lat' dir='ltr'>penetret.</span> <span class='ocrx_word' id='word_1_66' title='bbox 871 824 907 875; x_wconf 86' lang='lat' dir='ltr'>ec</span> <span class='ocrx_word' id='word_1_67' title='bbox 952 807 1099 888; x_wconf 83' lang='lat' dir='ltr'>lagaudia</span> <span class='ocrx_word' id='word_1_68' title='bbox 1114 806 1307 870; x_wconf 90' lang='lat' dir='ltr'>tribuitDeus</span> <span class='ocrx_word' id='word_1_69' title='bbox 1321 809 1350 866; x_wconf 93' lang='lat' dir='ltr'>in</span> <span class='ocrx_word' id='word_1_70' title='bbox 1364 820 1526 868; x_wconf 90' lang='lat' dir='ltr'>commune</span> <span class='ocrx_word' id='word_1_71' title='bbox 1540 804 1807 901; x_wconf 70' lang='lat' dir='ltr'>mortalibusque</span> <span class='ocrx_word' id='word_1_72' title='bbox 1846 847 1847 850; x_wconf 63' lang='lat'>,</span> 
     </span>
     <span class='ocr_line' id='line_1_7' title="bbox 52 891 1809 986; baseline -0.014 -14"><span class='ocrx_word' id='word_1_73' title='bbox 52 909 81 974; x_wconf 89' lang='lat' dir='ltr'>si</span> <span class='ocrx_word' id='word_1_74' title='bbox 98 923 157 971; x_wconf 90' lang='lat' dir='ltr'>non</span> <span class='ocrx_word' id='word_1_75' title='bbox 169 923 296 986; x_wconf 86' lang='lat' dir='ltr'>corpus.</span> <span class='ocrx_word' id='word_1_76' title='bbox 314 904 370 970; x_wconf 90' lang='lat' dir='ltr'>sed</span> <span class='ocrx_word' id='word_1_77' title='bbox 387 906 514 984; x_wconf 86' lang='lat' dir='ltr'>spiritus</span> <span class='ocrx_word' id='word_1_78' title='bbox 529 908 626 965; x_wconf 87' lang='lat' dir='ltr'>esset.</span> <span class='ocrx_word' id='word_1_79' title='bbox 643 899 906 975; x_wconf 77' lang='lat' dir='ltr'><strong>Quemadmodum</strong></span> <span class='ocrx_word' id='word_1_80' title='bbox 952 909 1018 956; x_wconf 89' lang='lat' dir='ltr'>rum</span> <span class='ocrx_word' id='word_1_81' title='bbox 1037 909 1107 970; x_wconf 88' lang='lat' dir='ltr'>pars</span> <span class='ocrx_word' id='word_1_82' title='bbox 1124 893 1250 970; x_wconf 81' lang='lat' dir='ltr'>maxima</span> <span class='ocrx_word' id='word_1_83' title='bbox 1269 891 1363 952; x_wconf 83' lang='lat' dir='ltr'>Deum</span> <span class='ocrx_word' id='word_1_84' title='bbox 1380 897 1430 954; x_wconf 90' lang='lat' dir='ltr'>ant</span> <span class='ocrx_word' id='word_1_85' title='bbox 1447 905 1506 950; x_wconf 91' lang='lat' dir='ltr'>ooo</span> <span class='ocrx_word' id='word_1_86' title='bbox 1530 894 1633 968; x_wconf 84' lang='lat' dir='ltr'>norit,</span> <span class='ocrx_word' id='word_1_87' title='bbox 1661 893 1712 949; x_wconf 90' lang='lat' dir='ltr'>aut</span> <span class='ocrx_word' id='word_1_88' title='bbox 1728 891 1809 948; x_wconf 84' lang='lat' dir='ltr'>sicul</span> 
     </span>
     <span class='ocr_line' id='line_1_8' title="bbox 50 972 1807 1073; baseline -0.014 -19"><span class='ocrx_word' id='word_1_89' title='bbox 50 991 144 1073; x_wconf 87' lang='lat' dir='ltr'>igitur</span> <span class='ocrx_word' id='word_1_90' title='bbox 158 1007 272 1055; x_wconf 90' lang='lat' dir='ltr'>sensus</span> <span class='ocrx_word' id='word_1_91' title='bbox 289 988 434 1066; x_wconf 85' lang='lat' dir='ltr'>tangendi</span> <span class='ocrx_word' id='word_1_92' title='bbox 449 987 528 1049; x_wconf 86' lang='lat' dir='ltr'>male</span> <span class='ocrx_word' id='word_1_93' title='bbox 541 987 634 1048; x_wconf 90' lang='lat' dir='ltr'>babet</span> <span class='ocrx_word' id='word_1_94' title='bbox 645 989 675 1046; x_wconf 90' lang='lat' dir='ltr'>et</span> <span class='ocrx_word' id='word_1_95' title='bbox 687 983 908 1060; x_wconf 78' lang='lat' dir='ltr'>doletguaodo</span> <span class='ocrx_word' id='word_1_96' title='bbox 954 993 1007 1056; x_wconf 93' lang='lat' dir='ltr'>par</span> <span class='ocrx_word' id='word_1_97' title='bbox 1023 981 1070 1038; x_wconf 89' lang='lat' dir='ltr'>est</span> <span class='ocrx_word' id='word_1_98' title='bbox 1086 991 1145 1037; x_wconf 92' lang='lat' dir='ltr'>uon</span> <span class='ocrx_word' id='word_1_99' title='bbox 1163 974 1283 1051; x_wconf 88' lang='lat' dir='ltr'>diligit,</span> <span class='ocrx_word' id='word_1_100' title='bbox 1300 990 1359 1036; x_wconf 91' lang='lat' dir='ltr'>nec</span> <span class='ocrx_word' id='word_1_101' title='bbox 1376 972 1487 1035; x_wconf 85' lang='lat' dir='ltr'>timeti</span> <span class='ocrx_word' id='word_1_102' title='bbox 1502 973 1606 1035; x_wconf 80' lang='lat' dir='ltr'>Nonne</span> <span class='ocrx_word' id='word_1_103' title='bbox 1629 980 1725 1034; x_wconf 83' lang='lat' dir='ltr'>terras</span> <span class='ocrx_word' id='word_1_104' title='bbox 1737 985 1807 1032; x_wconf 92' lang='lat' dir='ltr'>cum</span> 
     </span>
     <span class='ocr_line' id='line_1_9' title="bbox 51 1054 1808 1156; baseline -0.013 -17"><span class='ocrx_word' id='word_1_105' title='bbox 51 1093 165 1156; x_wconf 88' lang='lat' dir='ltr'>corpus</span> <span class='ocrx_word' id='word_1_106' title='bbox 180 1091 271 1156; x_wconf 83' lang='lat' dir='ltr'>gnare</span> <span class='ocrx_word' id='word_1_107' title='bbox 289 1073 409 1154; x_wconf 87' lang='lat' dir='ltr'>cogitur</span> <span class='ocrx_word' id='word_1_108' title='bbox 420 1087 546 1134; x_wconf 89' lang='lat' dir='ltr'>sursum</span> <span class='ocrx_word' id='word_1_109' title='bbox 559 1067 743 1146; x_wconf 82' lang='lat' dir='ltr'>accendere,</span> <span class='ocrx_word' id='word_1_110' title='bbox 759 1075 810 1128; x_wconf 93' lang='lat' dir='ltr'>aut</span> <span class='ocrx_word' id='word_1_111' title='bbox 824 1065 908 1128; x_wconf 86' lang='lat' dir='ltr'>reio·</span> <span class='ocrx_word' id='word_1_112' title='bbox 956 1060 1100 1123; x_wconf 90' lang='lat' dir='ltr'>omnibus</span> <span class='ocrx_word' id='word_1_113' title='bbox 1116 1060 1181 1120; x_wconf 87' lang='lat' dir='ltr'>suis</span> <span class='ocrx_word' id='word_1_114' title='bbox 1197 1057 1310 1120; x_wconf 80' lang='lat' dir='ltr'>divitiis</span> <span class='ocrx_word' id='word_1_115' title='bbox 1327 1064 1356 1118; x_wconf 90' lang='lat' dir='ltr'>et</span> <span class='ocrx_word' id='word_1_116' title='bbox 1369 1057 1500 1128; x_wconf 68' lang='lat' dir='ltr'>deliciis</span> <span class='ocrx_word' id='word_1_117' title='bbox 1515 1055 1734 1131; x_wconf 89' lang='lat' dir='ltr'>animantibus,</span> <span class='ocrx_word' id='word_1_118' title='bbox 1748 1054 1808 1117; x_wconf 89' lang='lat' dir='ltr'>lra-</span> 
     </span>
     <span class='ocr_line' id='line_1_10' title="bbox 52 1139 1807 1227; baseline -0.013 -4"><span class='ocrx_word' id='word_1_119' title='bbox 52 1159 130 1223; x_wconf 87' lang='lat' dir='ltr'>citer</span> <span class='ocrx_word' id='word_1_120' title='bbox 141 1162 179 1223; x_wconf 88' lang='lat' dir='ltr'>de</span> <span class='ocrx_word' id='word_1_121' title='bbox 193 1160 263 1223; x_wconf 92' lang='lat' dir='ltr'>loco</span> <span class='ocrx_word' id='word_1_122' title='bbox 276 1161 314 1221; x_wconf 89' lang='lat' dir='ltr'>ad</span> <span class='ocrx_word' id='word_1_123' title='bbox 331 1160 432 1219; x_wconf 88' lang='lat' dir='ltr'>locum</span> <span class='ocrx_word' id='word_1_124' title='bbox 450 1153 625 1224; x_wconf 73' lang='lat' dir='ltr'>morerisic</span> <span class='ocrx_word' id='word_1_125' title='bbox 641 1167 658 1214; x_wconf 86' lang='lat' dir='ltr'>e</span> <span class='ocrx_word' id='word_1_126' title='bbox 674 1149 826 1213; x_wconf 88' lang='lat' dir='ltr'>contrario</span> <span class='ocrx_word' id='word_1_127' title='bbox 838 1165 910 1227; x_wconf 87' lang='lat' dir='ltr'>gru·</span> <span class='ocrx_word' id='word_1_128' title='bbox 958 1143 1071 1219; x_wconf 86' lang='lat' dir='ltr'>atibus,</span> <span class='ocrx_word' id='word_1_129' title='bbox 1088 1141 1228 1218; x_wconf 89' lang='lat' dir='ltr'>llnribus,</span> <span class='ocrx_word' id='word_1_130' title='bbox 1246 1142 1396 1214; x_wconf 86' lang='lat' dir='ltr'>metallis,</span> <span class='ocrx_word' id='word_1_131' title='bbox 1422 1141 1453 1202; x_wconf 91' lang='lat' dir='ltr'>in</span> <span class='ocrx_word' id='word_1_132' title='bbox 1480 1157 1645 1202; x_wconf 90' lang='lat' dir='ltr'>commune</span> <span class='ocrx_word' id='word_1_133' title='bbox 1661 1139 1807 1202; x_wconf 93' lang='lat' dir='ltr'>omnibus</span> 
     </span>
     <span class='ocr_line' id='line_1_11' title="bbox 53 1223 1810 1319; baseline -0.013 -13"><span class='ocrx_word' id='word_1_134' title='bbox 53 1244 109 1306; x_wconf 91' lang='lat' dir='ltr'>det</span> <span class='ocrx_word' id='word_1_135' title='bbox 123 1249 154 1308; x_wconf 89' lang='lat' dir='ltr'>et</span> <span class='ocrx_word' id='word_1_136' title='bbox 170 1245 309 1314; x_wconf 87' lang='lat' dir='ltr'>laetatur,</span> <span class='ocrx_word' id='word_1_137' title='bbox 327 1257 395 1304; x_wconf 90' lang='lat' dir='ltr'>cum</span> <span class='ocrx_word' id='word_1_138' title='bbox 412 1255 527 1318; x_wconf 89' lang='lat' dir='ltr'>corpus</span> <span class='ocrx_word' id='word_1_139' title='bbox 542 1241 610 1300; x_wconf 86' lang='lat' dir='ltr'>sine</span> <span class='ocrx_word' id='word_1_140' title='bbox 626 1235 810 1298; x_wconf 77' lang='lat' dir='ltr'>lassitudine</span> <span class='ocrx_word' id='word_1_141' title='bbox 825 1233 909 1294; x_wconf 91' lang='lat' dir='ltr'>etla·</span> <span class='ocrx_word' id='word_1_142' title='bbox 954 1225 1086 1289; x_wconf 75' lang='lat' dir='ltr'>tribuit?</span> <span class='ocrx_word' id='word_1_143' title='bbox 1100 1224 1207 1287; x_wconf 87' lang='lat' dir='ltr'>Nonne</span> <span class='ocrx_word' id='word_1_144' title='bbox 1223 1225 1328 1296; x_wconf 86' lang='lat' dir='ltr'>maria,</span> <span class='ocrx_word' id='word_1_145' title='bbox 1347 1225 1459 1292; x_wconf 83' lang='lat' dir='ltr'>tontes.</span> <span class='ocrx_word' id='word_1_146' title='bbox 1475 1223 1619 1297; x_wconf 85' lang='lat' dir='ltr'>flumina,</span> <span class='ocrx_word' id='word_1_147' title='bbox 1636 1224 1724 1285; x_wconf 88' lang='lat' dir='ltr'>locus</span> <span class='ocrx_word' id='word_1_148' title='bbox 1740 1238 1810 1319; x_wconf 86' lang='lat' dir='ltr'>cum</span> 
     </span>
     <span class='ocr_line' id='line_1_12' title="bbox 51 1309 1808 1400; baseline -0.014 -9"><span class='ocrx_word' id='word_1_149' title='bbox 51 1327 128 1391; x_wconf 91' lang='lat' dir='ltr'>bore</span> <span class='ocrx_word' id='word_1_150' title='bbox 141 1327 191 1390; x_wconf 86' lang='lat' dir='ltr'>rel</span> <span class='ocrx_word' id='word_1_151' title='bbox 206 1341 329 1390; x_wconf 86' lang='lat' dir='ltr'>sursum</span> <span class='ocrx_word' id='word_1_152' title='bbox 346 1323 508 1397; x_wconf 86' lang='lat' dir='ltr'>ascendit,</span> <span class='ocrx_word' id='word_1_153' title='bbox 532 1321 580 1384; x_wconf 87' lang='lat' dir='ltr'>rel</span> <span class='ocrx_word' id='word_1_154' title='bbox 603 1313 733 1382; x_wconf 86' lang='lat' dir='ltr'>deloco</span> <span class='ocrx_word' id='word_1_155' title='bbox 755 1318 792 1379; x_wconf 90' lang='lat' dir='ltr'>ad</span> <span class='ocrx_word' id='word_1_156' title='bbox 808 1318 907 1379; x_wconf 90' lang='lat' dir='ltr'>locum</span> <span class='ocrx_word' id='word_1_157' title='bbox 955 1317 997 1372; x_wconf 93' lang='lat' dir='ltr'>tot</span> <span class='ocrx_word' id='word_1_158' title='bbox 1010 1310 1177 1389; x_wconf 86' lang='lat' dir='ltr'>generibus</span> <span class='ocrx_word' id='word_1_159' title='bbox 1192 1310 1345 1386; x_wconf 88' lang='lat' dir='ltr'>piscium,</span> <span class='ocrx_word' id='word_1_160' title='bbox 1362 1309 1393 1372; x_wconf 92' lang='lat' dir='ltr'>lo</span> <span class='ocrx_word' id='word_1_161' title='bbox 1411 1325 1575 1400; x_wconf 87' lang='lat' dir='ltr'>commune</span> <span class='ocrx_word' id='word_1_162' title='bbox 1597 1311 1743 1371; x_wconf 87' lang='lat' dir='ltr'>omnibus</span> <span class='ocrx_word' id='word_1_163' title='bbox 1759 1317 1808 1368; x_wconf 90' lang='lat' dir='ltr'>tu·</span> 
     </span>
     <span class='ocr_line' id='line_1_13' title="bbox 52 1393 1810 1490; baseline -0.013 -16"><span class='ocrx_word' id='word_1_164' title='bbox 52 1401 249 1475; x_wconf 74' lang='lat' dir='ltr'>uelocissime</span> <span class='ocrx_word' id='word_1_165' title='bbox 265 1411 386 1471; x_wconf 88' lang='lat' dir='ltr'>transit.</span> <span class='ocrx_word' id='word_1_166' title='bbox 401 1407 448 1470; x_wconf 86' lang='lat' dir='ltr'>Eo</span> <span class='ocrx_word' id='word_1_167' title='bbox 463 1406 577 1486; x_wconf 85' lang='lat' dir='ltr'>igitur,</span> <span class='ocrx_word' id='word_1_168' title='bbox 595 1421 610 1464; x_wconf 88' lang='lat' dir='ltr'>a</span> <span class='ocrx_word' id='word_1_169' title='bbox 627 1410 740 1482; x_wconf 86' lang='lat' dir='ltr'>quanta</span> <span class='ocrx_word' id='word_1_170' title='bbox 763 1405 909 1463; x_wconf 83' lang='lat' dir='ltr'>seruitute</span> <span class='ocrx_word' id='word_1_171' title='bbox 954 1393 1041 1456; x_wconf 92' lang='lat' dir='ltr'>bolti</span> <span class='ocrx_word' id='word_1_172' title='bbox 1058 1393 1163 1454; x_wconf 80' lang='lat' dir='ltr'><strong>Nonne</strong></span> <span class='ocrx_word' id='word_1_173' title='bbox 1181 1393 1312 1488; x_wconf 76' lang='lat' dir='ltr'>caelum,</span> <span class='ocrx_word' id='word_1_174' title='bbox 1329 1393 1416 1471; x_wconf 84' lang='lat' dir='ltr'>quasi</span> <span class='ocrx_word' id='word_1_175' title='bbox 1437 1400 1552 1490; x_wconf 75' lang='lat' dir='ltr'>tectum</span> <span class='ocrx_word' id='word_1_176' title='bbox 1570 1393 1662 1454; x_wconf 88' lang='lat' dir='ltr'>buius</span> <span class='ocrx_word' id='word_1_177' title='bbox 1679 1405 1810 1471; x_wconf 81' lang='lat' dir='ltr'>magnae</span> 
     </span>
     <span class='ocr_line' id='line_1_14' title="bbox 52 1473 1810 1572; baseline -0.013 -14"><span class='ocrx_word' id='word_1_178' title='bbox 52 1494 261 1572; x_wconf 80' lang='lat' dir='ltr'>corruptionis</span> <span class='ocrx_word' id='word_1_179' title='bbox 276 1493 491 1556; x_wconf 87' lang='lat' dir='ltr'>liberabuntur</span> <span class='ocrx_word' id='word_1_180' title='bbox 505 1488 600 1560; x_wconf 87' lang='lat' dir='ltr'>Beati,</span> <span class='ocrx_word' id='word_1_181' title='bbox 618 1499 688 1548; x_wconf 91' lang='lat' dir='ltr'>cum</span> <span class='ocrx_word' id='word_1_182' title='bbox 705 1500 765 1546; x_wconf 92' lang='lat' dir='ltr'>uon</span> <span class='ocrx_word' id='word_1_183' title='bbox 778 1483 911 1561; x_wconf 90' lang='lat' dir='ltr'>amplius</span> <span class='ocrx_word' id='word_1_184' title='bbox 952 1477 1075 1550; x_wconf 89' lang='lat' dir='ltr'>domus,</span> <span class='ocrx_word' id='word_1_185' title='bbox 1093 1484 1137 1536; x_wconf 92' lang='lat' dir='ltr'>tot</span> <span class='ocrx_word' id='word_1_186' title='bbox 1151 1476 1249 1538; x_wconf 83' lang='lat' dir='ltr'>stellis</span> <span class='ocrx_word' id='word_1_187' title='bbox 1264 1486 1416 1547; x_wconf 89' lang='lat' dir='ltr'>ornatum,</span> <span class='ocrx_word' id='word_1_188' title='bbox 1438 1489 1647 1538; x_wconf 80' lang='lat' dir='ltr'>incommune</span> <span class='ocrx_word' id='word_1_189' title='bbox 1664 1473 1810 1537; x_wconf 81' lang='lat' dir='ltr'>omnibus</span> 
     </span>
     <span class='ocr_line' id='line_1_15' title="bbox 51 1557 1811 1658; baseline -0.013 -16"><span class='ocrx_word' id='word_1_190' title='bbox 51 1579 188 1658; x_wconf 77' lang='lat' dir='ltr'>egebam</span> <span class='ocrx_word' id='word_1_191' title='bbox 203 1579 305 1658; x_wconf 87' lang='lat' dir='ltr'>equis,</span> <span class='ocrx_word' id='word_1_192' title='bbox 322 1579 424 1653; x_wconf 80' lang='lat' dir='ltr'>oeoue</span> <span class='ocrx_word' id='word_1_193' title='bbox 436 1571 697 1649; x_wconf 67' lang='lat' dir='ltr'>continuansque</span> <span class='ocrx_word' id='word_1_194' title='bbox 710 1567 910 1648; x_wconf 88' lang='lat' dir='ltr'>stipatoribus</span> <span class='ocrx_word' id='word_1_195' title='bbox 953 1559 1087 1622; x_wconf 79' lang='lat' dir='ltr'>tribuit?</span> <span class='ocrx_word' id='word_1_196' title='bbox 1100 1557 1208 1622; x_wconf 80' lang='lat' dir='ltr'><strong>Nonne</strong></span> <span class='ocrx_word' id='word_1_197' title='bbox 1231 1558 1335 1621; x_wconf 90' lang='lat' dir='ltr'>Solem</span> <span class='ocrx_word' id='word_1_198' title='bbox 1351 1575 1440 1623; x_wconf 91' lang='lat' dir='ltr'>suum</span> <span class='ocrx_word' id='word_1_199' title='bbox 1458 1559 1555 1632; x_wconf 92' lang='lat' dir='ltr'>oriri,</span> <span class='ocrx_word' id='word_1_200' title='bbox 1578 1566 1608 1621; x_wconf 90' lang='lat' dir='ltr'>et</span> <span class='ocrx_word' id='word_1_201' title='bbox 1625 1560 1724 1620; x_wconf 90' lang='lat' dir='ltr'>nubes</span> <span class='ocrx_word' id='word_1_202' title='bbox 1739 1573 1811 1652; x_wconf 77' lang='lat' dir='ltr'>suas</span> 
     </span>
     <span class='ocr_line' id='line_1_16' title="bbox 50 1641 1811 1740; baseline -0.015 -15"><span class='ocrx_word' id='word_1_203' title='bbox 50 1677 154 1740; x_wconf 81' lang='lat' dir='ltr'>neque</span> <span class='ocrx_word' id='word_1_204' title='bbox 169 1653 263 1724; x_wconf 80' lang='lat' dir='ltr'>armis</span> <span class='ocrx_word' id='word_1_205' title='bbox 278 1709 286 1735; x_wconf 93' lang='lat'>,</span> <span class='ocrx_word' id='word_1_206' title='bbox 301 1671 405 1738; x_wconf 86' lang='lat' dir='ltr'>neque</span> <span class='ocrx_word' id='word_1_207' title='bbox 422 1657 482 1720; x_wconf 91' lang='lat' dir='ltr'>ulla</span> <span class='ocrx_word' id='word_1_208' title='bbox 498 1671 531 1718; x_wconf 90' lang='lat' dir='ltr'>re</span> <span class='ocrx_word' id='word_1_209' title='bbox 547 1655 604 1718; x_wconf 90' lang='lat' dir='ltr'>alia</span> <span class='ocrx_word' id='word_1_210' title='bbox 619 1673 629 1734; x_wconf 84' lang='lat'>3</span> <span class='ocrx_word' id='word_1_211' title='bbox 652 1654 709 1717; x_wconf 88' lang='lat' dir='ltr'>sed</span> <span class='ocrx_word' id='word_1_212' title='bbox 722 1652 789 1730; x_wconf 82' lang='lat' dir='ltr'>ipsa</span> <span class='ocrx_word' id='word_1_213' title='bbox 806 1665 860 1730; x_wconf 88' lang='lat' dir='ltr'>per</span> <span class='ocrx_word' id='word_1_214' title='bbox 875 1665 909 1713; x_wconf 88' lang='lat' dir='ltr'>se</span> <span class='ocrx_word' id='word_1_215' title='bbox 954 1645 1063 1723; x_wconf 88' lang='lat' dir='ltr'>pluere</span> <span class='ocrx_word' id='word_1_216' title='bbox 1079 1659 1173 1718; x_wconf 90' lang='lat' dir='ltr'>super</span> <span class='ocrx_word' id='word_1_217' title='bbox 1190 1643 1290 1705; x_wconf 79' lang='lat' dir='ltr'>bonnis</span> <span class='ocrx_word' id='word_1_218' title='bbox 1316 1652 1346 1705; x_wconf 89' lang='lat' dir='ltr'>ct</span> <span class='ocrx_word' id='word_1_219' title='bbox 1362 1644 1459 1704; x_wconf 86' lang='lat' dir='ltr'>melos</span> <span class='ocrx_word' id='word_1_220' title='bbox 1484 1643 1553 1720; x_wconf 90' lang='lat' dir='ltr'>ipse</span> <span class='ocrx_word' id='word_1_221' title='bbox 1569 1641 1717 1738; x_wconf 72' lang='lat' dir='ltr'>[lominus</span> <span class='ocrx_word' id='word_1_222' title='bbox 1733 1646 1811 1736; x_wconf 77' lang='lat' dir='ltr'>optr-</span> 
     </span>
     <span class='ocr_line' id='line_1_17' title="bbox 52 1725 1812 1824; baseline -0.014 -15"><span class='ocrx_word' id='word_1_223' title='bbox 52 1759 180 1824; x_wconf 85' lang='lat' dir='ltr'>corpora</span> <span class='ocrx_word' id='word_1_224' title='bbox 197 1744 286 1808; x_wconf 89' lang='lat' dir='ltr'>beaia</span> <span class='ocrx_word' id='word_1_225' title='bbox 302 1745 478 1804; x_wconf 89' lang='lat' dir='ltr'>discurrent</span> <span class='ocrx_word' id='word_1_226' title='bbox 494 1737 691 1801; x_wconf 81' lang='lat' dir='ltr'>velocissime</span> <span class='ocrx_word' id='word_1_227' title='bbox 713 1751 911 1815; x_wconf 84' lang='lat' dir='ltr'>quocumque</span> <span class='ocrx_word' id='word_1_228' title='bbox 953 1743 1025 1790; x_wconf 91' lang='lat' dir='ltr'>mus</span> <span class='ocrx_word' id='word_1_229' title='bbox 1038 1734 1066 1790; x_wconf 91' lang='lat' dir='ltr'>et</span> <span class='ocrx_word' id='word_1_230' title='bbox 1081 1727 1320 1789; x_wconf 81' lang='lat' dir='ltr'>liberalissimus</span> <span class='ocrx_word' id='word_1_231' title='bbox 1335 1726 1451 1790; x_wconf 78' lang='lat' dir='ltr'>iussit?</span> <span class='ocrx_word' id='word_1_232' title='bbox 1467 1725 1552 1802; x_wconf 86' lang='lat' dir='ltr'>Quod</span> <span class='ocrx_word' id='word_1_233' title='bbox 1569 1742 1595 1821; x_wconf 82' lang='lat'>⁵.¹</span> <span class='ocrx_word' id='word_1_234' title='bbox 1608 1733 1688 1787; x_wconf 89' lang='lat' dir='ltr'>tanta</span> <span class='ocrx_word' id='word_1_235' title='bbox 1702 1725 1812 1820; x_wconf 79' lang='lat' dir='ltr'>gaudia</span> 
     </span>
     <span class='ocr_line' id='line_1_18' title="bbox 49 1811 1814 1909; baseline -0.014 -17"><span class='ocrx_word' id='word_1_236' title='bbox 49 1830 216 1909; x_wconf 77' lang='lat' dir='ltr'>notuerint,</span> <span class='ocrx_word' id='word_1_237' title='bbox 234 1833 265 1892; x_wconf 85' lang='lat' dir='ltr'>ct</span> <span class='ocrx_word' id='word_1_238' title='bbox 280 1825 395 1906; x_wconf 88' lang='lat' dir='ltr'>ubique</span> <span class='ocrx_word' id='word_1_239' title='bbox 410 1825 564 1887; x_wconf 88' lang='lat' dir='ltr'>tutissima</span> <span class='ocrx_word' id='word_1_240' title='bbox 584 1827 697 1896; x_wconf 90' lang='lat' dir='ltr'>erunt,</span> <span class='ocrx_word' id='word_1_241' title='bbox 722 1821 813 1882; x_wconf 88' lang='lat' dir='ltr'>etiam</span> <span class='ocrx_word' id='word_1_242' title='bbox 830 1821 910 1881; x_wconf 91' lang='lat' dir='ltr'>inter</span> <span class='ocrx_word' id='word_1_243' title='bbox 956 1811 1172 1890; x_wconf 87' lang='lat' dir='ltr'>peccatoribus</span> <span class='ocrx_word' id='word_1_244' title='bbox 1190 1813 1342 1888; x_wconf 87' lang='lat' dir='ltr'>reprobis,</span> <span class='ocrx_word' id='word_1_245' title='bbox 1360 1811 1525 1890; x_wconf 90' lang='lat' dir='ltr'>mancipiis</span> <span class='ocrx_word' id='word_1_246' title='bbox 1542 1825 1606 1872; x_wconf 88' lang='lat' dir='ltr'>sors</span> <span class='ocrx_word' id='word_1_247' title='bbox 1625 1811 1766 1890; x_wconf 84' lang='lat' dir='ltr'>ingratis,</span> <span class='ocrx_word' id='word_1_248' title='bbox 1783 1814 1814 1868; x_wconf 88' lang='lat' dir='ltr'>et</span> 
     </span>
     <span class='ocr_line' id='line_1_19' title="bbox 51 1892 1812 1976; baseline -0.012 -2"><span class='ocrx_word' id='word_1_249' title='bbox 51 1913 171 1976; x_wconf 90' lang='lat' dir='ltr'>medias</span> <span class='ocrx_word' id='word_1_250' title='bbox 186 1917 372 1975; x_wconf 89' lang='lat' dir='ltr'>armatorum</span> <span class='ocrx_word' id='word_1_251' title='bbox 388 1908 484 1970; x_wconf 87' lang='lat' dir='ltr'>acles.</span> <span class='ocrx_word' id='word_1_252' title='bbox 954 1898 1039 1957; x_wconf 93' lang='lat' dir='ltr'>omui</span> <span class='ocrx_word' id='word_1_253' title='bbox 1057 1892 1210 1974; x_wconf 82' lang='lat' dir='ltr'>supplicio</span> <span class='ocrx_word' id='word_1_254' title='bbox 1227 1894 1330 1974; x_wconf 88' lang='lat' dir='ltr'>dignis</span> <span class='ocrx_word' id='word_1_255' title='bbox 1352 1895 1382 1954; x_wconf 92' lang='lat' dir='ltr'>io</span> <span class='ocrx_word' id='word_1_256' title='bbox 1398 1893 1456 1956; x_wconf 90' lang='lat' dir='ltr'>bac</span> <span class='ocrx_word' id='word_1_257' title='bbox 1480 1893 1536 1955; x_wconf 88' lang='lat' dir='ltr'>vita</span> <span class='ocrx_word' id='word_1_258' title='bbox 1555 1892 1683 1966; x_wconf 86' lang='lat' dir='ltr'>tribuit,</span> <span class='ocrx_word' id='word_1_259' title='bbox 1708 1905 1812 1954; x_wconf 91' lang='lat' dir='ltr'>noune</span> 
     </span>
    </p>

    <p class='ocr_par' dir='ltr' id='par_1_5' title="bbox 49 1975 1817 2410">
     <span class='ocr_line' id='line_1_20' title="bbox 95 1975 1816 2074; baseline -0.014 -14"><span class='ocrx_word' id='word_1_260' title='bbox 95 1995 214 2060; x_wconf 81' lang='lat' dir='ltr'>Utinam</span> <span class='ocrx_word' id='word_1_261' title='bbox 229 1995 279 2074; x_wconf 78' lang='lat' dir='ltr'>oui</span> <span class='ocrx_word' id='word_1_262' title='bbox 293 1994 422 2057; x_wconf 76' lang='lat' dir='ltr'>delicias</span> <span class='ocrx_word' id='word_1_263' title='bbox 435 1986 613 2070; x_wconf 77' lang='lat' dir='ltr'>spirituales</span> <span class='ocrx_word' id='word_1_264' title='bbox 629 1993 752 2068; x_wconf 87' lang='lat' dir='ltr'>gustare</span> <span class='ocrx_word' id='word_1_265' title='bbox 768 2001 827 2050; x_wconf 93' lang='lat' dir='ltr'>non</span> <span class='ocrx_word' id='word_1_266' title='bbox 842 2003 912 2064; x_wconf 89' lang='lat' dir='ltr'>pos·</span> <span class='ocrx_word' id='word_1_267' title='bbox 957 1993 1088 2058; x_wconf 75' lang='lat' dir='ltr'>aequum</span> <span class='ocrx_word' id='word_1_268' title='bbox 1105 1984 1166 2050; x_wconf 87' lang='lat' dir='ltr'>cst,</span> <span class='ocrx_word' id='word_1_269' title='bbox 1181 1983 1215 2039; x_wconf 91' lang='lat' dir='ltr'>ut</span> <span class='ocrx_word' id='word_1_270' title='bbox 1230 1980 1337 2074; x_wconf 79' lang='lat' dir='ltr'>arutcis</span> <span class='ocrx_word' id='word_1_271' title='bbox 1354 1984 1382 2038; x_wconf 91' lang='lat' dir='ltr'>et</span> <span class='ocrx_word' id='word_1_272' title='bbox 1397 1975 1470 2038; x_wconf 89' lang='lat' dir='ltr'>litiis</span> <span class='ocrx_word' id='word_1_273' title='bbox 1486 1978 1550 2039; x_wconf 91' lang='lat' dir='ltr'>suis</span> <span class='ocrx_word' id='word_1_274' title='bbox 1567 1975 1758 2073; x_wconf 79' lang='lat' dir='ltr'>gaudiosius</span> <span class='ocrx_word' id='word_1_275' title='bbox 1771 1975 1816 2037; x_wconf 90' lang='lat' dir='ltr'>ul·</span> 
     </span>
     <span class='ocr_line' id='line_1_21' title="bbox 51 2061 1816 2158; baseline -0.015 -14"><span class='ocrx_word' id='word_1_276' title='bbox 51 2086 138 2158; x_wconf 89' lang='lat' dir='ltr'>suot,</span> <span class='ocrx_word' id='word_1_277' title='bbox 155 2080 236 2157; x_wconf 79' lang='lat' dir='ltr'>quod</span> <span class='ocrx_word' id='word_1_278' title='bbox 254 2079 385 2156; x_wconf 91' lang='lat' dir='ltr'>palatum</span> <span class='ocrx_word' id='word_1_279' title='bbox 402 2075 550 2137; x_wconf 88' lang='lat' dir='ltr'>intectum</span> <span class='ocrx_word' id='word_1_280' title='bbox 564 2071 818 2141; x_wconf 79' lang='lat' dir='ltr'>babeantsaltem</span> <span class='ocrx_word' id='word_1_281' title='bbox 836 2073 913 2134; x_wconf 88' lang='lat' dir='ltr'>baec</span> <span class='ocrx_word' id='word_1_282' title='bbox 960 2064 987 2124; x_wconf 75' lang='lat' dir='ltr'>la</span> <span class='ocrx_word' id='word_1_283' title='bbox 1004 2061 1235 2157; x_wconf 74' lang='lat' dir='ltr'>comparatione</span> <span class='ocrx_word' id='word_1_284' title='bbox 1251 2077 1365 2124; x_wconf 82' lang='lat' dir='ltr'>maiora</span> <span class='ocrx_word' id='word_1_285' title='bbox 1382 2061 1652 2158; x_wconf 75' lang='lat' dir='ltr'>couserrettdudr</span> <span class='ocrx_word' id='word_1_286' title='bbox 1674 2067 1816 2157; x_wconf 81' lang='lat' dir='ltr'>sanctum</span> 
     </span>
     <span class='ocr_line' id='line_1_22' title="bbox 51 2144 1816 2240; baseline -0.008 -13"><span class='ocrx_word' id='word_1_287' title='bbox 51 2163 182 2227; x_wconf 81' lang='lat' dir='ltr'>maxima</span> <span class='ocrx_word' id='word_1_288' title='bbox 197 2169 227 2226; x_wconf 89' lang='lat' dir='ltr'>et</span> <span class='ocrx_word' id='word_1_289' title='bbox 240 2168 386 2240; x_wconf 88' lang='lat' dir='ltr'>perpetua</span> <span class='ocrx_word' id='word_1_290' title='bbox 400 2159 480 2221; x_wconf 90' lang='lat' dir='ltr'>bona</span> <span class='ocrx_word' id='word_1_291' title='bbox 494 2157 665 2238; x_wconf 89' lang='lat' dir='ltr'>corporalia</span> <span class='ocrx_word' id='word_1_292' title='bbox 681 2155 913 2216; x_wconf 88' lang='lat' dir='ltr'>considerarent</span> <span class='ocrx_word' id='word_1_293' title='bbox 959 2149 1160 2224; x_wconf 77' lang='lat' dir='ltr'>angustinum</span> <span class='ocrx_word' id='word_1_294' title='bbox 1173 2159 1214 2214; x_wconf 50' lang='lat' dir='ltr'>¹ro</span> <span class='ocrx_word' id='word_1_295' title='bbox 1242 2144 1381 2207; x_wconf 86' lang='lat' dir='ltr'>Psalmos</span> <span class='ocrx_word' id='word_1_296' title='bbox 1397 2163 1405 2204; x_wconf 74' lang='grc' dir='ltr'><strong>ι</strong></span> <span class='ocrx_word' id='word_1_297' title='bbox 1433 2144 1676 2214; x_wconf 77' lang='lat' dir='ltr'>Peccatortbns.</span> <span class='ocrx_word' id='word_1_298' title='bbox 1704 2150 1816 2223; x_wconf 76' lang='lat' dir='ltr'>inquil.</span> 
     </span>
     <span class='ocr_line' id='line_1_23' title="bbox 51 2227 1817 2328; baseline -0.012 -18"><span class='ocrx_word' id='word_1_299' title='bbox 51 2253 147 2328; x_wconf 85' lang='lat' dir='ltr'>atque</span> <span class='ocrx_word' id='word_1_300' title='bbox 161 2249 197 2310; x_wconf 90' lang='lat' dir='ltr'>ad</span> <span class='ocrx_word' id='word_1_301' title='bbox 214 2247 265 2308; x_wconf 91' lang='lat' dir='ltr'>illa</span> <span class='ocrx_word' id='word_1_302' title='bbox 282 2243 478 2307; x_wconf 82' lang='lat' dir='ltr'>afficerentur</span> <span class='ocrx_word' id='word_1_303' title='bbox 492 2248 522 2302; x_wconf 88' lang='lat' dir='ltr'>et</span> <span class='ocrx_word' id='word_1_304' title='bbox 538 2253 574 2302; x_wconf 89' lang='lat' dir='ltr'>ea</span> <span class='ocrx_word' id='word_1_305' title='bbox 586 2237 754 2317; x_wconf 82' lang='lat' dir='ltr'>quaerent!</span> <span class='ocrx_word' id='word_1_306' title='bbox 771 2239 816 2301; x_wconf 88' lang='lat' dir='ltr'>sio</span> <span class='ocrx_word' id='word_1_307' title='bbox 830 2238 912 2301; x_wconf 89' lang='lat' dir='ltr'>enim</span> <span class='ocrx_word' id='word_1_308' title='bbox 958 2227 1256 2306; x_wconf 76' lang='lat' dir='ltr'>blasphemantibus</span> <span class='ocrx_word' id='word_1_309' title='bbox 1269 2243 1342 2290; x_wconf 85' lang='lat' dir='ltr'>eum</span> <span class='ocrx_word' id='word_1_310' title='bbox 1354 2229 1563 2306; x_wconf 85' lang='lat' dir='ltr'>qrrottdiedut</span> <span class='ocrx_word' id='word_1_311' title='bbox 1575 2229 1701 2290; x_wconf 88' lang='lat' dir='ltr'>coelum</span> <span class='ocrx_word' id='word_1_312' title='bbox 1714 2233 1743 2290; x_wconf 87' lang='lat' dir='ltr'>et</span> <span class='ocrx_word' id='word_1_313' title='bbox 1758 2233 1817 2324; x_wconf 77' lang='lat' dir='ltr'>ter-</span> 
     </span>
     <span class='ocr_line' id='line_1_24' title="bbox 49 2310 1816 2410; baseline -0.013 -15"><span class='ocrx_word' id='word_1_314' title='bbox 49 2331 165 2405; x_wconf 85' lang='lat' dir='ltr'>fleret,</span> <span class='ocrx_word' id='word_1_315' title='bbox 186 2334 221 2394; x_wconf 91' lang='lat' dir='ltr'>ut</span> <span class='ocrx_word' id='word_1_316' title='bbox 241 2327 385 2410; x_wconf 82' lang='lat' dir='ltr'>paulatim</span> <span class='ocrx_word' id='word_1_317' title='bbox 409 2329 446 2387; x_wconf 90' lang='lat' dir='ltr'>ad</span> <span class='ocrx_word' id='word_1_318' title='bbox 469 2327 573 2388; x_wconf 89' lang='lat' dir='ltr'>altiora</span> <span class='ocrx_word' id='word_1_319' title='bbox 591 2326 860 2398; x_wconf 82' lang='lat' dir='ltr'>conscenderent,</span> <span class='ocrx_word' id='word_1_320' title='bbox 883 2327 913 2382; x_wconf 91' lang='lat' dir='ltr'>et</span> <span class='ocrx_word' id='word_1_321' title='bbox 955 2314 1101 2389; x_wconf 68' lang='lat' dir='ltr'>romunt</span> <span class='ocrx_word' id='word_1_322' title='bbox 1114 2310 1229 2389; x_wconf 78' lang='lat' dir='ltr'>sontes,</span> <span class='ocrx_word' id='word_1_323' title='bbox 1245 2311 1569 2389; x_wconf 79' lang='lat' dir='ltr'>sructnssanr&#39;tutem,</span> <span class='ocrx_word' id='word_1_324' title='bbox 1580 2310 1676 2388; x_wconf 77' lang='lat' dir='ltr'>filios,</span> <span class='ocrx_word' id='word_1_325' title='bbox 1692 2325 1816 2387; x_wconf 77' lang='lat' dir='ltr'>copiae,</span> 
     </span>
    </p>
   </div>
   <div class='ocr_carea' id='block_1_4' title="bbox 50 2393 1818 2580">
    <p class='ocr_par' dir='ltr' id='par_1_6' title="bbox 50 2393 1818 2580">
     <span class='ocr_line' id='line_1_25' title="bbox 50 2393 1818 2560; baseline -0.012 -82"><span class='ocrx_word' id='word_1_326' title='bbox 50 2430 111 2496; x_wconf 86' lang='lat' dir='ltr'>per</span> <span class='ocrx_word' id='word_1_327' title='bbox 125 2417 184 2478; x_wconf 87' lang='lat' dir='ltr'>bas</span> <span class='ocrx_word' id='word_1_328' title='bbox 198 2414 311 2560; x_wconf 48' lang='lat' dir='ltr'>godus</span> <span class='ocrx_word' id='word_1_329' title='bbox 327 2411 363 2474; x_wconf 89' lang='lat' dir='ltr'>ed</span> <span class='ocrx_word' id='word_1_330' title='bbox 380 2409 569 2488; x_wconf 88' lang='lat' dir='ltr'>sempiterna</span> <span class='ocrx_word' id='word_1_331' title='bbox 585 2407 694 2488; x_wconf 86' lang='lat' dir='ltr'>gaudia</span> <span class='ocrx_word' id='word_1_332' title='bbox 717 2405 842 2469; x_wconf 89' lang='lat' dir='ltr'>tandem</span> <span class='ocrx_word' id='word_1_333' title='bbox 858 2405 912 2467; x_wconf 88' lang='lat' dir='ltr'>ali·</span> <span class='ocrx_word' id='word_1_334' title='bbox 957 2395 1150 2458; x_wconf 83' lang='lat' dir='ltr'>ubertatem.</span> <span class='ocrx_word' id='word_1_335' title='bbox 1170 2393 1232 2470; x_wconf 80' lang='lat' dir='ltr'>Qui</span> <span class='ocrx_word' id='word_1_336' title='bbox 1244 2396 1325 2458; x_wconf 82' lang='lat' dir='ltr'>talia</span> <span class='ocrx_word' id='word_1_337' title='bbox 1341 2396 1568 2493; x_wconf 21' lang='lat' dir='ltr'>&#39;peccatoribus</span> <span class='ocrx_word' id='word_1_338' title='bbox 1580 2397 1647 2471; x_wconf 88' lang='lat' dir='ltr'>dot,</span> <span class='ocrx_word' id='word_1_339' title='bbox 1665 2397 1746 2474; x_wconf 87' lang='lat' dir='ltr'>qnid</span> <span class='ocrx_word' id='word_1_340' title='bbox 1758 2410 1818 2472; x_wconf 85' lang='lat' dir='ltr'>pa·</span> 
     </span>
     <span class='ocr_line' id='line_1_26' title="bbox 50 2473 1817 2580; baseline -0.013 -17"><span class='ocrx_word' id='word_1_341' title='bbox 50 2499 189 2580; x_wconf 85' lang='lat' dir='ltr'>quando,</span> <span class='ocrx_word' id='word_1_342' title='bbox 235 2511 273 2562; x_wconf 91' lang='lat' dir='ltr'>eo</span> <span class='ocrx_word' id='word_1_343' title='bbox 288 2501 478 2578; x_wconf 84' lang='lat' dir='ltr'>praestante,</span> <span class='ocrx_word' id='word_1_344' title='bbox 495 2493 644 2556; x_wconf 79' lang='lat' dir='ltr'>venirent.</span> <span class='ocrx_word' id='word_1_345' title='bbox 962 2487 1011 2542; x_wconf 88' lang='lat' dir='ltr'>tos</span> <span class='ocrx_word' id='word_1_346' title='bbox 1026 2493 1100 2542; x_wconf 90' lang='lat' dir='ltr'>enm</span> <span class='ocrx_word' id='word_1_347' title='bbox 1114 2494 1243 2540; x_wconf 86' lang='lat' dir='ltr'>seruare</span> <span class='ocrx_word' id='word_1_348' title='bbox 1257 2479 1406 2556; x_wconf 73' lang='lat' dir='ltr'>Metabus</span> <span class='ocrx_word' id='word_1_349' title='bbox 1427 2493 1507 2542; x_wconf 86' lang='lat' dir='ltr'>suns.</span> <span class='ocrx_word' id='word_1_350' title='bbox 1520 2475 1570 2558; x_wconf 84' lang='lat' dir='ltr'>(ln</span> <span class='ocrx_word' id='word_1_351' title='bbox 1588 2479 1674 2542; x_wconf 84' lang='lat' dir='ltr'>Psoi.</span> <span class='ocrx_word' id='word_1_352' title='bbox 1693 2473 1761 2560; x_wconf 81' lang='lat'><strong>85.)</strong></span> <span class='ocrx_word' id='word_1_353' title='bbox 1775 2479 1817 2540; x_wconf 83' lang='lat' dir='ltr'>lie</span> 
     </span>
    </p>
   </div>
   <div class='ocr_carea' id='block_1_5' title="bbox 54 2559 1871 5818">
    <p class='ocr_par' dir='ltr' id='par_1_7' title="bbox 960 2559 1818 2640">
     <span class='ocr_line' id='line_1_27' title="bbox 960 2559 1818 2640; baseline -0.003 -14"><span class='ocrx_word' id='word_1_354' title='bbox 960 2571 1067 2626; x_wconf 87' lang='lat' dir='ltr'>sancto</span> <span class='ocrx_word' id='word_1_355' title='bbox 1083 2561 1246 2640; x_wconf 75' lang='lat' dir='ltr'>dulgentia</span> <span class='ocrx_word' id='word_1_356' title='bbox 1261 2566 1406 2624; x_wconf 79' lang='lat' dir='ltr'>scribitur</span> <span class='ocrx_word' id='word_1_357' title='bbox 1421 2563 1451 2624; x_wconf 94' lang='lat' dir='ltr'>in</span> <span class='ocrx_word' id='word_1_358' title='bbox 1469 2565 1537 2624; x_wconf 89' lang='lat' dir='ltr'>eius</span> <span class='ocrx_word' id='word_1_359' title='bbox 1553 2563 1623 2632; x_wconf 83' lang='lat' dir='ltr'>rita,</span> <span class='ocrx_word' id='word_1_360' title='bbox 1635 2560 1745 2640; x_wconf 76' lang='lat' dir='ltr'>(Apud</span> <span class='ocrx_word' id='word_1_361' title='bbox 1758 2559 1818 2623; x_wconf 87' lang='lat' dir='ltr'>Sa·</span> 
     </span>
    </p>

    <p class='ocr_par' dir='ltr' id='par_1_8' title="bbox 959 2643 1820 2723">
     <span class='ocr_line' id='line_1_28' title="bbox 959 2643 1820 2723; baseline -0.005 -13"><span class='ocrx_word' id='word_1_362' title='bbox 959 2650 1049 2710; x_wconf 81' lang='lat' dir='ltr'>ritem</span> <span class='ocrx_word' id='word_1_363' title='bbox 1066 2646 1149 2708; x_wconf 76' lang='lat' dir='ltr'>Tota.</span> <span class='ocrx_word' id='word_1_364' title='bbox 1163 2643 1209 2718; x_wconf 83' lang='lat'>2.)</span> <span class='ocrx_word' id='word_1_365' title='bbox 1225 2662 1295 2708; x_wconf 88' lang='lat' dir='ltr'>eum</span> <span class='ocrx_word' id='word_1_366' title='bbox 1311 2646 1608 2722; x_wconf 75' lang='lat' dir='ltr'>unisse-attorrando</span> <span class='ocrx_word' id='word_1_367' title='bbox 1624 2645 1738 2707; x_wconf 73' lang='lat' dir='ltr'>Brumae</span> <span class='ocrx_word' id='word_1_368' title='bbox 1753 2647 1820 2723; x_wconf 81' lang='lat' dir='ltr'>gitt-</span> 
     </span>
    </p>

    <p class='ocr_par' dir='ltr' id='par_1_9' title="bbox 406 2728 1819 2811">
     <span class='ocr_line' id='line_1_29' title="bbox 406 2728 1819 2811; baseline -0.001 -19"><span class='ocrx_word' id='word_1_369' title='bbox 406 2747 488 2811; x_wconf 67' lang='lat' dir='ltr'>gpp,</span> <span class='ocrx_word' id='word_1_370' title='bbox 511 2747 565 2811; x_wconf 63' lang='lat' dir='ltr'>lx,</span> <span class='ocrx_word' id='word_1_371' title='bbox 906 2803 908 2806; x_wconf 17' lang='lat'>¹</span> <span class='ocrx_word' id='word_1_372' title='bbox 961 2731 1036 2794; x_wconf 87' lang='lat' dir='ltr'>riam</span> <span class='ocrx_word' id='word_1_373' title='bbox 1055 2730 1199 2804; x_wconf 89' lang='lat' dir='ltr'>Senatus,</span> <span class='ocrx_word' id='word_1_374' title='bbox 1217 2735 1248 2792; x_wconf 92' lang='lat' dir='ltr'>et</span> <span class='ocrx_word' id='word_1_375' title='bbox 1263 2731 1465 2792; x_wconf 83' lang='lat' dir='ltr'>exclamasse:</span> <span class='ocrx_word' id='word_1_376' title='bbox 1483 2728 1577 2803; x_wconf 85' lang='lat' dir='ltr'>Quam</span> <span class='ocrx_word' id='word_1_377' title='bbox 1601 2731 1741 2804; x_wconf 88' lang='lat' dir='ltr'>speciosa</span> <span class='ocrx_word' id='word_1_378' title='bbox 1766 2745 1819 2805; x_wconf 93' lang='lat' dir='ltr'>po·</span> 
     </span>
    </p>

    <p class='ocr_par' dir='ltr' id='par_1_10' title="bbox 455 2811 1819 2893">
     <span class='ocr_line' id='line_1_30' title="bbox 455 2811 1819 2893; baseline -0.002 -16"><span class='ocrx_word' id='word_1_379' title='bbox 455 2835 458 2840; x_wconf 92' lang='lat'>·</span> <span class='ocrx_word' id='word_1_380' title='bbox 961 2821 1021 2876; x_wconf 89' lang='lat' dir='ltr'>tesi</span> <span class='ocrx_word' id='word_1_381' title='bbox 1036 2830 1106 2876; x_wconf 88' lang='lat' dir='ltr'>esse</span> <span class='ocrx_word' id='word_1_382' title='bbox 1121 2812 1292 2876; x_wconf 83' lang='lat' dir='ltr'>ierusalem</span> <span class='ocrx_word' id='word_1_383' title='bbox 1310 2815 1476 2888; x_wconf 88' lang='lat' dir='ltr'>caelestis,</span> <span class='ocrx_word' id='word_1_384' title='bbox 1503 2815 1527 2874; x_wconf 92' lang='lat' dir='ltr'>si</span> <span class='ocrx_word' id='word_1_385' title='bbox 1552 2813 1598 2873; x_wconf 91' lang='lat' dir='ltr'>sic</span> <span class='ocrx_word' id='word_1_386' title='bbox 1613 2811 1708 2893; x_wconf 81' lang='lat' dir='ltr'>fulget</span> <span class='ocrx_word' id='word_1_387' title='bbox 1725 2813 1819 2892; x_wconf 18' lang='lat' dir='ltr'>llyome</span> 
     </span>
    </p>

    <p class='ocr_par' dir='ltr' id='par_1_11' title="bbox 962 2896 1821 2960">
     <span class='ocr_line' id='line_1_31' title="bbox 962 2896 1821 2960; baseline -0.002 0"><span class='ocrx_word' id='word_1_388' title='bbox 962 2897 1146 2960; x_wconf 78' lang='lat' dir='ltr'>terrestris?</span> <span class='ocrx_word' id='word_1_389' title='bbox 1159 2904 1187 2957; x_wconf 91' lang='lat' dir='ltr'>et</span> <span class='ocrx_word' id='word_1_390' title='bbox 1204 2902 1228 2959; x_wconf 90' lang='lat' dir='ltr'>si</span> <span class='ocrx_word' id='word_1_391' title='bbox 1246 2897 1275 2958; x_wconf 93' lang='lat' dir='ltr'>io</span> <span class='ocrx_word' id='word_1_392' title='bbox 1293 2899 1352 2960; x_wconf 90' lang='lat' dir='ltr'>boc</span> <span class='ocrx_word' id='word_1_393' title='bbox 1365 2898 1491 2959; x_wconf 86' lang='lat' dir='ltr'>saeculo</span> <span class='ocrx_word' id='word_1_394' title='bbox 1503 2898 1592 2958; x_wconf 87' lang='lat' dir='ltr'>datur</span> <span class='ocrx_word' id='word_1_395' title='bbox 1604 2904 1675 2957; x_wconf 85' lang='lat' dir='ltr'>tanti</span> <span class='ocrx_word' id='word_1_396' title='bbox 1694 2896 1821 2958; x_wconf 89' lang='lat' dir='ltr'>bonoris</span> 
     </span>
    </p>

    <p class='ocr_par' dir='ltr' id='par_1_12' title="bbox 171 2971 1822 3060">
     <span class='ocr_line' id='line_1_32' title="bbox 171 2971 1822 3060; baseline -0.002 -11"><span class='ocrx_word' id='word_1_397' title='bbox 171 2971 683 3054; x_wconf 64' lang='lat' dir='ltr'>⁰⁶⁰⁰mi&gt;⁰i⁰¹i⁰i¹⁰9ssiidi⁰fflm</span> <span class='ocrx_word' id='word_1_398' title='bbox 697 2973 803 3032; x_wconf 63' lang='lat' dir='ltr'>⁸0¹¹ssss</span> <span class='ocrx_word' id='word_1_399' title='bbox 963 2981 1098 3060; x_wconf 89' lang='lat' dir='ltr'>dignitus</span> <span class='ocrx_word' id='word_1_400' title='bbox 1115 2979 1317 3059; x_wconf 82' lang='lat' dir='ltr'>diligentibus</span> <span class='ocrx_word' id='word_1_401' title='bbox 1343 2982 1504 3042; x_wconf 83' lang='lat' dir='ltr'>uanitatem</span> <span class='ocrx_word' id='word_1_402' title='bbox 1522 3028 1529 3052; x_wconf 93' lang='lat'>,</span> <span class='ocrx_word' id='word_1_403' title='bbox 1554 2981 1655 3055; x_wconf 82' lang='lat' dir='ltr'>qualis</span> <span class='ocrx_word' id='word_1_404' title='bbox 1677 2981 1776 3041; x_wconf 90' lang='lat' dir='ltr'>bonor</span> <span class='ocrx_word' id='word_1_405' title='bbox 1791 2987 1822 3046; x_wconf 84' lang='lat' dir='ltr'>el</span> 
     </span>
    </p>

    <p class='ocr_par' dir='ltr' id='par_1_13' title="bbox 325 3063 1820 3150">
     <span class='ocr_line' id='line_1_33' title="bbox 325 3063 1820 3150; baseline -0.003 -20"><span class='ocrx_word' id='word_1_406' title='bbox 325 3083 399 3130; x_wconf 77' lang='lat' dir='ltr'>cum</span> <span class='ocrx_word' id='word_1_407' title='bbox 413 3066 549 3146; x_wconf 72' lang='lat' dir='ltr'>paudite</span> <span class='ocrx_word' id='word_1_408' title='bbox 564 3064 658 3128; x_wconf 76' lang='lat' dir='ltr'>caeli.</span> <span class='ocrx_word' id='word_1_409' title='bbox 964 3065 1059 3144; x_wconf 90' lang='lat' dir='ltr'>gloria</span> <span class='ocrx_word' id='word_1_410' title='bbox 1077 3065 1281 3139; x_wconf 83' lang='lat' dir='ltr'>praestabitur</span> <span class='ocrx_word' id='word_1_411' title='bbox 1297 3065 1419 3128; x_wconf 76' lang='lat' dir='ltr'>Sanctis</span> <span class='ocrx_word' id='word_1_412' title='bbox 1445 3063 1728 3150; x_wconf 81' lang='lat' dir='ltr'>contemplantibus</span> <span class='ocrx_word' id='word_1_413' title='bbox 1744 3063 1820 3125; x_wconf 86' lang='lat' dir='ltr'>veri·</span> 
     </span>
    </p>

    <p class='ocr_par' dir='ltr' id='par_1_14' title="bbox 275 3147 1821 3226">
     <span class='ocr_line' id='line_1_34' title="bbox 275 3147 1821 3226; baseline -0.003 -15"><span class='ocrx_word' id='word_1_414' title='bbox 275 3165 277 3173; x_wconf 90' lang='lat'>·</span> <span class='ocrx_word' id='word_1_415' title='bbox 964 3149 1083 3210; x_wconf 89' lang='lat' dir='ltr'>tatcm&#39;l</span> <span class='ocrx_word' id='word_1_416' title='bbox 1098 3148 1186 3210; x_wconf 86' lang='lat' dir='ltr'>Certe</span> <span class='ocrx_word' id='word_1_417' title='bbox 1209 3155 1334 3210; x_wconf 87' lang='lat' dir='ltr'>sanctus</span> <span class='ocrx_word' id='word_1_418' title='bbox 1350 3147 1559 3226; x_wconf 75' lang='lat' dir='ltr'>Augustinus,</span> <span class='ocrx_word' id='word_1_419' title='bbox 1583 3149 1608 3208; x_wconf 92' lang='lat' dir='ltr'>si</span> <span class='ocrx_word' id='word_1_420' title='bbox 1632 3147 1821 3226; x_wconf 84' lang='lat' dir='ltr'>quisalius,</span> 
     </span>
    </p>

    <p class='ocr_par' dir='ltr' id='par_1_15' title="bbox 965 3231 1823 3308">
     <span class='ocr_line' id='line_1_35' title="bbox 965 3231 1823 3308; baseline 0.001 -17"><span class='ocrx_word' id='word_1_421' title='bbox 965 3233 1102 3308; x_wconf 89' lang='lat' dir='ltr'>prudens</span> <span class='ocrx_word' id='word_1_422' title='bbox 1118 3246 1220 3292; x_wconf 86' lang='lat' dir='ltr'>rerum</span> <span class='ocrx_word' id='word_1_423' title='bbox 1235 3233 1421 3302; x_wconf 87' lang='lat' dir='ltr'>aestimator,</span> <span class='ocrx_word' id='word_1_424' title='bbox 1441 3238 1522 3292; x_wconf 89' lang='lat' dir='ltr'>tanto</span> <span class='ocrx_word' id='word_1_425' title='bbox 1538 3231 1695 3290; x_wconf 81' lang='lat' dir='ltr'>interuallo</span> <span class='ocrx_word' id='word_1_426' title='bbox 1709 3231 1823 3298; x_wconf 80' lang='lat' dir='ltr'>distme</span> 
     </span>
    </p>

    <p class='ocr_par' dir='ltr' id='par_1_16' title="bbox 54 3312 1871 5818">
     <span class='ocr_line' id='line_1_36' title="bbox 98 3312 1821 3394; baseline -0.001 -17"><span class='ocrx_word' id='word_1_427' title='bbox 98 3313 314 3394; x_wconf 75' lang='lat' dir='ltr'>Exposuimus</span> <span class='ocrx_word' id='word_1_428' title='bbox 329 3327 386 3390; x_wconf 89' lang='lat' dir='ltr'>pro</span> <span class='ocrx_word' id='word_1_429' title='bbox 402 3318 505 3375; x_wconf 80' lang='lat' dir='ltr'>nosne</span> <span class='ocrx_word' id='word_1_430' title='bbox 518 3312 762 3390; x_wconf 81' lang='lat' dir='ltr'>tenuitateooae</span> <span class='ocrx_word' id='word_1_431' title='bbox 774 3312 836 3372; x_wconf 91' lang='lat' dir='ltr'>sint</span> <span class='ocrx_word' id='word_1_432' title='bbox 847 3326 919 3390; x_wconf 86' lang='lat' dir='ltr'>gau·</span> <span class='ocrx_word' id='word_1_433' title='bbox 966 3317 1087 3378; x_wconf 90' lang='lat' dir='ltr'>censuit</span> <span class='ocrx_word' id='word_1_434' title='bbox 1103 3321 1222 3376; x_wconf 88' lang='lat' dir='ltr'>terrena</span> <span class='ocrx_word' id='word_1_435' title='bbox 1238 3331 1453 3394; x_wconf 82' lang='lat' dir='ltr'>quaecumque</span> <span class='ocrx_word' id='word_1_436' title='bbox 1467 3316 1576 3394; x_wconf 91' lang='lat' dir='ltr'>gaudia</span> <span class='ocrx_word' id='word_1_437' title='bbox 1590 3329 1606 3374; x_wconf 91' lang='lat' dir='ltr'>a</span> <span class='ocrx_word' id='word_1_438' title='bbox 1620 3313 1821 3386; x_wconf 88' lang='lat' dir='ltr'>caelestibus,</span> 
     </span>
     <span class='ocr_line' id='line_1_37' title="bbox 54 3395 1821 3476; baseline -0.001 -16"><span class='ocrx_word' id='word_1_439' title='bbox 54 3397 107 3460; x_wconf 86' lang='lat' dir='ltr'>dia</span> <span class='ocrx_word' id='word_1_440' title='bbox 125 3405 304 3476; x_wconf 86' lang='lat' dir='ltr'>praeparata</span> <span class='ocrx_word' id='word_1_441' title='bbox 321 3397 353 3458; x_wconf 91' lang='lat' dir='ltr'>in</span> <span class='ocrx_word' id='word_1_442' title='bbox 368 3396 456 3459; x_wconf 87' lang='lat' dir='ltr'>caelo</span> <span class='ocrx_word' id='word_1_443' title='bbox 478 3397 541 3468; x_wconf 89' lang='lat' dir='ltr'>iis,</span> <span class='ocrx_word' id='word_1_444' title='bbox 565 3397 616 3476; x_wconf 85' lang='lat' dir='ltr'>qui</span> <span class='ocrx_word' id='word_1_445' title='bbox 640 3395 771 3476; x_wconf 88' lang='lat' dir='ltr'>diliguat</span> <span class='ocrx_word' id='word_1_446' title='bbox 795 3395 917 3456; x_wconf 85' lang='lat' dir='ltr'>Deum:</span> <span class='ocrx_word' id='word_1_447' title='bbox 964 3409 997 3460; x_wconf 92' lang='lat' dir='ltr'>ut</span> <span class='ocrx_word' id='word_1_448' title='bbox 1013 3397 1162 3459; x_wconf 89' lang='lat' dir='ltr'>alllrmare</span> <span class='ocrx_word' id='word_1_449' title='bbox 1180 3415 1240 3458; x_wconf 91' lang='lat' dir='ltr'>non</span> <span class='ocrx_word' id='word_1_450' title='bbox 1265 3399 1471 3471; x_wconf 82' lang='lat' dir='ltr'>dubitaverit,</span> <span class='ocrx_word' id='word_1_451' title='bbox 1495 3397 1663 3471; x_wconf 88' lang='lat' dir='ltr'>optabilius</span> <span class='ocrx_word' id='word_1_452' title='bbox 1690 3413 1760 3458; x_wconf 89' lang='lat' dir='ltr'>esse</span> <span class='ocrx_word' id='word_1_453' title='bbox 1783 3397 1821 3458; x_wconf 92' lang='lat' dir='ltr'>ad</span> 
     </span>
     <span class='ocr_line' id='line_1_38' title="bbox 56 3479 1822 3559; baseline -0.002 -15"><span class='ocrx_word' id='word_1_454' title='bbox 56 3497 145 3544; x_wconf 83' lang='lat' dir='ltr'>nunc</span> <span class='ocrx_word' id='word_1_455' title='bbox 160 3488 272 3558; x_wconf 79' lang='lat' dir='ltr'>quanta</span> <span class='ocrx_word' id='word_1_456' title='bbox 287 3479 361 3556; x_wconf 89' lang='lat' dir='ltr'>sint,</span> <span class='ocrx_word' id='word_1_457' title='bbox 378 3483 569 3559; x_wconf 76' lang='lat' dir='ltr'>argumentis</span> <span class='ocrx_word' id='word_1_458' title='bbox 582 3480 765 3554; x_wconf 80' lang='lat' dir='ltr'>quibusdam</span> <span class='ocrx_word' id='word_1_459' title='bbox 783 3479 918 3540; x_wconf 85' lang='lat' dir='ltr'>externis</span> <span class='ocrx_word' id='word_1_460' title='bbox 964 3499 1055 3542; x_wconf 90' lang='lat' dir='ltr'>unam</span> <span class='ocrx_word' id='word_1_461' title='bbox 1072 3482 1169 3542; x_wconf 86' lang='lat' dir='ltr'>solam</span> <span class='ocrx_word' id='word_1_462' title='bbox 1186 3483 1267 3541; x_wconf 89' lang='lat' dir='ltr'>diem</span> <span class='ocrx_word' id='word_1_463' title='bbox 1284 3482 1342 3544; x_wconf 90' lang='lat' dir='ltr'>lrui</span> <span class='ocrx_word' id='word_1_464' title='bbox 1359 3480 1546 3543; x_wconf 88' lang='lat' dir='ltr'>caelestibus</span> <span class='ocrx_word' id='word_1_465' title='bbox 1569 3481 1714 3558; x_wconf 84' lang='lat' dir='ltr'>gaudiis,</span> <span class='ocrx_word' id='word_1_466' title='bbox 1731 3497 1822 3559; x_wconf 84' lang='lat' dir='ltr'>quam</span> 
     </span>
     <span class='ocr_line' id='line_1_39' title="bbox 57 3563 1822 3643; baseline -0.002 -15"><span class='ocrx_word' id='word_1_467' title='bbox 57 3567 276 3628; x_wconf 89' lang='lat' dir='ltr'>demonstrare</span> <span class='ocrx_word' id='word_1_468' title='bbox 291 3563 485 3638; x_wconf 88' lang='lat' dir='ltr'>conabimur,</span> <span class='ocrx_word' id='word_1_469' title='bbox 507 3581 544 3626; x_wconf 90' lang='lat' dir='ltr'>ac</span> <span class='ocrx_word' id='word_1_470' title='bbox 559 3566 692 3641; x_wconf 92' lang='lat' dir='ltr'>primurn</span> <span class='ocrx_word' id='word_1_471' title='bbox 710 3577 747 3624; x_wconf 83' lang='lat' dir='ltr'>ex</span> <span class='ocrx_word' id='word_1_472' title='bbox 762 3577 918 3639; x_wconf 90' lang='lat' dir='ltr'>compara·</span> <span class='ocrx_word' id='word_1_473' title='bbox 964 3566 1109 3626; x_wconf 87' lang='lat' dir='ltr'>omnibus</span> <span class='ocrx_word' id='word_1_474' title='bbox 1126 3565 1231 3625; x_wconf 89' lang='lat' dir='ltr'>mundi</span> <span class='ocrx_word' id='word_1_475' title='bbox 1248 3566 1369 3643; x_wconf 87' lang='lat' dir='ltr'>gaudiis</span> <span class='ocrx_word' id='word_1_476' title='bbox 1385 3564 1442 3626; x_wconf 87' lang='lat' dir='ltr'>troi</span> <span class='ocrx_word' id='word_1_477' title='bbox 1461 3575 1516 3642; x_wconf 86' lang='lat' dir='ltr'>per</span> <span class='ocrx_word' id='word_1_478' title='bbox 1532 3565 1625 3625; x_wconf 90' lang='lat' dir='ltr'>multa</span> <span class='ocrx_word' id='word_1_479' title='bbox 1644 3563 1739 3624; x_wconf 90' lang='lat' dir='ltr'>miliia</span> <span class='ocrx_word' id='word_1_480' title='bbox 1756 3580 1822 3625; x_wconf 87' lang='lat' dir='ltr'>sae-</span> 
     </span>
     <span class='ocr_line' id='line_1_40' title="bbox 57 3646 1826 3728; baseline -0.002 -16"><span class='ocrx_word' id='word_1_481' title='bbox 57 3651 145 3712; x_wconf 84' lang='lat' dir='ltr'>tlcne</span> <span class='ocrx_word' id='word_1_482' title='bbox 160 3647 369 3728; x_wconf 81' lang='lat' dir='ltr'>gaudiorum,</span> <span class='ocrx_word' id='word_1_483' title='bbox 392 3663 472 3726; x_wconf 84' lang='lat' dir='ltr'>quae</span> <span class='ocrx_word' id='word_1_484' title='bbox 489 3648 572 3710; x_wconf 87' lang='lat' dir='ltr'>Deus</span> <span class='ocrx_word' id='word_1_485' title='bbox 593 3646 729 3710; x_wconf 89' lang='lat' dir='ltr'>inimicis</span> <span class='ocrx_word' id='word_1_486' title='bbox 744 3646 811 3707; x_wconf 91' lang='lat' dir='ltr'>suis</span> <span class='ocrx_word' id='word_1_487' title='bbox 828 3653 857 3705; x_wconf 89' lang='lat' dir='ltr'>et</span> <span class='ocrx_word' id='word_1_488' title='bbox 873 3660 917 3706; x_wconf 90' lang='lat' dir='ltr'>re·</span> <span class='ocrx_word' id='word_1_489' title='bbox 964 3650 1116 3710; x_wconf 88' lang='lat' dir='ltr'>colorum:</span> <span class='ocrx_word' id='word_1_490' title='bbox 1135 3655 1229 3722; x_wconf 83' lang='lat' dir='ltr'>atoue</span> <span class='ocrx_word' id='word_1_491' title='bbox 1244 3649 1320 3708; x_wconf 88' lang='lat' dir='ltr'>haec</span> <span class='ocrx_word' id='word_1_492' title='bbox 1336 3658 1408 3710; x_wconf 91' lang='lat' dir='ltr'>sunt</span> <span class='ocrx_word' id='word_1_493' title='bbox 1432 3649 1499 3710; x_wconf 89' lang='lat' dir='ltr'>eius</span> <span class='ocrx_word' id='word_1_494' title='bbox 1521 3649 1637 3710; x_wconf 86' lang='lat' dir='ltr'>rerba:</span> <span class='ocrx_word' id='word_1_495' title='bbox 1658 3648 1758 3709; x_wconf 79' lang='lat' dir='ltr'>lanto</span> <span class='ocrx_word' id='word_1_496' title='bbox 1780 3655 1826 3710; x_wconf 82' lang='lat' dir='ltr'>est</span> 
     </span>
     <span class='ocr_line' id='line_1_41' title="bbox 57 3729 1826 3812; baseline -0.001 -18"><span class='ocrx_word' id='word_1_497' title='bbox 57 3733 170 3812; x_wconf 88' lang='lat' dir='ltr'>probis</span> <span class='ocrx_word' id='word_1_498' title='bbox 186 3734 215 3792; x_wconf 92' lang='lat' dir='ltr'>in</span> <span class='ocrx_word' id='word_1_499' title='bbox 234 3734 292 3794; x_wconf 88' lang='lat' dir='ltr'>bac</span> <span class='ocrx_word' id='word_1_500' title='bbox 305 3731 364 3792; x_wconf 87' lang='lat' dir='ltr'>rita</span> <span class='ocrx_word' id='word_1_501' title='bbox 380 3746 606 3805; x_wconf 87' lang='lat' dir='ltr'>saepenumero</span> <span class='ocrx_word' id='word_1_502' title='bbox 624 3729 780 3793; x_wconf 76' lang='lat' dir='ltr'>tribuitbt</span> <span class='ocrx_word' id='word_1_503' title='bbox 796 3729 918 3804; x_wconf 80' lang='lat' dir='ltr'>cuidem</span> <span class='ocrx_word' id='word_1_504' title='bbox 963 3732 1153 3794; x_wconf 81' lang='lat' dir='ltr'>iucunditas</span> <span class='ocrx_word' id='word_1_505' title='bbox 1170 3733 1251 3793; x_wconf 82' lang='lat' dir='ltr'>lucis</span> <span class='ocrx_word' id='word_1_506' title='bbox 1268 3737 1473 3800; x_wconf 78' lang='lat' dir='ltr'>ncternnemt</span> <span class='ocrx_word' id='word_1_507' title='bbox 1488 3733 1700 3796; x_wconf 86' lang='lat' dir='ltr'>etiamsinon</span> <span class='ocrx_word' id='word_1_508' title='bbox 1716 3732 1826 3794; x_wconf 85' lang='lat' dir='ltr'>liceret</span> 
     </span>
     <span class='ocr_line' id='line_1_42' title="bbox 60 3812 1824 3894; baseline -0.002 -14"><span class='ocrx_word' id='word_1_509' title='bbox 60 3822 143 3880; x_wconf 84' lang='lat' dir='ltr'>tanta</span> <span class='ocrx_word' id='word_1_510' title='bbox 161 3819 235 3878; x_wconf 85' lang='lat' dir='ltr'>suot</span> <span class='ocrx_word' id='word_1_511' title='bbox 248 3816 358 3893; x_wconf 88' lang='lat' dir='ltr'>gandia</span> <span class='ocrx_word' id='word_1_512' title='bbox 373 3814 404 3876; x_wconf 91' lang='lat' dir='ltr'>in</span> <span class='ocrx_word' id='word_1_513' title='bbox 417 3813 530 3876; x_wconf 84' lang='lat' dir='ltr'>divitiis</span> <span class='ocrx_word' id='word_1_514' title='bbox 545 3862 553 3891; x_wconf 90' lang='lat'>,</span> <span class='ocrx_word' id='word_1_515' title='bbox 571 3817 601 3876; x_wconf 94' lang='lat' dir='ltr'>in</span> <span class='ocrx_word' id='word_1_516' title='bbox 619 3813 802 3889; x_wconf 87' lang='lat' dir='ltr'>bonoribus,</span> <span class='ocrx_word' id='word_1_517' title='bbox 818 3812 849 3873; x_wconf 91' lang='lat' dir='ltr'>in</span> <span class='ocrx_word' id='word_1_518' title='bbox 867 3828 920 3890; x_wconf 71' lang='lat' dir='ltr'>po·¹</span> <span class='ocrx_word' id='word_1_519' title='bbox 965 3817 1108 3893; x_wconf 84' lang='lat' dir='ltr'>amplius</span> <span class='ocrx_word' id='word_1_520' title='bbox 1124 3817 1161 3875; x_wconf 89' lang='lat' dir='ltr'>in</span> <span class='ocrx_word' id='word_1_521' title='bbox 1177 3831 1216 3876; x_wconf 91' lang='lat' dir='ltr'>eu</span> <span class='ocrx_word' id='word_1_522' title='bbox 1231 3831 1365 3877; x_wconf 85' lang='lat' dir='ltr'>monere</span> <span class='ocrx_word' id='word_1_523' title='bbox 1382 3833 1481 3894; x_wconf 81' lang='lat' dir='ltr'>quom</span> <span class='ocrx_word' id='word_1_524' title='bbox 1496 3821 1596 3879; x_wconf 85' lang='lat' dir='ltr'>noina</span> <span class='ocrx_word' id='word_1_525' title='bbox 1619 3817 1686 3877; x_wconf 89' lang='lat' dir='ltr'>diei</span> <span class='ocrx_word' id='word_1_526' title='bbox 1708 3831 1801 3877; x_wconf 88' lang='lat' dir='ltr'>mora</span> <span class='ocrx_word' id='word_1_527' title='bbox 1811 3835 1824 3894; x_wconf 87' lang='grc'>,·</span> 
     </span>
     <span class='ocr_line' id='line_1_43' title="bbox 60 3895 1827 3976; baseline -0.001 -14"><span class='ocrx_word' id='word_1_528' title='bbox 60 3906 185 3976; x_wconf 89' lang='lat' dir='ltr'>testate,</span> <span class='ocrx_word' id='word_1_529' title='bbox 203 3899 235 3961; x_wconf 90' lang='lat' dir='ltr'>io</span> <span class='ocrx_word' id='word_1_530' title='bbox 251 3898 461 3975; x_wconf 82' lang='lat' dir='ltr'>uoluptatibus</span> <span class='ocrx_word' id='word_1_531' title='bbox 475 3898 590 3972; x_wconf 85' lang='lat' dir='ltr'>variis,</span> <span class='ocrx_word' id='word_1_532' title='bbox 614 3913 691 3975; x_wconf 85' lang='lat' dir='ltr'>quae</span> <span class='ocrx_word' id='word_1_533' title='bbox 718 3897 801 3959; x_wconf 88' lang='lat' dir='ltr'>Deus</span> <span class='ocrx_word' id='word_1_534' title='bbox 816 3895 922 3957; x_wconf 87' lang='lat' dir='ltr'>tribuit</span> <span class='ocrx_word' id='word_1_535' title='bbox 964 3907 1097 3976; x_wconf 85' lang='lat' dir='ltr'>propter</span> <span class='ocrx_word' id='word_1_536' title='bbox 1108 3897 1167 3959; x_wconf 89' lang='lat' dir='ltr'>boc</span> <span class='ocrx_word' id='word_1_537' title='bbox 1178 3897 1283 3961; x_wconf 88' lang='lat' dir='ltr'>solnm</span> <span class='ocrx_word' id='word_1_538' title='bbox 1294 3899 1748 3962; x_wconf 78' lang='lat' dir='ltr'>innrcmcrobiimnnnlbnias</span> <span class='ocrx_word' id='word_1_539' title='bbox 1759 3901 1827 3961; x_wconf 90' lang='lat' dir='ltr'>uita</span> 
     </span>
     <span class='ocr_line' id='line_1_44' title="bbox 60 3980 1827 4062; baseline 0 -17"><span class='ocrx_word' id='word_1_540' title='bbox 60 3982 292 4062; x_wconf 81' lang='lat' dir='ltr'>peccatoribus,</span> <span class='ocrx_word' id='word_1_541' title='bbox 309 3981 446 4043; x_wconf 90' lang='lat' dir='ltr'>inimicis</span> <span class='ocrx_word' id='word_1_542' title='bbox 461 3980 539 4052; x_wconf 85' lang='lat' dir='ltr'>suis,</span> <span class='ocrx_word' id='word_1_543' title='bbox 557 3997 627 4043; x_wconf 92' lang='lat' dir='ltr'>eum</span> <span class='ocrx_word' id='word_1_544' title='bbox 642 3981 689 4042; x_wconf 87' lang='lat' dir='ltr'>rei</span> <span class='ocrx_word' id='word_1_545' title='bbox 704 3981 922 4056; x_wconf 84' lang='lat' dir='ltr'>blaspbeman·</span> <span class='ocrx_word' id='word_1_546' title='bbox 965 3984 1056 4060; x_wconf 88' lang='lat' dir='ltr'>pleni</span> <span class='ocrx_word' id='word_1_547' title='bbox 1070 3982 1195 4043; x_wconf 82' lang='lat' dir='ltr'>deliciis</span> <span class='ocrx_word' id='word_1_548' title='bbox 1211 3990 1240 4045; x_wconf 90' lang='lat' dir='ltr'>et</span> <span class='ocrx_word' id='word_1_549' title='bbox 1254 3983 1516 4061; x_wconf 67' lang='lat' dir='ltr'>circumfluentia</span> <span class='ocrx_word' id='word_1_550' title='bbox 1532 3985 1759 4062; x_wconf 84' lang='lat' dir='ltr'>temporalium</span> <span class='ocrx_word' id='word_1_551' title='bbox 1775 3982 1827 4045; x_wconf 91' lang='lat' dir='ltr'>bo-</span> 
     </span>
     <span class='ocr_line' id='line_1_45' title="bbox 60 4061 1827 4146; baseline -0.001 -17"><span class='ocrx_word' id='word_1_552' title='bbox 60 4067 160 4134; x_wconf 83' lang='lat' dir='ltr'>dnos.</span> <span class='ocrx_word' id='word_1_553' title='bbox 177 4066 224 4128; x_wconf 84' lang='lat' dir='ltr'>rel</span> <span class='ocrx_word' id='word_1_554' title='bbox 240 4066 272 4127; x_wconf 91' lang='lat' dir='ltr'>iu</span> <span class='ocrx_word' id='word_1_555' title='bbox 288 4080 359 4127; x_wconf 88' lang='lat' dir='ltr'>eom</span> <span class='ocrx_word' id='word_1_556' title='bbox 374 4075 437 4126; x_wconf 73' lang='lat' dir='ltr'>&#39;noa</span> <span class='ocrx_word' id='word_1_557' title='bbox 454 4065 703 4139; x_wconf 87' lang='lat' dir='ltr'>credentibus,ut</span> <span class='ocrx_word' id='word_1_558' title='bbox 716 4063 795 4124; x_wconf 90' lang='lat' dir='ltr'>beati</span> <span class='ocrx_word' id='word_1_559' title='bbox 808 4063 872 4124; x_wconf 87' lang='lat' dir='ltr'>iera</span> <span class='ocrx_word' id='word_1_560' title='bbox 884 4061 922 4125; x_wconf 89' lang='lat' dir='ltr'>ab</span> <span class='ocrx_word' id='word_1_561' title='bbox 966 4081 1086 4128; x_wconf 80' lang='lat' dir='ltr'>noram</span> <span class='ocrx_word' id='word_1_562' title='bbox 1102 4113 1108 4132; x_wconf 86' lang='grc'>,</span> <span class='ocrx_word' id='word_1_563' title='bbox 1124 4071 1209 4128; x_wconf 86' lang='lat' dir='ltr'>recte</span> <span class='ocrx_word' id='word_1_564' title='bbox 1235 4069 1414 4146; x_wconf 87' lang='lat' dir='ltr'>meritoque</span> <span class='ocrx_word' id='word_1_565' title='bbox 1437 4073 1720 4130; x_wconf 83' lang='lat' dir='ltr'>contemnerentur</span> <span class='ocrx_word' id='word_1_566' title='bbox 1734 4082 1827 4146; x_wconf 83' lang='lat' dir='ltr'>;·non</span> 
     </span>
     <span class='ocr_line' id='line_1_46' title="bbox 60 4147 1829 4231; baseline -0.002 -17"><span class='ocrx_word' id='word_1_567' title='bbox 60 4150 210 4214; x_wconf 84' lang='lat' dir='ltr'>omnibus</span> <span class='ocrx_word' id='word_1_568' title='bbox 227 4148 413 4210; x_wconf 87' lang='lat' dir='ltr'>indicentur.</span> <span class='ocrx_word' id='word_1_569' title='bbox 428 4147 576 4224; x_wconf 86' lang='lat' dir='ltr'>Beatum,</span> <span class='ocrx_word' id='word_1_570' title='bbox 593 4149 692 4224; x_wconf 80' lang='lat' dir='ltr'>innuit</span> <span class='ocrx_word' id='word_1_571' title='bbox 707 4147 922 4218; x_wconf 40' lang='lat' dir='ltr'>erupuerunt-1</span> <span class='ocrx_word' id='word_1_572' title='bbox 969 4153 1055 4212; x_wconf 85' lang='lat' dir='ltr'>emim</span> <span class='ocrx_word' id='word_1_573' title='bbox 1070 4149 1152 4225; x_wconf 74' lang='lat' dir='ltr'>falso</span> <span class='ocrx_word' id='word_1_574' title='bbox 1168 4167 1206 4210; x_wconf 91' lang='lat' dir='ltr'>oc</span> <span class='ocrx_word' id='word_1_575' title='bbox 1219 4167 1321 4227; x_wconf 87' lang='lat' dir='ltr'>paruo</span> <span class='ocrx_word' id='word_1_576' title='bbox 1337 4149 1454 4231; x_wconf 78' lang='lat' dir='ltr'>affectu</span> <span class='ocrx_word' id='word_1_577' title='bbox 1474 4153 1596 4213; x_wconf 83' lang='lat' dir='ltr'>dictum</span> <span class='ocrx_word' id='word_1_578' title='bbox 1619 4159 1690 4211; x_wconf 86' lang='lat' dir='ltr'>eat:</span> <span class='ocrx_word' id='word_1_579' title='bbox 1717 4149 1829 4213; x_wconf 80' lang='lat' dir='ltr'>Melior</span> 
     </span>
     <span class='ocr_line' id='line_1_47' title="bbox 59 4226 1826 4314; baseline -0.002 -17"><span class='ocrx_word' id='word_1_580' title='bbox 59 4233 382 4312; x_wconf 67' lang='lat' dir='ltr'>concorporantem,</span> <span class='ocrx_word' id='word_1_581' title='bbox 405 4234 460 4294; x_wconf 84' lang='lat' dir='ltr'>ctti</span> <span class='ocrx_word' id='word_1_582' title='bbox 481 4231 561 4293; x_wconf 86' lang='lat' dir='ltr'>boec</span> <span class='ocrx_word' id='word_1_583' title='bbox 575 4237 662 4294; x_wconf 85' lang='lat' dir='ltr'>aunt.</span> <span class='ocrx_word' id='word_1_584' title='bbox 684 4226 818 4314; x_wconf 84' lang='lat' dir='ltr'>(Penim.</span> <span class='ocrx_word' id='word_1_585' title='bbox 838 4229 922 4308; x_wconf 78' lang='lat' dir='ltr'>lid.)</span> <span class='ocrx_word' id='word_1_586' title='bbox 970 4240 1015 4294; x_wconf 86' lang='lat' dir='ltr'>eat</span> <span class='ocrx_word' id='word_1_587' title='bbox 1031 4235 1099 4295; x_wconf 85' lang='lat' dir='ltr'>dies</span> <span class='ocrx_word' id='word_1_588' title='bbox 1115 4249 1184 4294; x_wconf 83' lang='lat' dir='ltr'>aaa</span> <span class='ocrx_word' id='word_1_589' title='bbox 1199 4235 1236 4294; x_wconf 88' lang='lat' dir='ltr'>in</span> <span class='ocrx_word' id='word_1_590' title='bbox 1252 4235 1347 4296; x_wconf 85' lang='lat' dir='ltr'>otrr&#39;is</span> <span class='ocrx_word' id='word_1_591' title='bbox 1364 4236 1426 4295; x_wconf 84' lang='lat' dir='ltr'>tuis</span> <span class='ocrx_word' id='word_1_592' title='bbox 1442 4251 1540 4312; x_wconf 86' lang='lat' dir='ltr'>snper</span> <span class='ocrx_word' id='word_1_593' title='bbox 1561 4235 1679 4295; x_wconf 82' lang='lat' dir='ltr'>millia.</span> <span class='ocrx_word' id='word_1_594' title='bbox 1696 4231 1754 4314; x_wconf 85' lang='lat' dir='ltr'>(lle</span> <span class='ocrx_word' id='word_1_595' title='bbox 1770 4234 1826 4295; x_wconf 89' lang='lat' dir='ltr'>lib.</span> 
     </span>
     <span class='ocr_line' id='line_1_48' title="bbox 61 4314 1828 4397; baseline -0.001 -19"><span class='ocrx_word' id='word_1_596' title='bbox 61 4317 140 4391; x_wconf 82' lang='lat' dir='ltr'>Quis</span> <span class='ocrx_word' id='word_1_597' title='bbox 153 4333 191 4379; x_wconf 83' lang='lat' dir='ltr'>er</span> <span class='ocrx_word' id='word_1_598' title='bbox 206 4315 394 4377; x_wconf 86' lang='lat' dir='ltr'>amatoribus</span> <span class='ocrx_word' id='word_1_599' title='bbox 410 4315 503 4376; x_wconf 91' lang='lat' dir='ltr'>buius</span> <span class='ocrx_word' id='word_1_600' title='bbox 518 4316 633 4377; x_wconf 82' lang='lat' dir='ltr'>saeculi</span> <span class='ocrx_word' id='word_1_601' title='bbox 652 4331 712 4376; x_wconf 91' lang='lat' dir='ltr'>non</span> <span class='ocrx_word' id='word_1_602' title='bbox 726 4315 859 4376; x_wconf 86' lang='lat' dir='ltr'>inrideat</span> <span class='ocrx_word' id='word_1_603' title='bbox 870 4314 923 4375; x_wconf 86' lang='lat' dir='ltr'>Sa·</span> <span class='ocrx_word' id='word_1_604' title='bbox 969 4319 1104 4379; x_wconf 85' lang='lat' dir='ltr'>arbitrio</span> <span class='ocrx_word' id='word_1_605' title='bbox 1121 4317 1175 4377; x_wconf 89' lang='lat' dir='ltr'>lib.</span> <span class='ocrx_word' id='word_1_606' title='bbox 1193 4315 1224 4378; x_wconf 84' lang='lat'>3.</span> <span class='ocrx_word' id='word_1_607' title='bbox 1238 4319 1450 4397; x_wconf 74' lang='lat' dir='ltr'>copulam.)</span> <span class='ocrx_word' id='word_1_608' title='bbox 1468 4319 1544 4390; x_wconf 82' lang='lat' dir='ltr'>Quid</span> <span class='ocrx_word' id='word_1_609' title='bbox 1563 4317 1612 4377; x_wconf 90' lang='lat' dir='ltr'>bic</span> <span class='ocrx_word' id='word_1_610' title='bbox 1625 4317 1781 4378; x_wconf 84' lang='lat' dir='ltr'>dicemus?</span> <span class='ocrx_word' id='word_1_611' title='bbox 1797 4316 1828 4381; x_wconf 89' lang='lat' dir='ltr'>Sl</span> 
     </span>
     <span class='ocr_line' id='line_1_49' title="bbox 61 4398 1828 4477; baseline -0.001 -15"><span class='ocrx_word' id='word_1_612' title='bbox 61 4400 195 4469; x_wconf 83' lang='lat' dir='ltr'>lomoni.</span> <span class='ocrx_word' id='word_1_613' title='bbox 214 4399 268 4473; x_wconf 81' lang='lat' dir='ltr'>cui</span> <span class='ocrx_word' id='word_1_614' title='bbox 283 4400 482 4477; x_wconf 81' lang='lat' dir='ltr'>quadraginta</span> <span class='ocrx_word' id='word_1_615' title='bbox 499 4400 588 4460; x_wconf 89' lang='lat' dir='ltr'>annis</span> <span class='ocrx_word' id='word_1_616' title='bbox 604 4400 785 4477; x_wconf 71' lang='lat' dir='ltr'>reguariter</span> <span class='ocrx_word' id='word_1_617' title='bbox 798 4398 922 4468; x_wconf 83' lang='lat' dir='ltr'>dtrtttts,</span> <span class='ocrx_word' id='word_1_618' title='bbox 969 4403 1026 4462; x_wconf 89' lang='lat' dir='ltr'>ista</span> <span class='ocrx_word' id='word_1_619' title='bbox 1044 4415 1112 4460; x_wconf 84' lang='lat' dir='ltr'>vera</span> <span class='ocrx_word' id='word_1_620' title='bbox 1129 4407 1201 4461; x_wconf 90' lang='lat' dir='ltr'>suut</span> <span class='ocrx_word' id='word_1_621' title='bbox 1216 4447 1223 4475; x_wconf 81' lang='lat'>,</span> <span class='ocrx_word' id='word_1_622' title='bbox 1239 4410 1271 4462; x_wconf 92' lang='lat' dir='ltr'>ut</span> <span class='ocrx_word' id='word_1_623' title='bbox 1289 4399 1361 4462; x_wconf 85' lang='lat' dir='ltr'>s&#39;uut</span> <span class='ocrx_word' id='word_1_624' title='bbox 1376 4401 1502 4462; x_wconf 92' lang='lat' dir='ltr'>omniuo</span> <span class='ocrx_word' id='word_1_625' title='bbox 1518 4399 1700 4472; x_wconf 81' lang='lat' dir='ltr'>serissima,</span> <span class='ocrx_word' id='word_1_626' title='bbox 1725 4416 1828 4462; x_wconf 89' lang='lat' dir='ltr'>nonne</span> 
     </span>
     <span class='ocr_line' id='line_1_50' title="bbox 63 4481 1830 4566; baseline -0.001 -19"><span class='ocrx_word' id='word_1_627' title='bbox 63 4492 94 4547; x_wconf 83' lang='lat' dir='ltr'>et</span> <span class='ocrx_word' id='word_1_628' title='bbox 110 4483 236 4545; x_wconf 84' lang='lat' dir='ltr'>deliciis</span> <span class='ocrx_word' id='word_1_629' title='bbox 252 4481 399 4544; x_wconf 90' lang='lat' dir='ltr'>omnibus</span> <span class='ocrx_word' id='word_1_630' title='bbox 414 4483 580 4545; x_wconf 84' lang='lat' dir='ltr'>abundavit</span> <span class='ocrx_word' id='word_1_631' title='bbox 595 4528 602 4553; x_wconf 88' lang='lat'>,</span> <span class='ocrx_word' id='word_1_632' title='bbox 619 4491 649 4542; x_wconf 91' lang='lat' dir='ltr'>et</span> <span class='ocrx_word' id='word_1_633' title='bbox 664 4481 876 4559; x_wconf 89' lang='lat' dir='ltr'>septingentas</span> <span class='ocrx_word' id='word_1_634' title='bbox 892 4497 922 4540; x_wconf 92' lang='lat' dir='ltr'>u·</span> <span class='ocrx_word' id='word_1_635' title='bbox 970 4499 1101 4559; x_wconf 82' lang='lat' dir='ltr'>aequum</span> <span class='ocrx_word' id='word_1_636' title='bbox 1119 4491 1214 4559; x_wconf 90' lang='lat' dir='ltr'>esset,</span> <span class='ocrx_word' id='word_1_637' title='bbox 1231 4488 1264 4545; x_wconf 92' lang='lat' dir='ltr'>ut</span> <span class='ocrx_word' id='word_1_638' title='bbox 1279 4484 1443 4566; x_wconf 89' lang='lat' dir='ltr'>aliquando</span> <span class='ocrx_word' id='word_1_639' title='bbox 1458 4500 1568 4560; x_wconf 86' lang='lat' dir='ltr'>sapere</span> <span class='ocrx_word' id='word_1_640' title='bbox 1592 4485 1830 4563; x_wconf 73' lang='lat' dir='ltr'>inciperemus?</span> 
     </span>
     <span class='ocr_line' id='line_1_51' title="bbox 60 4564 1829 4644; baseline 0.001 -14"><span class='ocrx_word' id='word_1_641' title='bbox 60 4583 171 4641; x_wconf 81' lang='lat' dir='ltr'>norea,</span> <span class='ocrx_word' id='word_1_642' title='bbox 185 4573 216 4628; x_wconf 87' lang='lat' dir='ltr'>et</span> <span class='ocrx_word' id='word_1_643' title='bbox 232 4564 424 4628; x_wconf 90' lang='lat' dir='ltr'>concubinas</span> <span class='ocrx_word' id='word_1_644' title='bbox 440 4572 593 4628; x_wconf 90' lang='lat' dir='ltr'>trecentas</span> <span class='ocrx_word' id='word_1_645' title='bbox 608 4564 728 4640; x_wconf 82' lang='lat' dir='ltr'>babuit3</span> <span class='ocrx_word' id='word_1_646' title='bbox 745 4566 796 4641; x_wconf 84' lang='lat' dir='ltr'>oui</span> <span class='ocrx_word' id='word_1_647' title='bbox 810 4573 923 4632; x_wconf 79' lang='lat' dir='ltr'>tamen,</span> <span class='ocrx_word' id='word_1_648' title='bbox 970 4567 1140 4644; x_wconf 86' lang='lat' dir='ltr'>Hucusque</span> <span class='ocrx_word' id='word_1_649' title='bbox 1156 4568 1260 4628; x_wconf 87' lang='lat' dir='ltr'>dicere</span> <span class='ocrx_word' id='word_1_650' title='bbox 1276 4567 1358 4629; x_wconf 89' lang='lat' dir='ltr'>soliti</span> <span class='ocrx_word' id='word_1_651' title='bbox 1375 4585 1495 4640; x_wconf 89' lang='lat' dir='ltr'>sumus,</span> <span class='ocrx_word' id='word_1_652' title='bbox 1513 4569 1740 4629; x_wconf 89' lang='lat' dir='ltr'>contemnenda</span> <span class='ocrx_word' id='word_1_653' title='bbox 1757 4583 1829 4631; x_wconf 86' lang='lat' dir='ltr'>csse</span> 
     </span>
     <span class='ocr_line' id='line_1_52' title="bbox 60 4647 1828 4728; baseline 0 -15"><span class='ocrx_word' id='word_1_654' title='bbox 60 4667 101 4713; x_wconf 82' lang='lat' dir='ltr'>ex</span> <span class='ocrx_word' id='word_1_655' title='bbox 117 4652 278 4712; x_wconf 88' lang='lat' dir='ltr'>sententia</span> <span class='ocrx_word' id='word_1_656' title='bbox 294 4648 581 4725; x_wconf 73' lang='lat' dir='ltr'>sancri‘itogosrint·</span> <span class='ocrx_word' id='word_1_657' title='bbox 597 4647 750 4725; x_wconf 88' lang='lat' dir='ltr'>reprobus</span> <span class='ocrx_word' id='word_1_658' title='bbox 772 4648 868 4710; x_wconf 84' lang='lat' dir='ltr'>tuisse</span> <span class='ocrx_word' id='word_1_659' title='bbox 884 4647 925 4707; x_wconf 91' lang='lat' dir='ltr'>ri·</span> <span class='ocrx_word' id='word_1_660' title='bbox 971 4651 1051 4712; x_wconf 77' lang='lat' dir='ltr'>burna</span> <span class='ocrx_word' id='word_1_661' title='bbox 1068 4655 1200 4722; x_wconf 84' lang='lat' dir='ltr'>terrena,</span> <span class='ocrx_word' id='word_1_662' title='bbox 1220 4650 1289 4727; x_wconf 86' lang='lat' dir='ltr'>quia</span> <span class='ocrx_word' id='word_1_663' title='bbox 1308 4657 1522 4712; x_wconf 88' lang='lat' dir='ltr'>momentanea</span> <span class='ocrx_word' id='word_1_664' title='bbox 1539 4659 1629 4727; x_wconf 81' lang='lat' dir='ltr'>sunt3</span> <span class='ocrx_word' id='word_1_665' title='bbox 1653 4658 1683 4714; x_wconf 88' lang='lat' dir='ltr'>et</span> <span class='ocrx_word' id='word_1_666' title='bbox 1699 4653 1828 4728; x_wconf 80' lang='lat' dir='ltr'>amantia</span> 
     </span>
     <span class='ocr_line' id='line_1_53' title="bbox 60 4731 1830 4812; baseline 0.001 -18"><span class='ocrx_word' id='word_1_667' title='bbox 60 4732 239 4796; x_wconf 69' lang='lat' dir='ltr'>detonsio</span> <span class='ocrx_word' id='word_1_668' title='bbox 261 4731 344 4793; x_wconf 87' lang='lat' dir='ltr'>enim</span> <span class='ocrx_word' id='word_1_669' title='bbox 373 4732 508 4809; x_wconf 86' lang='lat' dir='ltr'>loquitur</span> <span class='ocrx_word' id='word_1_670' title='bbox 532 4736 659 4793; x_wconf 89' lang='lat' dir='ltr'>sanctus</span> <span class='ocrx_word' id='word_1_671' title='bbox 682 4733 872 4811; x_wconf 85' lang='lat' dir='ltr'>Augustinus</span> <span class='ocrx_word' id='word_1_672' title='bbox 894 4731 923 4792; x_wconf 92' lang='lat' dir='ltr'>in</span> <span class='ocrx_word' id='word_1_673' title='bbox 971 4733 1214 4810; x_wconf 66' lang='lat' dir='ltr'>coelestianum</span> <span class='ocrx_word' id='word_1_674' title='bbox 1232 4737 1419 4812; x_wconf 89' lang='lat' dir='ltr'>sempiterna</span> <span class='ocrx_word' id='word_1_675' title='bbox 1442 4740 1536 4796; x_wconf 91' lang='lat' dir='ltr'>sunt:</span> <span class='ocrx_word' id='word_1_676' title='bbox 1560 4751 1643 4796; x_wconf 92' lang='lat' dir='ltr'>nunc</span> <span class='ocrx_word' id='word_1_677' title='bbox 1665 4737 1830 4810; x_wconf 88' lang='lat' dir='ltr'>audiamus</span> 
     </span>
     <span class='ocr_line' id='line_1_54' title="bbox 61 4813 1871 4894; baseline 0.001 -14"><span class='ocrx_word' id='word_1_678' title='bbox 61 4817 223 4888; x_wconf 66' lang='lat' dir='ltr'>Perimam</span> <span class='ocrx_word' id='word_1_679' title='bbox 239 4816 311 4893; x_wconf 84' lang='lat' dir='ltr'>lpse</span> <span class='ocrx_word' id='word_1_680' title='bbox 333 4813 490 4880; x_wconf 87' lang='lat' dir='ltr'>Salomon</span> <span class='ocrx_word' id='word_1_681' title='bbox 510 4815 687 4877; x_wconf 85' lang='lat' dir='ltr'>mulierum</span> <span class='ocrx_word' id='word_1_682' title='bbox 708 4815 924 4892; x_wconf 68' lang='lat' dir='ltr'>emarcescit,</span> <span class='ocrx_word' id='word_1_683' title='bbox 972 4817 1187 4894; x_wconf 80' lang='lat' dir='ltr'>augustinum,</span> <span class='ocrx_word' id='word_1_684' title='bbox 1204 4817 1368 4880; x_wconf 86' lang='lat' dir='ltr'>Ductorem</span> <span class='ocrx_word' id='word_1_685' title='bbox 1390 4817 1653 4894; x_wconf 90' lang='lat' dir='ltr'>sapientissimum</span> <span class='ocrx_word' id='word_1_686' title='bbox 1679 4815 1830 4882; x_wconf 86' lang='lat' dir='ltr'>affirman·</span> <span class='ocrx_word' id='word_1_687' title='bbox 1869 4829 1871 4834; x_wconf 82' lang='lat'>&#39;</span> 
     </span>
     <span class='ocr_line' id='line_1_55' title="bbox 60 4894 1829 4978; baseline 0.001 -15"><span class='ocrx_word' id='word_1_688' title='bbox 60 4910 90 4964; x_wconf 90' lang='lat' dir='ltr'>ct</span> <span class='ocrx_word' id='word_1_689' title='bbox 105 4899 302 4977; x_wconf 83' lang='lat' dir='ltr'>reprobatus</span> <span class='ocrx_word' id='word_1_690' title='bbox 323 4905 369 4961; x_wconf 83' lang='lat' dir='ltr'>eci</span> <span class='ocrx_word' id='word_1_691' title='bbox 383 4917 406 4960; x_wconf 90' lang='lat' dir='ltr'>a</span> <span class='ocrx_word' id='word_1_692' title='bbox 419 4901 495 4962; x_wconf 77' lang='lat' dir='ltr'>beo.</span> <span class='ocrx_word' id='word_1_693' title='bbox 519 4897 620 4978; x_wconf 81' lang='lat' dir='ltr'>(Psoi.</span> <span class='ocrx_word' id='word_1_694' title='bbox 637 4894 724 4978; x_wconf 73' lang='lat' dir='ltr'>teti.)</span> <span class='ocrx_word' id='word_1_695' title='bbox 747 4908 776 4959; x_wconf 94' lang='lat' dir='ltr'>et</span> <span class='ocrx_word' id='word_1_696' title='bbox 792 4901 822 4959; x_wconf 90' lang='lat' dir='ltr'>to</span> <span class='ocrx_word' id='word_1_697' title='bbox 838 4899 926 4960; x_wconf 91' lang='lat' dir='ltr'>libris</span> <span class='ocrx_word' id='word_1_698' title='bbox 973 4907 1052 4976; x_wconf 85' lang='lat' dir='ltr'>tem,</span> <span class='ocrx_word' id='word_1_699' title='bbox 1070 4900 1187 4961; x_wconf 90' lang='lat' dir='ltr'>etiamsi</span> <span class='ocrx_word' id='word_1_700' title='bbox 1212 4908 1334 4963; x_wconf 88' lang='lat' dir='ltr'>terrena</span> <span class='ocrx_word' id='word_1_701' title='bbox 1351 4909 1458 4964; x_wconf 88' lang='lat' dir='ltr'>essent</span> <span class='ocrx_word' id='word_1_702' title='bbox 1473 4904 1619 4978; x_wconf 90' lang='lat' dir='ltr'>aelerna,</span> <span class='ocrx_word' id='word_1_703' title='bbox 1639 4907 1668 4964; x_wconf 91' lang='lat' dir='ltr'>et</span> <span class='ocrx_word' id='word_1_704' title='bbox 1684 4903 1829 4966; x_wconf 86' lang='lat' dir='ltr'>coelestia</span> 
     </span>
     <span class='ocr_line' id='line_1_56' title="bbox 61 4979 1829 5064; baseline -0.001 -16"><span class='ocrx_word' id='word_1_705' title='bbox 61 4987 103 5048; x_wconf 89' lang='lat' dir='ltr'>de</span> <span class='ocrx_word' id='word_1_706' title='bbox 120 4982 250 5047; x_wconf 77' lang='lat' dir='ltr'>civitate</span> <span class='ocrx_word' id='word_1_707' title='bbox 270 4982 327 5044; x_wconf 86' lang='lat' dir='ltr'>Dei</span> <span class='ocrx_word' id='word_1_708' title='bbox 342 5028 351 5054; x_wconf 91' lang='lat'>,</span> <span class='ocrx_word' id='word_1_709' title='bbox 368 4985 407 5043; x_wconf 88' lang='lat' dir='ltr'>de</span> <span class='ocrx_word' id='word_1_710' title='bbox 423 4983 588 5046; x_wconf 90' lang='lat' dir='ltr'>Salomone</span> <span class='ocrx_word' id='word_1_711' title='bbox 604 4983 698 5052; x_wconf 89' lang='lat' dir='ltr'>dicit,</span> <span class='ocrx_word' id='word_1_712' title='bbox 722 4984 803 5058; x_wconf 85' lang='lat' dir='ltr'>quod</span> <span class='ocrx_word' id='word_1_713' title='bbox 827 4979 927 5043; x_wconf 86' lang='lat' dir='ltr'>Sallu·</span> <span class='ocrx_word' id='word_1_714' title='bbox 973 4990 1210 5060; x_wconf 88' lang='lat' dir='ltr'>momentanea,</span> <span class='ocrx_word' id='word_1_715' title='bbox 1239 4985 1341 5046; x_wconf 88' lang='lat' dir='ltr'>adbuc</span> <span class='ocrx_word' id='word_1_716' title='bbox 1364 4993 1448 5047; x_wconf 91' lang='lat' dir='ltr'>recto</span> <span class='ocrx_word' id='word_1_717' title='bbox 1471 4985 1585 5047; x_wconf 92' lang='lat' dir='ltr'>iudicio</span> <span class='ocrx_word' id='word_1_718' title='bbox 1611 4985 1829 5064; x_wconf 89' lang='lat' dir='ltr'>anteponenda</span> 
     </span>
     <span class='ocr_line' id='line_1_57' title="bbox 62 5065 1831 5148; baseline 0.002 -20"><span class='ocrx_word' id='word_1_719' title='bbox 62 5069 148 5132; x_wconf 87' lang='lat' dir='ltr'>stios</span> <span class='ocrx_word' id='word_1_720' title='bbox 160 5065 200 5128; x_wconf 88' lang='lat' dir='ltr'>de</span> <span class='ocrx_word' id='word_1_721' title='bbox 216 5065 358 5128; x_wconf 83' lang='lat' dir='ltr'>Catilina:</span> <span class='ocrx_word' id='word_1_722' title='bbox 382 5065 440 5128; x_wconf 86' lang='lat' dir='ltr'>llic</span> <span class='ocrx_word' id='word_1_723' title='bbox 462 5066 553 5129; x_wconf 81' lang='lat' dir='ltr'>boola</span> <span class='ocrx_word' id='word_1_724' title='bbox 573 5065 802 5127; x_wconf 78' lang='lat' dir='ltr'>initiia&#39;mutoa</span> <span class='ocrx_word' id='word_1_725' title='bbox 822 5067 929 5128; x_wconf 81' lang='lat' dir='ltr'>emitas</span> <span class='ocrx_word' id='word_1_726' title='bbox 976 5083 1047 5129; x_wconf 90' lang='lat' dir='ltr'>esse</span> <span class='ocrx_word' id='word_1_727' title='bbox 1064 5065 1195 5128; x_wconf 90' lang='lat' dir='ltr'>terrenis</span> <span class='ocrx_word' id='word_1_728' title='bbox 1211 5069 1368 5129; x_wconf 90' lang='lat' dir='ltr'>caelestia.</span> <span class='ocrx_word' id='word_1_729' title='bbox 1385 5067 1492 5132; x_wconf 90' lang='lat' dir='ltr'>Nonne</span> <span class='ocrx_word' id='word_1_730' title='bbox 1508 5068 1600 5148; x_wconf 89' lang='lat' dir='ltr'>igitur</span> <span class='ocrx_word' id='word_1_731' title='bbox 1615 5068 1748 5138; x_wconf 73' lang='lat' dir='ltr'>sardini</span> <span class='ocrx_word' id='word_1_732' title='bbox 1762 5085 1831 5132; x_wconf 89' lang='lat' dir='ltr'>cae·</span> 
     </span>
     <span class='ocr_line' id='line_1_58' title="bbox 59 5145 1831 5231; baseline 0.001 -17"><span class='ocrx_word' id='word_1_733' title='bbox 59 5151 195 5214; x_wconf 81' lang='lat' dir='ltr'>babuit.</span> <span class='ocrx_word' id='word_1_734' title='bbox 210 5147 312 5230; x_wconf 76' lang='lat' dir='ltr'>(bibe.</span> <span class='ocrx_word' id='word_1_735' title='bbox 329 5145 397 5230; x_wconf 86' lang='lat' dir='ltr'>li.)</span> <span class='ocrx_word' id='word_1_736' title='bbox 412 5148 555 5210; x_wconf 88' lang='lat' dir='ltr'>Sanctum</span> <span class='ocrx_word' id='word_1_737' title='bbox 579 5148 781 5223; x_wconf 79' lang='lat' dir='ltr'>angustinum</span> <span class='ocrx_word' id='word_1_738' title='bbox 803 5157 929 5210; x_wconf 83' lang='lat' dir='ltr'>secutus</span> <span class='ocrx_word' id='word_1_739' title='bbox 975 5151 1015 5222; x_wconf 90' lang='lat' dir='ltr'>ci,</span> <span class='ocrx_word' id='word_1_740' title='bbox 1032 5156 1062 5212; x_wconf 92' lang='lat' dir='ltr'>et</span> <span class='ocrx_word' id='word_1_741' title='bbox 1077 5151 1190 5226; x_wconf 90' lang='lat' dir='ltr'>stupidi</span> <span class='ocrx_word' id='word_1_742' title='bbox 1206 5198 1214 5226; x_wconf 91' lang='lat'>,</span> <span class='ocrx_word' id='word_1_743' title='bbox 1232 5155 1262 5212; x_wconf 88' lang='lat' dir='ltr'>et</span> <span class='ocrx_word' id='word_1_744' title='bbox 1277 5151 1361 5213; x_wconf 91' lang='lat' dir='ltr'>stulti</span> <span class='ocrx_word' id='word_1_745' title='bbox 1379 5169 1486 5215; x_wconf 91' lang='lat' dir='ltr'>sumus</span> <span class='ocrx_word' id='word_1_746' title='bbox 1502 5198 1509 5225; x_wconf 84' lang='grc'>,</span> <span class='ocrx_word' id='word_1_747' title='bbox 1526 5153 1551 5215; x_wconf 92' lang='lat' dir='ltr'>si</span> <span class='ocrx_word' id='word_1_748' title='bbox 1569 5162 1695 5231; x_wconf 89' lang='lat' dir='ltr'>propter</span> <span class='ocrx_word' id='word_1_749' title='bbox 1710 5161 1831 5216; x_wconf 87' lang='lat' dir='ltr'>terrene</span> 
     </span>
     <span class='ocr_line' id='line_1_59' title="bbox 60 5229 1829 5315; baseline 0 -17"><span class='ocrx_word' id='word_1_750' title='bbox 60 5242 117 5298; x_wconf 87' lang='lat' dir='ltr'>est</span> <span class='ocrx_word' id='word_1_751' title='bbox 131 5242 263 5296; x_wconf 89' lang='lat' dir='ltr'>sanctus</span> <span class='ocrx_word' id='word_1_752' title='bbox 285 5231 450 5312; x_wconf 80' lang='lat' dir='ltr'>Gregorius</span> <span class='ocrx_word' id='word_1_753' title='bbox 466 5232 544 5292; x_wconf 88' lang='lat' dir='ltr'>libro</span> <span class='ocrx_word' id='word_1_754' title='bbox 559 5231 590 5292; x_wconf 78' lang='lat'>2.</span> <span class='ocrx_word' id='word_1_755' title='bbox 606 5232 778 5294; x_wconf 85' lang='lat' dir='ltr'>ltoraliom:</span> <span class='ocrx_word' id='word_1_756' title='bbox 796 5229 928 5315; x_wconf 67' lang='lat' dir='ltr'>tlslbdl)</span> <span class='ocrx_word' id='word_1_757' title='bbox 974 5235 1053 5296; x_wconf 91' lang='lat' dir='ltr'>bona</span> <span class='ocrx_word' id='word_1_758' title='bbox 1072 5249 1132 5295; x_wconf 91' lang='lat' dir='ltr'>non</span> <span class='ocrx_word' id='word_1_759' title='bbox 1149 5233 1248 5294; x_wconf 93' lang='lat' dir='ltr'>solum</span> <span class='ocrx_word' id='word_1_760' title='bbox 1266 5233 1348 5306; x_wconf 82' lang='lat' dir='ltr'>vilia,</span> <span class='ocrx_word' id='word_1_761' title='bbox 1362 5233 1418 5296; x_wconf 90' lang='lat' dir='ltr'>sed</span> <span class='ocrx_word' id='word_1_762' title='bbox 1433 5240 1523 5297; x_wconf 92' lang='lat' dir='ltr'>etiam</span> <span class='ocrx_word' id='word_1_763' title='bbox 1537 5238 1651 5298; x_wconf 89' lang='lat' dir='ltr'>caduca</span> <span class='ocrx_word' id='word_1_764' title='bbox 1669 5244 1699 5300; x_wconf 89' lang='lat' dir='ltr'>et</span> <span class='ocrx_word' id='word_1_765' title='bbox 1714 5237 1829 5314; x_wconf 88' lang='lat' dir='ltr'>brevia,</span> 
     </span>
     <span class='ocr_line' id='line_1_60' title="bbox 60 5314 1831 5396; baseline -0.001 -14"><span class='ocrx_word' id='word_1_766' title='bbox 60 5317 151 5382; x_wconf 81' lang='lat' dir='ltr'>lliac</span> <span class='ocrx_word' id='word_1_767' title='bbox 167 5321 228 5387; x_wconf 81' lang='lat' dir='ltr'>est,</span> <span class='ocrx_word' id='word_1_768' title='bbox 242 5317 353 5394; x_wconf 83' lang='lat' dir='ltr'>inquit,</span> <span class='ocrx_word' id='word_1_769' title='bbox 370 5316 461 5394; x_wconf 82' lang='lat' dir='ltr'>guod</span> <span class='ocrx_word' id='word_1_770' title='bbox 477 5314 643 5386; x_wconf 84' lang='lat' dir='ltr'>Salomon,</span> <span class='ocrx_word' id='word_1_771' title='bbox 661 5317 718 5395; x_wconf 82' lang='lat' dir='ltr'>qui</span> <span class='ocrx_word' id='word_1_772' title='bbox 731 5318 928 5393; x_wconf 84' lang='lat' dir='ltr'>sapientiam</span> <span class='ocrx_word' id='word_1_773' title='bbox 975 5317 1200 5379; x_wconf 87' lang='lat' dir='ltr'>contemnimus</span> <span class='ocrx_word' id='word_1_774' title='bbox 1217 5317 1455 5394; x_wconf 72' lang='lat' dir='ltr'>coelestianum</span> <span class='ocrx_word' id='word_1_775' title='bbox 1469 5320 1691 5396; x_wconf 90' lang='lat' dir='ltr'>pretiosissima</span> <span class='ocrx_word' id='word_1_776' title='bbox 1706 5328 1735 5382; x_wconf 90' lang='lat' dir='ltr'>et</span> <span class='ocrx_word' id='word_1_777' title='bbox 1749 5335 1831 5382; x_wconf 88' lang='lat' dir='ltr'>sem·</span> 
     </span>
     <span class='ocr_line' id='line_1_61' title="bbox 60 5399 1829 5480; baseline 0 -15"><span class='ocrx_word' id='word_1_778' title='bbox 60 5417 137 5466; x_wconf 84' lang='lat' dir='ltr'>narr</span> <span class='ocrx_word' id='word_1_779' title='bbox 150 5405 419 5479; x_wconf 81' lang='lat' dir='ltr'>perseveraturus</span> <span class='ocrx_word' id='word_1_780' title='bbox 431 5399 606 5476; x_wconf 86' lang='lat' dir='ltr'>occepitr&#39;m</span> <span class='ocrx_word' id='word_1_781' title='bbox 618 5402 741 5461; x_wconf 81' lang='lat' dir='ltr'>somnia</span> <span class='ocrx_word' id='word_1_782' title='bbox 752 5399 836 5462; x_wconf 88' lang='lat' dir='ltr'>banc</span> <span class='ocrx_word' id='word_1_783' title='bbox 848 5399 927 5461; x_wconf 86' lang='lat' dir='ltr'>etde</span> <span class='ocrx_word' id='word_1_784' title='bbox 973 5403 1092 5480; x_wconf 90' lang='lat' dir='ltr'>piterna</span> <span class='ocrx_word' id='word_1_785' title='bbox 1110 5399 1327 5480; x_wconf 78' lang='lat' dir='ltr'>suotlilompe</span> <span class='ocrx_word' id='word_1_786' title='bbox 1344 5401 1521 5469; x_wconf 77' lang='lat' dir='ltr'>labamine</span> <span class='ocrx_word' id='word_1_787' title='bbox 1537 5404 1713 5467; x_wconf 75' lang='lat' dir='ltr'>misericors</span> <span class='ocrx_word' id='word_1_788' title='bbox 1729 5409 1759 5466; x_wconf 92' lang='lat' dir='ltr'>et</span> <span class='ocrx_word' id='word_1_789' title='bbox 1774 5404 1829 5466; x_wconf 90' lang='lat' dir='ltr'>mi·</span> 
     </span>
     <span class='ocr_line' id='line_1_62' title="bbox 59 5478 1827 5568; baseline 0 -18"><span class='ocrx_word' id='word_1_790' title='bbox 59 5493 160 5550; x_wconf 84' lang='lat' dir='ltr'>nocte</span> <span class='ocrx_word' id='word_1_791' title='bbox 176 5483 338 5562; x_wconf 79' lang='lat' dir='ltr'>accepisse</span> <span class='ocrx_word' id='word_1_792' title='bbox 354 5482 558 5546; x_wconf 82' lang='lat' dir='ltr'>describitur.</span> <span class='ocrx_word' id='word_1_793' title='bbox 577 5478 703 5564; x_wconf 79' lang='lat' dir='ltr'>(Murci.</span> <span class='ocrx_word' id='word_1_794' title='bbox 717 5499 790 5558; x_wconf 88' lang='lat' dir='ltr'>cop.</span> <span class='ocrx_word' id='word_1_795' title='bbox 803 5479 851 5565; x_wconf 84' lang='lat'>2.)</span> <span class='ocrx_word' id='word_1_796' title='bbox 868 5482 927 5546; x_wconf 87' lang='lat' dir='ltr'>lieo</span> <span class='ocrx_word' id='word_1_797' title='bbox 973 5490 1102 5560; x_wconf 88' lang='lat' dir='ltr'>serator,</span> <span class='ocrx_word' id='word_1_798' title='bbox 1119 5484 1299 5546; x_wconf 88' lang='lat' dir='ltr'>surditatem</span> <span class='ocrx_word' id='word_1_799' title='bbox 1316 5492 1468 5568; x_wconf 79' lang='lat' dir='ltr'>nostram,</span> <span class='ocrx_word' id='word_1_800' title='bbox 1482 5483 1619 5550; x_wconf 90' lang='lat' dir='ltr'>illumina</span> <span class='ocrx_word' id='word_1_801' title='bbox 1634 5486 1827 5566; x_wconf 88' lang='lat' dir='ltr'>caecitatem,</span> 
     </span>
     <span class='ocr_line' id='line_1_63' title="bbox 62 5565 1829 5649; baseline 0 -15"><span class='ocrx_word' id='word_1_802' title='bbox 62 5569 243 5634; x_wconf 82' lang='lat' dir='ltr'>dissimiles</span> <span class='ocrx_word' id='word_1_803' title='bbox 259 5567 415 5629; x_wconf 87' lang='lat' dir='ltr'>Salomoni</span> <span class='ocrx_word' id='word_1_804' title='bbox 431 5573 504 5629; x_wconf 88' lang='lat' dir='ltr'>sunt</span> <span class='ocrx_word' id='word_1_805' title='bbox 519 5566 578 5626; x_wconf 91' lang='lat' dir='ltr'>hoc</span> <span class='ocrx_word' id='word_1_806' title='bbox 590 5573 728 5645; x_wconf 86' lang='lat' dir='ltr'>tempore</span> <span class='ocrx_word' id='word_1_807' title='bbox 741 5567 841 5644; x_wconf 82' lang='lat' dir='ltr'>Reges</span> <span class='ocrx_word' id='word_1_808' title='bbox 856 5565 928 5628; x_wconf 81' lang='lat' dir='ltr'>Tur·</span> <span class='ocrx_word' id='word_1_809' title='bbox 975 5568 1072 5631; x_wconf 84' lang='lat' dir='ltr'>excita</span> <span class='ocrx_word' id='word_1_810' title='bbox 1088 5567 1298 5646; x_wconf 85' lang='lat' dir='ltr'>stupiditatem</span> <span class='ocrx_word' id='word_1_811' title='bbox 1315 5617 1323 5640; x_wconf 89' lang='lat'>,</span> <span class='ocrx_word' id='word_1_812' title='bbox 1347 5585 1420 5631; x_wconf 90' lang='lat' dir='ltr'>sana</span> <span class='ocrx_word' id='word_1_813' title='bbox 1435 5570 1638 5634; x_wconf 87' lang='lat' dir='ltr'>dementiam.</span> <span class='ocrx_word' id='word_1_814' title='bbox 1656 5570 1693 5633; x_wconf 86' lang='lat' dir='ltr'>tlt</span> <span class='ocrx_word' id='word_1_815' title='bbox 1708 5572 1782 5649; x_wconf 85' lang='lat' dir='ltr'>quid</span> <span class='ocrx_word' id='word_1_816' title='bbox 1797 5586 1829 5634; x_wconf 86' lang='lat' dir='ltr'>c·</span> 
     </span>
     <span class='ocr_line' id='line_1_64' title="bbox 62 5647 1827 5737; baseline 0.001 -21"><span class='ocrx_word' id='word_1_817' title='bbox 62 5669 190 5725; x_wconf 86' lang='lat' dir='ltr'>aarum,</span> <span class='ocrx_word' id='word_1_818' title='bbox 206 5657 237 5714; x_wconf 88' lang='lat' dir='ltr'>et</span> <span class='ocrx_word' id='word_1_819' title='bbox 251 5650 426 5725; x_wconf 81' lang='lat' dir='ltr'>Persarum,</span> <span class='ocrx_word' id='word_1_820' title='bbox 442 5656 473 5712; x_wconf 87' lang='lat' dir='ltr'>et</span> <span class='ocrx_word' id='word_1_821' title='bbox 488 5647 652 5726; x_wconf 81' lang='lat' dir='ltr'>Siderum,</span> <span class='ocrx_word' id='word_1_822' title='bbox 677 5654 708 5711; x_wconf 90' lang='lat' dir='ltr'>et</span> <span class='ocrx_word' id='word_1_823' title='bbox 720 5649 924 5726; x_wconf 72' lang='lat' dir='ltr'>tartarorum,</span> <span class='ocrx_word' id='word_1_824' title='bbox 973 5653 1037 5714; x_wconf 90' lang='lat' dir='ltr'>nim</span> <span class='ocrx_word' id='word_1_825' title='bbox 1053 5652 1182 5732; x_wconf 88' lang='lat' dir='ltr'>signasti</span> <span class='ocrx_word' id='word_1_826' title='bbox 1198 5649 1348 5737; x_wconf 84' lang='lat' dir='ltr'>(Psotl.)</span> <span class='ocrx_word' id='word_1_827' title='bbox 1364 5669 1457 5734; x_wconf 90' lang='lat' dir='ltr'>super</span> <span class='ocrx_word' id='word_1_828' title='bbox 1468 5672 1526 5718; x_wconf 90' lang='lat' dir='ltr'>nos</span> <span class='ocrx_word' id='word_1_829' title='bbox 1539 5655 1642 5720; x_wconf 89' lang='lat' dir='ltr'>lumen</span> <span class='ocrx_word' id='word_1_830' title='bbox 1657 5654 1760 5718; x_wconf 82' lang='lat' dir='ltr'>soltus</span> <span class='ocrx_word' id='word_1_831' title='bbox 1772 5655 1827 5733; x_wconf 93' lang='lat' dir='ltr'>tui,</span> 
     </span>
     <span class='ocr_line' id='line_1_65' title="bbox 63 5731 1827 5818; baseline 0.002 -19"><span class='ocrx_word' id='word_1_832' title='bbox 63 5736 120 5812; x_wconf 80' lang='lat' dir='ltr'>oui</span> <span class='ocrx_word' id='word_1_833' title='bbox 137 5735 248 5812; x_wconf 79' lang='lat' dir='ltr'>Regna</span> <span class='ocrx_word' id='word_1_834' title='bbox 263 5731 452 5811; x_wconf 87' lang='lat' dir='ltr'>amplissima</span> <span class='ocrx_word' id='word_1_835' title='bbox 468 5731 642 5810; x_wconf 86' lang='lat' dir='ltr'>possident,</span> <span class='ocrx_word' id='word_1_836' title='bbox 669 5741 700 5796; x_wconf 89' lang='lat' dir='ltr'>et</span> <span class='ocrx_word' id='word_1_837' title='bbox 720 5734 926 5811; x_wconf 83' lang='lat' dir='ltr'>uoluptatibus</span> <span class='ocrx_word' id='word_1_838' title='bbox 973 5735 1157 5813; x_wconf 69' lang='lat' dir='ltr'>liconiensi</span> <span class='ocrx_word' id='word_1_839' title='bbox 1174 5737 1251 5800; x_wconf 89' lang='lat' dir='ltr'>baec</span> <span class='ocrx_word' id='word_1_840' title='bbox 1265 5745 1325 5800; x_wconf 92' lang='lat' dir='ltr'>tam</span> <span class='ocrx_word' id='word_1_841' title='bbox 1342 5753 1450 5818; x_wconf 85' lang='lat' dir='ltr'>magna</span> <span class='ocrx_word' id='word_1_842' title='bbox 1464 5745 1494 5802; x_wconf 88' lang='lat' dir='ltr'>et</span> <span class='ocrx_word' id='word_1_843' title='bbox 1505 5743 1565 5802; x_wconf 92' lang='lat' dir='ltr'>tam</span> <span class='ocrx_word' id='word_1_844' title='bbox 1579 5731 1754 5803; x_wconf 88' lang='lat' dir='ltr'>necessaria</span> <span class='ocrx_word' id='word_1_845' title='bbox 1766 5754 1827 5810; x_wconf 87' lang='lat' dir='ltr'>non</span> 
     </span>
    </p>
   </div>
   <div class='ocr_carea' id='block_1_6' title="bbox 0 0 2044 6260">
    <p class='ocr_par' dir='ltr' id='par_1_17' title="bbox 0 0 2044 6260">
     <span class='ocr_line' id='line_1_66' title="bbox 0 0 2044 6260; baseline 0 0"><span class='ocrx_word' id='word_1_846' title='bbox 0 0 2044 6260; x_wconf 95' lang='lat' dir='ltr'> </span> 
     </span>
    </p>
   </div>
  </div>
 </body>
</html>
