<?xml version="1.0" encoding="UTF-8"?>
<!DOCTYPE html PUBLIC "-//W3C//DTD XHTML 1.0 Transitional//EN"
    "http://www.w3.org/TR/xhtml1/DTD/xhtml1-transitional.dtd">
<html xmlns="http://www.w3.org/1999/xhtml" xml:lang="en" lang="en">
 <head>
  <title>
</title>
<meta http-equiv="Content-Type" content="text/html;charset=utf-8" />
  <meta name='ocr-system' content='tesseract 3.04.00' />
  <meta name='ocr-capabilities' content='ocr_page ocr_carea ocr_par ocr_line ocrx_word'/>
</head>
<body>
  <div class='ocr_page' id='page_1' title='image "./operaomnia00sforgoog_0343.png"; bbox 0 0 4056 6260; ppageno 0'>
   <div class='ocr_carea' id='block_1_1' title="bbox 272 237 1298 304">
    <p class='ocr_par' dir='ltr' id='par_1_1' title="bbox 272 237 1298 304">
     <span class='ocr_line' id='line_1_1' title="bbox 272 237 1298 304; baseline -0.004 0"><span class='ocrx_word' id='word_1_1' title='bbox 272 243 325 304; x_wconf 77' lang='grc'><strong>338</strong></span> <span class='ocrx_word' id='word_1_2' title='bbox 874 241 922 299; x_wconf 79' lang='lat' dir='ltr'><strong>bh</strong></span> <span class='ocrx_word' id='word_1_3' title='bbox 941 239 1079 303; x_wconf 77' lang='lat' dir='ltr'><strong>edltlw</strong></span> <span class='ocrx_word' id='word_1_4' title='bbox 1099 237 1298 300; x_wconf 73' lang='lat' dir='ltr'><strong>columella</strong></span> 
     </span>
    </p>
   </div>
   <div class='ocr_carea' id='block_1_2' title="bbox 124 371 2023 5728">
    <p class='ocr_par' dir='ltr' id='par_1_2' title="bbox 200 371 1979 1046">
     <span class='ocr_line' id='line_1_2' title="bbox 200 371 1975 457; baseline -0.003 -13"><span class='ocrx_word' id='word_1_5' title='bbox 200 383 296 453; x_wconf 88' lang='lat' dir='ltr'><strong>esset,</strong></span> <span class='ocrx_word' id='word_1_6' title='bbox 312 383 342 441; x_wconf 93' lang='lat' dir='ltr'><strong>et</strong></span> <span class='ocrx_word' id='word_1_7' title='bbox 356 378 417 441; x_wconf 95' lang='lat' dir='ltr'><strong>hoc</strong></span> <span class='ocrx_word' id='word_1_8' title='bbox 431 375 513 456; x_wconf 91' lang='lat' dir='ltr'><strong>apud</strong></span> <span class='ocrx_word' id='word_1_9' title='bbox 527 374 665 457; x_wconf 87' lang='lat' dir='ltr'><strong>reliquos</strong></span> <span class='ocrx_word' id='word_1_10' title='bbox 690 372 879 440; x_wconf 81' lang='lat' dir='ltr'><strong>christianos</strong></span> <span class='ocrx_word' id='word_1_11' title='bbox 905 374 1055 440; x_wconf 91' lang='lat' dir='ltr'><strong>innotuis·</strong></span> <span class='ocrx_word' id='word_1_12' title='bbox 1101 375 1249 438; x_wconf 88' lang='lat' dir='ltr'><strong>asanctis</strong></span> <span class='ocrx_word' id='word_1_13' title='bbox 1259 371 1434 454; x_wconf 75' lang='lat' dir='ltr'><strong>Prophetis,</strong></span> <span class='ocrx_word' id='word_1_14' title='bbox 1447 379 1478 439; x_wconf 91' lang='lat' dir='ltr'><strong>ci</strong></span> <span class='ocrx_word' id='word_1_15' title='bbox 1487 373 1642 456; x_wconf 82' lang='lat' dir='ltr'><strong>apostolis</strong></span> <span class='ocrx_word' id='word_1_16' title='bbox 1654 373 1801 452; x_wconf 89' lang='lat' dir='ltr'><strong>sollicite,</strong></span> <span class='ocrx_word' id='word_1_17' title='bbox 1811 371 1975 440; x_wconf 81' lang='lat' dir='ltr'><strong>dualiter·</strong></span> 
     </span>
     <span class='ocr_line' id='line_1_3' title="bbox 203 457 1979 542; baseline -0.003 -16"><span class='ocrx_word' id='word_1_18' title='bbox 203 469 263 541; x_wconf 91' lang='lat' dir='ltr'><strong>set,</strong></span> <span class='ocrx_word' id='word_1_19' title='bbox 280 461 405 542; x_wconf 89' lang='lat' dir='ltr'><strong>optabat</strong></span> <span class='ocrx_word' id='word_1_20' title='bbox 418 459 596 538; x_wconf 79' lang='lat' dir='ltr'><strong>Apostolus,</strong></span> <span class='ocrx_word' id='word_1_21' title='bbox 613 467 645 523; x_wconf 96' lang='lat' dir='ltr'><strong>ut</strong></span> <span class='ocrx_word' id='word_1_22' title='bbox 660 465 720 523; x_wconf 91' lang='lat' dir='ltr'><strong>tota</strong></span> <span class='ocrx_word' id='word_1_23' title='bbox 735 457 872 522; x_wconf 75' lang='lat' dir='ltr'><strong>Ecclesia</strong></span> <span class='ocrx_word' id='word_1_24' title='bbox 896 466 1057 536; x_wconf 89' lang='lat' dir='ltr'><strong>paccatum</strong></span> <span class='ocrx_word' id='word_1_25' title='bbox 1103 475 1165 537; x_wconf 84' lang='lat' dir='ltr'><strong>que</strong></span> <span class='ocrx_word' id='word_1_26' title='bbox 1188 457 1399 537; x_wconf 88' lang='lat' dir='ltr'><strong>conscriptis:</strong></span> <span class='ocrx_word' id='word_1_27' title='bbox 1417 464 1448 521; x_wconf 88' lang='grc' dir='ltr'><strong>ιι</strong></span> <span class='ocrx_word' id='word_1_28' title='bbox 1464 465 1566 522; x_wconf 89' lang='lat' dir='ltr'><strong>tamen</strong></span> <span class='ocrx_word' id='word_1_29' title='bbox 1588 460 1730 540; x_wconf 89' lang='lat' dir='ltr'><strong>plerique</strong></span> <span class='ocrx_word' id='word_1_30' title='bbox 1754 467 1894 522; x_wconf 90' lang='lat' dir='ltr'><strong>nostrum</strong></span> <span class='ocrx_word' id='word_1_31' title='bbox 1911 471 1979 520; x_wconf 88' lang='lat' dir='ltr'><strong>au·</strong></span> 
     </span>
     <span class='ocr_line' id='line_1_4' title="bbox 200 541 1974 626; baseline -0.004 -17"><span class='ocrx_word' id='word_1_32' title='bbox 200 547 278 610; x_wconf 89' lang='lat' dir='ltr'><strong>illud</strong></span> <span class='ocrx_word' id='word_1_33' title='bbox 301 545 426 624; x_wconf 89' lang='lat' dir='ltr'><strong>publica</strong></span> <span class='ocrx_word' id='word_1_34' title='bbox 448 546 579 626; x_wconf 89' lang='lat' dir='ltr'><strong>lugeret.</strong></span> <span class='ocrx_word' id='word_1_35' title='bbox 597 541 684 616; x_wconf 88' lang='lat' dir='ltr'><strong>Quod</strong></span> <span class='ocrx_word' id='word_1_36' title='bbox 710 545 780 621; x_wconf 83' lang='lat' dir='ltr'><strong>quia</strong></span> <span class='ocrx_word' id='word_1_37' title='bbox 796 541 898 606; x_wconf 90' lang='lat' dir='ltr'><strong>iacere</strong></span> <span class='ocrx_word' id='word_1_38' title='bbox 915 543 1057 622; x_wconf 85' lang='lat' dir='ltr'><strong>neglexe·</strong></span> <span class='ocrx_word' id='word_1_39' title='bbox 1102 557 1154 606; x_wconf 92' lang='lat' dir='ltr'><strong>res</strong></span> <span class='ocrx_word' id='word_1_40' title='bbox 1169 543 1297 619; x_wconf 89' lang='lat' dir='ltr'><strong>habent,</strong></span> <span class='ocrx_word' id='word_1_41' title='bbox 1314 550 1344 604; x_wconf 92' lang='lat' dir='ltr'><strong>et</strong></span> <span class='ocrx_word' id='word_1_42' title='bbox 1360 557 1421 604; x_wconf 93' lang='lat' dir='ltr'><strong>non</strong></span> <span class='ocrx_word' id='word_1_43' title='bbox 1437 543 1578 620; x_wconf 90' lang='lat' dir='ltr'><strong>audiunt,</strong></span> <span class='ocrx_word' id='word_1_44' title='bbox 1595 544 1704 606; x_wconf 90' lang='lat' dir='ltr'><strong>oculos</strong></span> <span class='ocrx_word' id='word_1_45' title='bbox 1720 543 1836 605; x_wconf 89' lang='lat' dir='ltr'><strong>habent</strong></span> <span class='ocrx_word' id='word_1_46' title='bbox 1850 550 1883 606; x_wconf 90' lang='grc' dir='ltr'><strong>ιι</strong></span> <span class='ocrx_word' id='word_1_47' title='bbox 1898 554 1974 604; x_wconf 91' lang='lat' dir='ltr'><strong>non</strong></span> 
     </span>
     <span class='ocr_line' id='line_1_5' title="bbox 200 622 1976 707; baseline -0.003 -16"><span class='ocrx_word' id='word_1_48' title='bbox 200 637 283 706; x_wconf 94' lang='lat' dir='ltr'><strong>runt,</strong></span> <span class='ocrx_word' id='word_1_49' title='bbox 297 627 409 692; x_wconf 90' lang='lat' dir='ltr'><strong>acriter</strong></span> <span class='ocrx_word' id='word_1_50' title='bbox 423 629 494 692; x_wconf 88' lang='lat' dir='ltr'><strong>illos</strong></span> <span class='ocrx_word' id='word_1_51' title='bbox 510 625 721 707; x_wconf 67' lang='lat' dir='ltr'><strong>reprehendit,</strong></span> <span class='ocrx_word' id='word_1_52' title='bbox 736 631 777 699; x_wconf 92' lang='lat' dir='ltr'><strong>ei,</strong></span> <span class='ocrx_word' id='word_1_53' title='bbox 792 633 823 688; x_wconf 93' lang='lat' dir='ltr'><strong>ut</strong></span> <span class='ocrx_word' id='word_1_54' title='bbox 836 626 903 704; x_wconf 89' lang='lat' dir='ltr'><strong>ipse</strong></span> <span class='ocrx_word' id='word_1_55' title='bbox 916 626 997 688; x_wconf 89' lang='lat' dir='ltr'><strong>idern</strong></span> <span class='ocrx_word' id='word_1_56' title='bbox 1010 643 1059 689; x_wconf 92' lang='lat' dir='ltr'><strong>re·</strong></span> <span class='ocrx_word' id='word_1_57' title='bbox 1102 627 1219 703; x_wconf 81' lang='lat' dir='ltr'><strong>vident,</strong></span> <span class='ocrx_word' id='word_1_58' title='bbox 1236 643 1289 688; x_wconf 93' lang='lat' dir='ltr'><strong>eor</strong></span> <span class='ocrx_word' id='word_1_59' title='bbox 1304 625 1419 687; x_wconf 90' lang='lat' dir='ltr'><strong>hebent</strong></span> <span class='ocrx_word' id='word_1_60' title='bbox 1442 632 1473 688; x_wconf 98' lang='grc' dir='ltr'><strong>ιι</strong></span> <span class='ocrx_word' id='word_1_61' title='bbox 1485 643 1547 690; x_wconf 89' lang='grc' dir='ltr'><strong>ιιι</strong></span> <span class='ocrx_word' id='word_1_62' title='bbox 1558 626 1745 707; x_wconf 88' lang='lat' dir='ltr'><strong>intelligunt.</strong></span> <span class='ocrx_word' id='word_1_63' title='bbox 1759 624 1883 689; x_wconf 84' lang='lat' dir='ltr'><strong>Debent</strong></span> <span class='ocrx_word' id='word_1_64' title='bbox 1898 622 1976 702; x_wconf 85' lang='lat' dir='ltr'><strong>uui·</strong></span> 
     </span>
     <span class='ocr_line' id='line_1_6' title="bbox 201 708 1977 791; baseline -0.002 -17"><span class='ocrx_word' id='word_1_65' title='bbox 201 713 262 782; x_wconf 86' lang='lat' dir='ltr'><strong>lert</strong></span> <span class='ocrx_word' id='word_1_66' title='bbox 277 713 307 774; x_wconf 89' lang='lat' dir='ltr'><strong>in</strong></span> <span class='ocrx_word' id='word_1_67' title='bbox 324 713 454 789; x_wconf 90' lang='lat' dir='ltr'><strong>epistola</strong></span> <span class='ocrx_word' id='word_1_68' title='bbox 472 713 664 790; x_wconf 87' lang='lat' dir='ltr'><strong>posteriore,</strong></span> <span class='ocrx_word' id='word_1_69' title='bbox 689 725 749 772; x_wconf 93' lang='lat' dir='ltr'><strong>non</strong></span> <span class='ocrx_word' id='word_1_70' title='bbox 766 710 864 772; x_wconf 91' lang='lat' dir='ltr'><strong>solum</strong></span> <span class='ocrx_word' id='word_1_71' title='bbox 881 727 938 786; x_wconf 88' lang='lat' dir='ltr'><strong>per</strong></span> <span class='ocrx_word' id='word_1_72' title='bbox 954 710 1058 782; x_wconf 84' lang='lat' dir='ltr'><strong>literas</strong></span> <span class='ocrx_word' id='word_1_73' title='bbox 1103 711 1173 772; x_wconf 91' lang='lat' dir='ltr'><strong>dem</strong></span> <span class='ocrx_word' id='word_1_74' title='bbox 1190 708 1467 773; x_wconf 87' lang='lat' dir='ltr'><strong>inconsolabilibus</strong></span> <span class='ocrx_word' id='word_1_75' title='bbox 1488 710 1632 791; x_wconf 79' lang='lat' dir='ltr'><strong>lacrymis</strong></span> <span class='ocrx_word' id='word_1_76' title='bbox 1655 717 1769 774; x_wconf 91' lang='lat' dir='ltr'><strong>mortes</strong></span> <span class='ocrx_word' id='word_1_77' title='bbox 1784 712 1977 778; x_wconf 86' lang='lat' dir='ltr'><strong>charorum,</strong></span> 
     </span>
     <span class='ocr_line' id='line_1_7' title="bbox 201 791 1977 876; baseline -0.005 -16"><span class='ocrx_word' id='word_1_78' title='bbox 201 812 257 860; x_wconf 90' lang='lat' dir='ltr'><strong>eos</strong></span> <span class='ocrx_word' id='word_1_79' title='bbox 272 799 403 876; x_wconf 85' lang='lat' dir='ltr'><strong>graviter</strong></span> <span class='ocrx_word' id='word_1_80' title='bbox 418 793 578 874; x_wconf 88' lang='lat' dir='ltr'><strong>corripuit,</strong></span> <span class='ocrx_word' id='word_1_81' title='bbox 595 795 651 857; x_wconf 90' lang='lat' dir='ltr'><strong>sed</strong></span> <span class='ocrx_word' id='word_1_82' title='bbox 675 793 785 855; x_wconf 89' lang='lat' dir='ltr'><strong>multas</strong></span> <span class='ocrx_word' id='word_1_83' title='bbox 801 791 943 854; x_wconf 88' lang='lat' dir='ltr'><strong>lacrimas</strong></span> <span class='ocrx_word' id='word_1_84' title='bbox 959 792 1058 869; x_wconf 90' lang='lat' dir='ltr'><strong>indit,</strong></span> <span class='ocrx_word' id='word_1_85' title='bbox 1104 799 1157 855; x_wconf 91' lang='lat' dir='ltr'><strong>ant</strong></span> <span class='ocrx_word' id='word_1_86' title='bbox 1184 795 1331 856; x_wconf 89' lang='lat' dir='ltr'><strong>iacturam</strong></span> <span class='ocrx_word' id='word_1_87' title='bbox 1357 793 1581 872; x_wconf 80' lang='lat' dir='ltr'><strong>pecuniarum,</strong></span> <span class='ocrx_word' id='word_1_88' title='bbox 1605 799 1657 858; x_wconf 87' lang='lat' dir='ltr'><strong>aui</strong></span> <span class='ocrx_word' id='word_1_89' title='bbox 1677 793 1735 866; x_wconf 87' lang='lat' dir='ltr'><strong>alia</strong></span> <span class='ocrx_word' id='word_1_90' title='bbox 1758 803 1977 872; x_wconf 81' lang='lat' dir='ltr'><strong>quaecunque</strong></span> 
     </span>
     <span class='ocr_line' id='line_1_8' title="bbox 202 875 1976 959; baseline -0.002 -17"><span class='ocrx_word' id='word_1_91' title='bbox 202 880 559 959; x_wconf 87' lang='lat' dir='ltr'><strong>dnmreprebensionem</strong></span> <span class='ocrx_word' id='word_1_92' title='bbox 569 877 650 939; x_wconf 89' lang='lat' dir='ltr'><strong>illam</strong></span> <span class='ocrx_word' id='word_1_93' title='bbox 664 878 764 938; x_wconf 89' lang='lat' dir='ltr'><strong>adcos</strong></span> <span class='ocrx_word' id='word_1_94' title='bbox 776 875 869 937; x_wconf 86' lang='lat' dir='ltr'><strong>misit:</strong></span> <span class='ocrx_word' id='word_1_95' title='bbox 883 875 1058 954; x_wconf 76' lang='lat' dir='ltr'><strong>Emmuite,</strong></span> <span class='ocrx_word' id='word_1_96' title='bbox 1105 877 1287 955; x_wconf 89' lang='lat' dir='ltr'><strong>temporalia</strong></span> <span class='ocrx_word' id='word_1_97' title='bbox 1313 877 1520 941; x_wconf 87' lang='lat' dir='ltr'><strong>detrimenta:</strong></span> <span class='ocrx_word' id='word_1_98' title='bbox 1547 893 1627 958; x_wconf 89' lang='lat' dir='ltr'><strong>quae</strong></span> <span class='ocrx_word' id='word_1_99' title='bbox 1653 894 1722 946; x_wconf 90' lang='lat' dir='ltr'><strong>cnm</strong></span> <span class='ocrx_word' id='word_1_100' title='bbox 1746 875 1976 956; x_wconf 79' lang='lat' dir='ltr'><strong>spiritualibus</strong></span> 
     </span>
     <span class='ocr_line' id='line_1_9' title="bbox 202 959 1976 1046; baseline -0.005 -19"><span class='ocrx_word' id='word_1_101' title='bbox 202 963 327 1040; x_wconf 82' lang='lat' dir='ltr'><strong>inquit,</strong></span> <span class='ocrx_word' id='word_1_102' title='bbox 354 962 588 1030; x_wconf 79' lang='lat' dir='ltr'><strong>tribulatione,</strong></span> <span class='ocrx_word' id='word_1_103' title='bbox 612 964 642 1023; x_wconf 89' lang='grc' dir='ltr'><strong>ιι</strong></span> <span class='ocrx_word' id='word_1_104' title='bbox 655 959 810 1040; x_wconf 76' lang='lat' dir='ltr'><strong>angustio</strong></span> <span class='ocrx_word' id='word_1_105' title='bbox 825 962 932 1024; x_wconf 85' lang='lat' dir='ltr'><strong>cordis</strong></span> <span class='ocrx_word' id='word_1_106' title='bbox 945 961 1062 1040; x_wconf 81' lang='lat' dir='ltr'><strong>scripsi</strong></span> <span class='ocrx_word' id='word_1_107' title='bbox 1104 967 1292 1038; x_wconf 87' lang='lat' dir='ltr'><strong>comparata,</strong></span> <span class='ocrx_word' id='word_1_108' title='bbox 1306 960 1463 1023; x_wconf 83' lang='lat' dir='ltr'><strong>lenissima</strong></span> <span class='ocrx_word' id='word_1_109' title='bbox 1477 969 1560 1023; x_wconf 90' lang='lat' dir='ltr'><strong>sont.</strong></span> <span class='ocrx_word' id='word_1_110' title='bbox 1583 961 1663 1036; x_wconf 85' lang='lat' dir='ltr'><strong>Quid</strong></span> <span class='ocrx_word' id='word_1_111' title='bbox 1685 961 1768 1024; x_wconf 91' lang='lat' dir='ltr'><strong>enim</strong></span> <span class='ocrx_word' id='word_1_112' title='bbox 1790 962 1904 1046; x_wconf 81' lang='lat' dir='ltr'><strong>mirum</strong></span> <span class='ocrx_word' id='word_1_113' title='bbox 1922 961 1976 1019; x_wconf 92' lang='lat' dir='ltr'><strong>est</strong></span> 
     </span>
    </p>

    <p class='ocr_par' dir='ltr' id='par_1_3' title="bbox 127 1041 2023 2880">
     <span class='ocr_line' id='line_1_10' title="bbox 127 1041 1979 1126; baseline -0.004 -16"><span class='ocrx_word' id='word_1_114' title='bbox 127 1099 128 1102; x_wconf 18' lang='grc' dir='ltr'><strong>ι</strong></span> <span class='ocrx_word' id='word_1_115' title='bbox 201 1047 363 1126; x_wconf 84' lang='lat' dir='ltr'><strong>cobiaper</strong></span> <span class='ocrx_word' id='word_1_116' title='bbox 377 1046 497 1108; x_wconf 85' lang='lat' dir='ltr'><strong>multoe</strong></span> <span class='ocrx_word' id='word_1_117' title='bbox 523 1045 698 1124; x_wconf 80' lang='lat' dir='ltr'><strong>lacrumas.</strong></span> <span class='ocrx_word' id='word_1_118' title='bbox 719 1041 896 1122; x_wconf 81' lang='lat' dir='ltr'><strong>hitigitnr:</strong></span> <span class='ocrx_word' id='word_1_119' title='bbox 919 1042 1062 1107; x_wconf 85' lang='lat' dir='ltr'><strong>Auditur</strong></span> <span class='ocrx_word' id='word_1_120' title='bbox 1106 1044 1132 1106; x_wconf 89' lang='lat' dir='ltr'><strong>si</strong></span> <span class='ocrx_word' id='word_1_121' title='bbox 1150 1043 1284 1122; x_wconf 87' lang='lat' dir='ltr'><strong>peritum</strong></span> <span class='ocrx_word' id='word_1_122' title='bbox 1297 1043 1464 1122; x_wconf 88' lang='lat' dir='ltr'><strong>intereunt,</strong></span> <span class='ocrx_word' id='word_1_123' title='bbox 1479 1049 1509 1105; x_wconf 92' lang='lat' dir='ltr'><strong>et</strong></span> <span class='ocrx_word' id='word_1_124' title='bbox 1523 1045 1550 1106; x_wconf 90' lang='grc' dir='ltr'><strong>ιι</strong></span> <span class='ocrx_word' id='word_1_125' title='bbox 1564 1044 1746 1125; x_wconf 89' lang='lat' dir='ltr'><strong>temporalia</strong></span> <span class='ocrx_word' id='word_1_126' title='bbox 1761 1059 1832 1107; x_wconf 89' lang='lat' dir='ltr'><strong>oum</strong></span> <span class='ocrx_word' id='word_1_127' title='bbox 1850 1051 1979 1120; x_wconf 89' lang='lat' dir='ltr'><strong>tempo·</strong></span> 
     </span>
     <span class='ocr_line' id='line_1_11' title="bbox 202 1125 1981 1207; baseline -0.004 -13"><span class='ocrx_word' id='word_1_128' title='bbox 202 1131 290 1194; x_wconf 86' lang='lat' dir='ltr'><strong>inter</strong></span> <span class='ocrx_word' id='word_1_129' title='bbox 302 1146 357 1192; x_wconf 87' lang='lat' dir='ltr'><strong>oca</strong></span> <span class='ocrx_word' id='word_1_130' title='bbox 370 1129 545 1207; x_wconf 67' lang='lat' dir='ltr'><strong>fornicatio</strong></span> <span class='ocrx_word' id='word_1_131' title='bbox 560 1175 568 1201; x_wconf 94' lang='lat'><strong>,</strong></span> <span class='ocrx_word' id='word_1_132' title='bbox 585 1130 673 1204; x_wconf 83' lang='lat' dir='ltr'><strong>qnasi</strong></span> <span class='ocrx_word' id='word_1_133' title='bbox 700 1127 805 1203; x_wconf 81' lang='lat' dir='ltr'><strong>dicet3</strong></span> <span class='ocrx_word' id='word_1_134' title='bbox 828 1126 918 1188; x_wconf 83' lang='lat' dir='ltr'><strong>linita</strong></span> <span class='ocrx_word' id='word_1_135' title='bbox 944 1132 1016 1191; x_wconf 92' lang='lat' dir='ltr'><strong>sunt</strong></span> <span class='ocrx_word' id='word_1_136' title='bbox 1029 1127 1061 1189; x_wconf 90' lang='lat' dir='ltr'><strong>in</strong></span> <span class='ocrx_word' id='word_1_137' title='bbox 1106 1140 1140 1188; x_wconf 90' lang='lat' dir='ltr'><strong>re</strong></span> <span class='ocrx_word' id='word_1_138' title='bbox 1157 1125 1334 1188; x_wconf 81' lang='lat' dir='ltr'><strong>transeunti</strong></span> <span class='ocrx_word' id='word_1_139' title='bbox 1348 1133 1379 1188; x_wconf 91' lang='grc' dir='ltr'><strong>ιι</strong></span> <span class='ocrx_word' id='word_1_140' title='bbox 1394 1127 1422 1189; x_wconf 89' lang='grc' dir='ltr'><strong>ιι</strong></span> <span class='ocrx_word' id='word_1_141' title='bbox 1445 1129 1591 1192; x_wconf 85' lang='grc' dir='ltr'>ιιιιιιιιι</span> <span class='ocrx_word' id='word_1_142' title='bbox 1614 1128 1815 1192; x_wconf 84' lang='grc' dir='ltr'>ιιοιιιιιιιι</span> <span class='ocrx_word' id='word_1_143' title='bbox 1836 1127 1875 1191; x_wconf 80' lang='lat' dir='ltr'><strong>lt</strong></span> <span class='ocrx_word' id='word_1_144' title='bbox 1890 1139 1981 1188; x_wconf 89' lang='lat' dir='ltr'><strong>mor-</strong></span> 
     </span>
     <span class='ocr_line' id='line_1_12' title="bbox 204 1209 1981 1292; baseline -0.005 -16"><span class='ocrx_word' id='word_1_145' title='bbox 204 1213 292 1277; x_wconf 83' lang='lat' dir='ltr'><strong>vobis</strong></span> <span class='ocrx_word' id='word_1_146' title='bbox 309 1211 552 1292; x_wconf 90' lang='lat' dir='ltr'><strong>reprohensione</strong></span> <span class='ocrx_word' id='word_1_147' title='bbox 568 1210 763 1290; x_wconf 86' lang='lat' dir='ltr'><strong>dignissime:</strong></span> <span class='ocrx_word' id='word_1_148' title='bbox 781 1226 816 1272; x_wconf 88' lang='grc' dir='ltr'><strong>ιι</strong></span> <span class='ocrx_word' id='word_1_149' title='bbox 832 1211 963 1287; x_wconf 89' lang='lat' dir='ltr'><strong>primurn</strong></span> <span class='ocrx_word' id='word_1_150' title='bbox 981 1210 1064 1274; x_wconf 87' lang='lat' dir='ltr'><strong>istud</strong></span> <span class='ocrx_word' id='word_1_151' title='bbox 1110 1218 1170 1272; x_wconf 90' lang='lat' dir='ltr'><strong>tem</strong></span> <span class='ocrx_word' id='word_1_152' title='bbox 1188 1211 1321 1286; x_wconf 88' lang='lat' dir='ltr'><strong>animae,</strong></span> <span class='ocrx_word' id='word_1_153' title='bbox 1338 1225 1418 1289; x_wconf 88' lang='lat' dir='ltr'><strong>qnae</strong></span> <span class='ocrx_word' id='word_1_154' title='bbox 1431 1212 1548 1275; x_wconf 86' lang='lat' dir='ltr'><strong>rictum</strong></span> <span class='ocrx_word' id='word_1_155' title='bbox 1564 1215 1613 1274; x_wconf 87' lang='lat' dir='ltr'><strong>est</strong></span> <span class='ocrx_word' id='word_1_156' title='bbox 1628 1216 1659 1274; x_wconf 93' lang='grc' dir='ltr'><strong>ιι</strong></span> <span class='ocrx_word' id='word_1_157' title='bbox 1681 1218 1865 1286; x_wconf 88' lang='lat' dir='ltr'><strong>aeternum,</strong></span> <span class='ocrx_word' id='word_1_158' title='bbox 1883 1215 1917 1273; x_wconf 88' lang='lat' dir='ltr'><strong>ei</strong></span> <span class='ocrx_word' id='word_1_159' title='bbox 1932 1209 1981 1269; x_wconf 91' lang='lat' dir='ltr'><strong>ia·</strong></span> 
     </span>
     <span class='ocr_line' id='line_1_13' title="bbox 204 1292 2023 1377; baseline -0.004 -17"><span class='ocrx_word' id='word_1_160' title='bbox 204 1292 1064 1377; x_wconf 65' lang='lat' dir='ltr'><strong>estquodnominemuriotetrosiornicotio,etlorni·</strong></span> <span class='ocrx_word' id='word_1_161' title='bbox 1107 1300 1224 1357; x_wconf 89' lang='lat' dir='ltr'><strong>eturnm</strong></span> <span class='ocrx_word' id='word_1_162' title='bbox 1240 1292 1338 1374; x_wconf 86' lang='lat' dir='ltr'><strong>liegoi</strong></span> <span class='ocrx_word' id='word_1_163' title='bbox 1360 1293 1526 1368; x_wconf 90' lang='lat' dir='ltr'><strong>caelestis,</strong></span> <span class='ocrx_word' id='word_1_164' title='bbox 1551 1295 1705 1373; x_wconf 84' lang='lat' dir='ltr'><strong>qnodest</strong></span> <span class='ocrx_word' id='word_1_165' title='bbox 1726 1297 1920 1367; x_wconf 81' lang='lat' dir='ltr'><strong>maximnm,</strong></span> <span class='ocrx_word' id='word_1_166' title='bbox 1946 1301 1981 1354; x_wconf 88' lang='lat' dir='ltr'><strong>et</strong></span> <span class='ocrx_word' id='word_1_167' title='bbox 2022 1301 2023 1304; x_wconf 73' lang='grc'>’</span> 
     </span>
     <span class='ocr_line' id='line_1_14' title="bbox 205 1375 1980 1460; baseline -0.003 -18"><span class='ocrx_word' id='word_1_168' title='bbox 205 1381 319 1443; x_wconf 80' lang='lat' dir='ltr'><strong>nicetio</strong></span> <span class='ocrx_word' id='word_1_169' title='bbox 335 1380 393 1440; x_wconf 91' lang='lat' dir='ltr'><strong>iam</strong></span> <span class='ocrx_word' id='word_1_170' title='bbox 409 1379 478 1441; x_wconf 90' lang='lat' dir='ltr'><strong>istic</strong></span> <span class='ocrx_word' id='word_1_171' title='bbox 494 1383 689 1458; x_wconf 87' lang='lat' dir='ltr'><strong>perpetrata:</strong></span> <span class='ocrx_word' id='word_1_172' title='bbox 713 1393 782 1439; x_wconf 91' lang='lat' dir='ltr'><strong>cum</strong></span> <span class='ocrx_word' id='word_1_173' title='bbox 809 1382 868 1439; x_wconf 88' lang='lat' dir='ltr'><strong>tarn</strong></span> <span class='ocrx_word' id='word_1_174' title='bbox 895 1379 1001 1456; x_wconf 90' lang='lat' dir='ltr'><strong>procul</strong></span> <span class='ocrx_word' id='word_1_175' title='bbox 1024 1378 1062 1439; x_wconf 89' lang='lat' dir='ltr'><strong>ab</strong></span> <span class='ocrx_word' id='word_1_176' title='bbox 1109 1375 1345 1454; x_wconf 88' lang='lat' dir='ltr'><strong>sempiternum,</strong></span> <span class='ocrx_word' id='word_1_177' title='bbox 1362 1393 1424 1440; x_wconf 95' lang='lat' dir='ltr'><strong>non</strong></span> <span class='ocrx_word' id='word_1_178' title='bbox 1440 1375 1569 1453; x_wconf 84' lang='lat' dir='ltr'><strong>deflere,</strong></span> <span class='ocrx_word' id='word_1_179' title='bbox 1586 1380 1649 1442; x_wconf 93' lang='lat' dir='ltr'><strong>imo</strong></span> <span class='ocrx_word' id='word_1_180' title='bbox 1664 1395 1727 1442; x_wconf 92' lang='lat' dir='ltr'><strong>non</strong></span> <span class='ocrx_word' id='word_1_181' title='bbox 1748 1379 1980 1460; x_wconf 73' lang='lat' dir='ltr'><strong>magnifacere,</strong></span> 
     </span>
     <span class='ocr_line' id='line_1_15' title="bbox 204 1460 2023 1540; baseline -0.001 -14"><span class='ocrx_word' id='word_1_182' title='bbox 204 1465 264 1526; x_wconf 91' lang='lat' dir='ltr'><strong>bac</strong></span> <span class='ocrx_word' id='word_1_183' title='bbox 279 1461 474 1525; x_wconf 89' lang='lat' dir='ltr'><strong>immunditia</strong></span> <span class='ocrx_word' id='word_1_184' title='bbox 489 1463 602 1524; x_wconf 91' lang='lat' dir='ltr'><strong>abesse</strong></span> <span class='ocrx_word' id='word_1_185' title='bbox 623 1477 679 1524; x_wconf 85' lang='lat' dir='ltr'><strong>vos</strong></span> <span class='ocrx_word' id='word_1_186' title='bbox 700 1475 833 1535; x_wconf 84' lang='lat' dir='ltr'><strong>aeonum</strong></span> <span class='ocrx_word' id='word_1_187' title='bbox 850 1461 951 1534; x_wconf 86' lang='lat' dir='ltr'><strong>inerit,</strong></span> <span class='ocrx_word' id='word_1_188' title='bbox 969 1465 1002 1523; x_wconf 91' lang='lat' dir='ltr'><strong>ut</strong></span> <span class='ocrx_word' id='word_1_189' title='bbox 1017 1463 1061 1539; x_wconf 92' lang='lat' dir='ltr'><strong>ip·</strong></span> <span class='ocrx_word' id='word_1_190' title='bbox 1110 1475 1212 1539; x_wconf 89' lang='lat' dir='ltr'><strong>neque</strong></span> <span class='ocrx_word' id='word_1_191' title='bbox 1228 1477 1348 1536; x_wconf 89' lang='lat' dir='ltr'><strong>curare,</strong></span> <span class='ocrx_word' id='word_1_192' title='bbox 1365 1476 1470 1523; x_wconf 93' lang='lat' dir='ltr'><strong>nonne</strong></span> <span class='ocrx_word' id='word_1_193' title='bbox 1486 1461 1633 1540; x_wconf 88' lang='lat' dir='ltr'><strong>stuporis,</strong></span> <span class='ocrx_word' id='word_1_194' title='bbox 1657 1460 1706 1527; x_wconf 86' lang='lat' dir='ltr'><strong>vel</strong></span> <span class='ocrx_word' id='word_1_195' title='bbox 1719 1465 1872 1524; x_wconf 87' lang='lat' dir='ltr'><strong>amentiae</strong></span> <span class='ocrx_word' id='word_1_196' title='bbox 1886 1476 1982 1536; x_wconf 78' lang='lat' dir='ltr'><strong>argu·</strong></span> <span class='ocrx_word' id='word_1_197' title='bbox 2022 1525 2023 1528; x_wconf 69' lang='grc'>,</span> 
     </span>
     <span class='ocr_line' id='line_1_16' title="bbox 204 1543 1981 1626; baseline -0.003 -16"><span class='ocrx_word' id='word_1_198' title='bbox 204 1562 274 1610; x_wconf 90' lang='lat' dir='ltr'><strong>snm</strong></span> <span class='ocrx_word' id='word_1_199' title='bbox 291 1547 383 1608; x_wconf 88' lang='lat' dir='ltr'><strong>etiam</strong></span> <span class='ocrx_word' id='word_1_200' title='bbox 400 1562 513 1609; x_wconf 90' lang='lat' dir='ltr'><strong>nomeu</strong></span> <span class='ocrx_word' id='word_1_201' title='bbox 530 1545 725 1626; x_wconf 74' lang='lat' dir='ltr'><strong>ignoraretis.</strong></span> <span class='ocrx_word' id='word_1_202' title='bbox 737 1543 777 1606; x_wconf 83' lang='lat' dir='ltr'><strong>lit</strong></span> <span class='ocrx_word' id='word_1_203' title='bbox 789 1543 862 1605; x_wconf 86' lang='lat' dir='ltr'><strong>tolia</strong></span> <span class='ocrx_word' id='word_1_204' title='bbox 875 1543 1062 1622; x_wconf 76' lang='lat' dir='ltr'><strong>fornicatio,</strong></span> <span class='ocrx_word' id='word_1_205' title='bbox 1109 1551 1247 1606; x_wconf 89' lang='lat' dir='ltr'><strong>mentum</strong></span> <span class='ocrx_word' id='word_1_206' title='bbox 1260 1551 1308 1606; x_wconf 89' lang='grc' dir='ltr'><strong>ιιι</strong></span> <span class='ocrx_word' id='word_1_207' title='bbox 1323 1543 1519 1606; x_wconf 86' lang='grc' dir='ltr'>ιιιιιιιιιιιι</span> <span class='ocrx_word' id='word_1_208' title='bbox 1535 1543 1597 1608; x_wconf 82' lang='lat' dir='ltr'><strong>illl</strong></span> <span class='ocrx_word' id='word_1_209' title='bbox 1614 1552 1717 1608; x_wconf 90' lang='lat' dir='ltr'><strong>tomen</strong></span> <span class='ocrx_word' id='word_1_210' title='bbox 1733 1545 1889 1608; x_wconf 87' lang='lat' dir='ltr'><strong>eiusmodi</strong></span> <span class='ocrx_word' id='word_1_211' title='bbox 1911 1550 1981 1606; x_wconf 88' lang='lat' dir='ltr'><strong>stu·</strong></span> 
     </span>
     <span class='ocr_line' id='line_1_17' title="bbox 204 1625 2023 1712; baseline 0.001 -19"><span class='ocrx_word' id='word_1_212' title='bbox 204 1629 313 1712; x_wconf 83' lang='lat' dir='ltr'><strong>gualis</strong></span> <span class='ocrx_word' id='word_1_213' title='bbox 328 1644 389 1693; x_wconf 83' lang='lat' dir='ltr'><strong>acc</strong></span> <span class='ocrx_word' id='word_1_214' title='bbox 403 1630 622 1709; x_wconf 80' lang='lat' dir='ltr'><strong>interpretes,</strong></span> <span class='ocrx_word' id='word_1_215' title='bbox 635 1629 684 1691; x_wconf 89' lang='lat' dir='ltr'><strong>itu</strong></span> <span class='ocrx_word' id='word_1_216' title='bbox 698 1635 734 1690; x_wconf 85' lang='lat' dir='ltr'><strong>ut</strong></span> <span class='ocrx_word' id='word_1_217' title='bbox 744 1642 884 1691; x_wconf 83' lang='lat' dir='ltr'><strong>umorem</strong></span> <span class='ocrx_word' id='word_1_218' title='bbox 898 1630 1003 1706; x_wconf 84' lang='lat' dir='ltr'><strong>putris</strong></span> <span class='ocrx_word' id='word_1_219' title='bbox 1013 1633 1068 1692; x_wconf 83' lang='lat' dir='ltr'><strong>stoi</strong></span> <span class='ocrx_word' id='word_1_220' title='bbox 1109 1625 1264 1707; x_wconf 89' lang='lat' dir='ltr'><strong>pidorum,</strong></span> <span class='ocrx_word' id='word_1_221' title='bbox 1287 1626 1336 1689; x_wconf 88' lang='grc' dir='ltr'><strong>ιιι</strong></span> <span class='ocrx_word' id='word_1_222' title='bbox 1347 1631 1536 1701; x_wconf 86' lang='lat' dir='ltr'><strong>amentium,</strong></span> <span class='ocrx_word' id='word_1_223' title='bbox 1554 1629 1615 1690; x_wconf 89' lang='lat' dir='ltr'><strong>imo</strong></span> <span class='ocrx_word' id='word_1_224' title='bbox 1638 1628 1730 1690; x_wconf 88' lang='lat' dir='ltr'><strong>ctiam</strong></span> <span class='ocrx_word' id='word_1_225' title='bbox 1745 1645 1928 1702; x_wconf 88' lang='lat' dir='ltr'><strong>caecorum,</strong></span> <span class='ocrx_word' id='word_1_226' title='bbox 1948 1633 1982 1687; x_wconf 90' lang='lat' dir='ltr'><strong>et</strong></span> <span class='ocrx_word' id='word_1_227' title='bbox 2022 1689 2023 1694; x_wconf 75' lang='grc'>,</span> 
     </span>
     <span class='ocr_line' id='line_1_18' title="bbox 205 1709 1983 1796; baseline -0.004 -18"><span class='ocrx_word' id='word_1_228' title='bbox 205 1715 329 1796; x_wconf 83' lang='lat' dir='ltr'><strong>aliquis</strong></span> <span class='ocrx_word' id='word_1_229' title='bbox 343 1713 473 1779; x_wconf 83' lang='lat' dir='ltr'><strong>hebent.</strong></span> <span class='ocrx_word' id='word_1_230' title='bbox 489 1713 555 1775; x_wconf 89' lang='lat' dir='ltr'><strong>lioc</strong></span> <span class='ocrx_word' id='word_1_231' title='bbox 570 1721 618 1776; x_wconf 88' lang='lat' dir='ltr'><strong>cst</strong></span> <span class='ocrx_word' id='word_1_232' title='bbox 633 1713 760 1774; x_wconf 87' lang='lat' dir='ltr'><strong>altarum</strong></span> <span class='ocrx_word' id='word_1_233' title='bbox 771 1715 958 1789; x_wconf 87' lang='lat' dir='ltr'><strong>peceatum,</strong></span> <span class='ocrx_word' id='word_1_234' title='bbox 982 1714 1065 1789; x_wconf 82' lang='lat' dir='ltr'><strong>qnod</strong></span> <span class='ocrx_word' id='word_1_235' title='bbox 1111 1711 1287 1788; x_wconf 88' lang='lat' dir='ltr'><strong>surdorum,</strong></span> <span class='ocrx_word' id='word_1_236' title='bbox 1305 1709 1444 1773; x_wconf 84' lang='lat' dir='ltr'><strong>infinitus</strong></span> <span class='ocrx_word' id='word_1_237' title='bbox 1460 1718 1508 1776; x_wconf 89' lang='lat' dir='ltr'><strong>est</strong></span> <span class='ocrx_word' id='word_1_238' title='bbox 1522 1727 1682 1776; x_wconf 90' lang='lat' dir='ltr'><strong>numerus.</strong></span> <span class='ocrx_word' id='word_1_239' title='bbox 1699 1711 1760 1776; x_wconf 89' lang='lat' dir='ltr'><strong>Sed</strong></span> <span class='ocrx_word' id='word_1_240' title='bbox 1777 1714 1904 1791; x_wconf 86' lang='lat' dir='ltr'><strong>quando</strong></span> <span class='ocrx_word' id='word_1_241' title='bbox 1920 1724 1983 1772; x_wconf 87' lang='lat' dir='ltr'><strong>nos</strong></span> 
     </span>
     <span class='ocr_line' id='line_1_19' title="bbox 205 1792 1982 1878; baseline -0.003 -18"><span class='ocrx_word' id='word_1_242' title='bbox 205 1797 453 1862; x_wconf 79' lang='lat' dir='ltr'><strong>tornicatiotstic</strong></span> <span class='ocrx_word' id='word_1_243' title='bbox 469 1801 653 1877; x_wconf 86' lang='lat' dir='ltr'><strong>perpetrata,</strong></span> <span class='ocrx_word' id='word_1_244' title='bbox 670 1809 733 1858; x_wconf 92' lang='lat' dir='ltr'><strong>non</strong></span> <span class='ocrx_word' id='word_1_245' title='bbox 755 1792 848 1856; x_wconf 87' lang='lat' dir='ltr'><strong>tuerit</strong></span> <span class='ocrx_word' id='word_1_246' title='bbox 862 1794 995 1874; x_wconf 83' lang='lat' dir='ltr'><strong>simplex</strong></span> <span class='ocrx_word' id='word_1_247' title='bbox 1008 1794 1068 1857; x_wconf 90' lang='lat' dir='ltr'><strong>ior·</strong></span> <span class='ocrx_word' id='word_1_248' title='bbox 1114 1792 1342 1874; x_wconf 84' lang='lat' dir='ltr'><strong>Scripturerum</strong></span> <span class='ocrx_word' id='word_1_249' title='bbox 1364 1794 1457 1857; x_wconf 83' lang='lat' dir='ltr'><strong>rerba</strong></span> <span class='ocrx_word' id='word_1_250' title='bbox 1480 1809 1549 1857; x_wconf 90' lang='lat' dir='ltr'><strong>noo.</strong></span> <span class='ocrx_word' id='word_1_251' title='bbox 1566 1800 1691 1859; x_wconf 88' lang='lat' dir='ltr'><strong>moreni</strong></span> <span class='ocrx_word' id='word_1_252' title='bbox 1705 1842 1713 1868; x_wconf 93' lang='lat'><strong>,</strong></span> <span class='ocrx_word' id='word_1_253' title='bbox 1729 1797 1930 1878; x_wconf 87' lang='lat' dir='ltr'><strong>experiamur</strong></span> <span class='ocrx_word' id='word_1_254' title='bbox 1947 1811 1982 1856; x_wconf 95' lang='lat' dir='ltr'><strong>n·</strong></span> 
     </span>
     <span class='ocr_line' id='line_1_20' title="bbox 205 1877 1719 1958; baseline -0.003 -14"><span class='ocrx_word' id='word_1_255' title='bbox 205 1881 320 1944; x_wconf 86' lang='lat' dir='ltr'><strong>nicetio</strong></span> <span class='ocrx_word' id='word_1_256' title='bbox 336 1928 343 1955; x_wconf 90' lang='lat'><strong>,</strong></span> <span class='ocrx_word' id='word_1_257' title='bbox 371 1881 426 1944; x_wconf 93' lang='lat' dir='ltr'><strong>sed</strong></span> <span class='ocrx_word' id='word_1_258' title='bbox 442 1879 602 1943; x_wconf 88' lang='lat' dir='ltr'><strong>iornioatio</strong></span> <span class='ocrx_word' id='word_1_259' title='bbox 617 1877 807 1954; x_wconf 91' lang='lat' dir='ltr'><strong>incestuosa,</strong></span> <span class='ocrx_word' id='word_1_260' title='bbox 831 1883 863 1940; x_wconf 90' lang='lat' dir='ltr'><strong>et</strong></span> <span class='ocrx_word' id='word_1_261' title='bbox 877 1880 959 1957; x_wconf 88' lang='lat' dir='ltr'><strong>apud</strong></span> <span class='ocrx_word' id='word_1_262' title='bbox 975 1877 1062 1954; x_wconf 91' lang='lat' dir='ltr'><strong>ipsos</strong></span> <span class='ocrx_word' id='word_1_263' title='bbox 1113 1883 1193 1942; x_wconf 89' lang='lat' dir='ltr'><strong>trum</strong></span> <span class='ocrx_word' id='word_1_264' title='bbox 1209 1877 1320 1942; x_wconf 90' lang='lat' dir='ltr'><strong>saitem</strong></span> <span class='ocrx_word' id='word_1_265' title='bbox 1335 1877 1477 1958; x_wconf 83' lang='lat' dir='ltr'><strong>exempla</strong></span> <span class='ocrx_word' id='word_1_266' title='bbox 1492 1895 1551 1942; x_wconf 94' lang='lat' dir='ltr'><strong>nos</strong></span> <span class='ocrx_word' id='word_1_267' title='bbox 1566 1887 1719 1944; x_wconf 87' lang='lat' dir='ltr'><strong>morcant.</strong></span> 
     </span>
     <span class='ocr_line' id='line_1_21' title="bbox 205 1959 1104 2040; baseline -0.006 -11"><span class='ocrx_word' id='word_1_268' title='bbox 205 1965 299 2029; x_wconf 90' lang='lat' dir='ltr'><strong>etiam</strong></span> <span class='ocrx_word' id='word_1_269' title='bbox 316 1963 453 2028; x_wconf 82' lang='lat' dir='ltr'><strong>Gentiles</strong></span> <span class='ocrx_word' id='word_1_270' title='bbox 469 1963 619 2026; x_wconf 88' lang='lat' dir='ltr'><strong>inaudita.</strong></span> <span class='ocrx_word' id='word_1_271' title='bbox 637 1959 782 2040; x_wconf 82' lang='lat' dir='ltr'><strong>Quamvis</strong></span> <span class='ocrx_word' id='word_1_272' title='bbox 798 1961 880 2022; x_wconf 91' lang='lat' dir='ltr'><strong>enim</strong></span> <span class='ocrx_word' id='word_1_273' title='bbox 896 1961 969 2022; x_wconf 90' lang='lat' dir='ltr'><strong>olim</strong></span> <span class='ocrx_word' id='word_1_274' title='bbox 985 1963 1067 2040; x_wconf 91' lang='lat' dir='ltr'><strong>apud</strong></span> <span class='ocrx_word' id='word_1_275' title='bbox 1101 1983 1104 1992; x_wconf 33' lang='grc' dir='ltr'><strong>ι</strong></span> 
     </span>
     <span class='ocr_line' id='line_1_22' title="bbox 206 2045 1604 2155; baseline -0.003 -46"><span class='ocrx_word' id='word_1_276' title='bbox 206 2049 305 2112; x_wconf 88' lang='grc' dir='ltr'>ιιιιιι</span> <span class='ocrx_word' id='word_1_277' title='bbox 319 2054 430 2127; x_wconf 85' lang='lat' dir='ltr'><strong>gentes</strong></span> <span class='ocrx_word' id='word_1_278' title='bbox 445 2049 585 2110; x_wconf 89' lang='lat' dir='ltr'><strong>incestus</strong></span> <span class='ocrx_word' id='word_1_279' title='bbox 600 2060 662 2116; x_wconf 92' lang='lat' dir='ltr'><strong>non</strong></span> <span class='ocrx_word' id='word_1_280' title='bbox 675 2045 851 2125; x_wconf 84' lang='lat' dir='ltr'><strong>puniretur,</strong></span> <span class='ocrx_word' id='word_1_281' title='bbox 876 2049 979 2107; x_wconf 90' lang='lat' dir='ltr'><strong>tamen</strong></span> <span class='ocrx_word' id='word_1_282' title='bbox 994 2061 1069 2123; x_wconf 90' lang='lat' dir='ltr'><strong>pau·</strong></span> <span class='ocrx_word' id='word_1_283' title='bbox 1477 2088 1548 2155; x_wconf 65' lang='lat' dir='ltr'><strong>GAP</strong></span> <span class='ocrx_word' id='word_1_284' title='bbox 1575 2087 1604 2152; x_wconf 67' lang='lat' dir='ltr'>X</span> 
     </span>
     <span class='ocr_line' id='line_1_23' title="bbox 206 2127 1615 2211; baseline -0.004 -18"><span class='ocrx_word' id='word_1_285' title='bbox 206 2132 290 2194; x_wconf 89' lang='lat' dir='ltr'><strong>latim</strong></span> <span class='ocrx_word' id='word_1_286' title='bbox 305 2131 482 2211; x_wconf 84' lang='lat' dir='ltr'><strong>intelligere</strong></span> <span class='ocrx_word' id='word_1_287' title='bbox 497 2135 663 2210; x_wconf 88' lang='lat' dir='ltr'><strong>coeperant</strong></span> <span class='ocrx_word' id='word_1_288' title='bbox 677 2127 828 2205; x_wconf 87' lang='lat' dir='ltr'><strong>Gentiles,</strong></span> <span class='ocrx_word' id='word_1_289' title='bbox 845 2142 911 2190; x_wconf 88' lang='lat' dir='ltr'><strong>eam</strong></span> <span class='ocrx_word' id='word_1_290' title='bbox 937 2130 1067 2190; x_wconf 89' lang='lat' dir='ltr'><strong>coniun-</strong></span> <span class='ocrx_word' id='word_1_291' title='bbox 1551 2134 1561 2154; x_wconf 91' lang='lat'><strong>·</strong></span> <span class='ocrx_word' id='word_1_292' title='bbox 1605 2132 1615 2153; x_wconf 92' lang='grc'><em>·</em></span> 
     </span>
     <span class='ocr_line' id='line_1_24' title="bbox 205 2209 1713 2294; baseline -0.009 -15"><span class='ocrx_word' id='word_1_293' title='bbox 205 2215 340 2279; x_wconf 89' lang='grc' dir='ltr'>ιιιοιιιι</span> <span class='ocrx_word' id='word_1_294' title='bbox 357 2231 427 2278; x_wconf 85' lang='lat' dir='ltr'><strong>curn</strong></span> <span class='ocrx_word' id='word_1_295' title='bbox 442 2218 550 2278; x_wconf 91' lang='lat' dir='ltr'><strong>natura</strong></span> <span class='ocrx_word' id='word_1_296' title='bbox 566 2217 757 2294; x_wconf 70' lang='lat' dir='ltr'><strong>pugnarem</strong></span> <span class='ocrx_word' id='word_1_297' title='bbox 768 2209 827 2274; x_wconf 92' lang='lat' dir='ltr'><strong>iam</strong></span> <span class='ocrx_word' id='word_1_298' title='bbox 840 2210 979 2292; x_wconf 83' lang='lat' dir='ltr'><strong>Apostoli</strong></span> <span class='ocrx_word' id='word_1_299' title='bbox 992 2217 1068 2274; x_wconf 90' lang='lat' dir='ltr'><strong>tem·</strong></span> <span class='ocrx_word' id='word_1_300' title='bbox 1710 2245 1713 2248; x_wconf 93' lang='lat'>-</span> 
     </span>
     <span class='ocr_line' id='line_1_25' title="bbox 206 2292 1944 2379; baseline -0.006 -13"><span class='ocrx_word' id='word_1_301' title='bbox 206 2298 453 2379; x_wconf 64' lang='lat' dir='ltr'><strong>pontemollem</strong></span> <span class='ocrx_word' id='word_1_302' title='bbox 468 2298 551 2376; x_wconf 88' lang='lat' dir='ltr'><strong>apud</strong></span> <span class='ocrx_word' id='word_1_303' title='bbox 567 2302 676 2378; x_wconf 90' lang='lat' dir='ltr'><strong>gentes</strong></span> <span class='ocrx_word' id='word_1_304' title='bbox 689 2295 740 2359; x_wconf 88' lang='grc' dir='ltr'><strong>ιιι</strong></span> <span class='ocrx_word' id='word_1_305' title='bbox 753 2293 947 2358; x_wconf 79' lang='lat' dir='ltr'><strong>audiebatur.</strong></span> <span class='ocrx_word' id='word_1_306' title='bbox 963 2294 1069 2360; x_wconf 83' lang='lat' dir='ltr'><strong>lituos</strong></span> <span class='ocrx_word' id='word_1_307' title='bbox 1159 2297 1205 2364; x_wconf 86' lang='lat' dir='ltr'><strong>Dc</strong></span> <span class='ocrx_word' id='word_1_308' title='bbox 1220 2299 1409 2365; x_wconf 76' lang='lat' dir='ltr'><strong>ocresiam</strong></span> <span class='ocrx_word' id='word_1_309' title='bbox 1423 2297 1617 2379; x_wconf 76' lang='lat' dir='ltr'><strong>perpituum,</strong></span> <span class='ocrx_word' id='word_1_310' title='bbox 1633 2309 1677 2360; x_wconf 74' lang='lat' dir='ltr'><strong>ern</strong></span> <span class='ocrx_word' id='word_1_311' title='bbox 1691 2292 1944 2374; x_wconf 71' lang='lat' dir='ltr'><strong>scriptorumve</strong></span> 
     </span>
     <span class='ocr_line' id='line_1_26' title="bbox 206 2377 1808 2480; baseline -0.002 -33"><span class='ocrx_word' id='word_1_312' title='bbox 206 2381 318 2462; x_wconf 77' lang='lat' dir='ltr'><strong>iniioti</strong></span> <span class='ocrx_word' id='word_1_313' title='bbox 332 2383 417 2456; x_wconf 84' lang='lat' dir='ltr'><strong>eatis,</strong></span> <span class='ocrx_word' id='word_1_314' title='bbox 432 2387 461 2445; x_wconf 91' lang='grc' dir='ltr'><strong>ιι</strong></span> <span class='ocrx_word' id='word_1_315' title='bbox 473 2397 544 2447; x_wconf 82' lang='lat' dir='ltr'><strong>ooo</strong></span> <span class='ocrx_word' id='word_1_316' title='bbox 554 2380 660 2460; x_wconf 84' lang='lat' dir='ltr'><strong>mepta</strong></span> <span class='ocrx_word' id='word_1_317' title='bbox 676 2378 799 2442; x_wconf 84' lang='lat' dir='ltr'><strong>iectura</strong></span> <span class='ocrx_word' id='word_1_318' title='bbox 815 2377 987 2442; x_wconf 83' lang='lat' dir='ltr'><strong>habuistis.</strong></span> <span class='ocrx_word' id='word_1_319' title='bbox 1002 2377 1069 2443; x_wconf 86' lang='lat' dir='ltr'><strong>Hoc</strong></span> <span class='ocrx_word' id='word_1_320' title='bbox 1461 2398 1632 2480; x_wconf 50' lang='lat' dir='ltr'><strong>mmm,</strong></span> <span class='ocrx_word' id='word_1_321' title='bbox 1806 2411 1808 2416; x_wconf 83' lang='lat'><strong>.</strong></span> 
     </span>
     <span class='ocr_line' id='line_1_27' title="bbox 210 2461 1068 2546; baseline -0.006 -18"><span class='ocrx_word' id='word_1_322' title='bbox 210 2471 257 2528; x_wconf 88' lang='lat' dir='ltr'><strong>est</strong></span> <span class='ocrx_word' id='word_1_323' title='bbox 271 2472 435 2546; x_wconf 90' lang='lat' dir='ltr'><strong>peceatum</strong></span> <span class='ocrx_word' id='word_1_324' title='bbox 451 2466 574 2528; x_wconf 88' lang='lat' dir='ltr'><strong>tertium</strong></span> <span class='ocrx_word' id='word_1_325' title='bbox 589 2461 839 2540; x_wconf 84' lang='lat' dir='ltr'><strong>corinthiorum,</strong></span> <span class='ocrx_word' id='word_1_326' title='bbox 867 2463 950 2542; x_wconf 84' lang='lat' dir='ltr'><strong>qnod</strong></span> <span class='ocrx_word' id='word_1_327' title='bbox 971 2461 1068 2524; x_wconf 87' lang='lat' dir='ltr'><strong>inflati</strong></span> 
     </span>
     <span class='ocr_line' id='line_1_28' title="bbox 207 2544 1478 2627; baseline 0 -17"><span class='ocrx_word' id='word_1_328' title='bbox 207 2548 367 2627; x_wconf 87' lang='lat' dir='ltr'><strong>snperbia,</strong></span> <span class='ocrx_word' id='word_1_329' title='bbox 381 2550 422 2611; x_wconf 92' lang='grc' dir='ltr'><strong>ιιι</strong></span> <span class='ocrx_word' id='word_1_330' title='bbox 437 2549 663 2612; x_wconf 88' lang='grc' dir='ltr'>ιοιιιιιιιιιι</span> <span class='ocrx_word' id='word_1_331' title='bbox 678 2547 818 2622; x_wconf 76' lang='lat' dir='ltr'><strong>interm,</strong></span> <span class='ocrx_word' id='word_1_332' title='bbox 836 2551 868 2608; x_wconf 91' lang='grc' dir='ltr'><strong>ιι</strong></span> <span class='ocrx_word' id='word_1_333' title='bbox 883 2545 1026 2625; x_wconf 88' lang='lat' dir='ltr'><strong>occupati</strong></span> <span class='ocrx_word' id='word_1_334' title='bbox 1037 2544 1070 2609; x_wconf 95' lang='lat' dir='ltr'><strong>in</strong></span> <span class='ocrx_word' id='word_1_335' title='bbox 1468 2581 1478 2610; x_wconf 73' lang='grc' dir='ltr'><strong>ι</strong></span> 
     </span>
     <span class='ocr_line' id='line_1_29' title="bbox 207 2623 1986 2710; baseline -0.005 -16"><span class='ocrx_word' id='word_1_336' title='bbox 207 2631 462 2698; x_wconf 88' lang='lat' dir='ltr'><strong>dissensionibus</strong></span> <span class='ocrx_word' id='word_1_337' title='bbox 477 2630 560 2704; x_wconf 87' lang='lat' dir='ltr'><strong>suis,</strong></span> <span class='ocrx_word' id='word_1_338' title='bbox 574 2646 636 2695; x_wconf 91' lang='lat' dir='ltr'><strong>non</strong></span> <span class='ocrx_word' id='word_1_339' title='bbox 654 2628 855 2710; x_wconf 77' lang='lat' dir='ltr'><strong>cogitaverint</strong></span> <span class='ocrx_word' id='word_1_340' title='bbox 869 2629 909 2694; x_wconf 88' lang='lat' dir='ltr'><strong>de</strong></span> <span class='ocrx_word' id='word_1_341' title='bbox 930 2628 1069 2693; x_wconf 90' lang='lat' dir='ltr'><strong>remedio</strong></span> <span class='ocrx_word' id='word_1_342' title='bbox 1154 2628 1189 2691; x_wconf 90' lang='lat' dir='ltr'><strong>In</strong></span> <span class='ocrx_word' id='word_1_343' title='bbox 1206 2625 1294 2691; x_wconf 88' lang='lat' dir='ltr'><strong>libris</strong></span> <span class='ocrx_word' id='word_1_344' title='bbox 1307 2627 1425 2691; x_wconf 90' lang='lat' dir='ltr'><strong>sanctis</strong></span> <span class='ocrx_word' id='word_1_345' title='bbox 1440 2629 1533 2690; x_wconf 90' lang='lat' dir='ltr'><strong>multa</strong></span> <span class='ocrx_word' id='word_1_346' title='bbox 1545 2632 1618 2692; x_wconf 89' lang='lat' dir='ltr'><strong>sunt</strong></span> <span class='ocrx_word' id='word_1_347' title='bbox 1631 2626 1773 2705; x_wconf 86' lang='lat' dir='ltr'><strong>exempla</strong></span> <span class='ocrx_word' id='word_1_348' title='bbox 1786 2640 1910 2701; x_wconf 91' lang='lat' dir='ltr'><strong>eornm,</strong></span> <span class='ocrx_word' id='word_1_349' title='bbox 1928 2623 1986 2700; x_wconf 86' lang='lat' dir='ltr'><strong>uui</strong></span> 
     </span>
     <span class='ocr_line' id='line_1_30' title="bbox 208 2709 1985 2792; baseline -0.004 -17"><span class='ocrx_word' id='word_1_350' title='bbox 208 2720 292 2779; x_wconf 90' lang='lat' dir='ltr'><strong>tanto</strong></span> <span class='ocrx_word' id='word_1_351' title='bbox 306 2716 419 2780; x_wconf 90' lang='lat' dir='ltr'><strong>sceleri</strong></span> <span class='ocrx_word' id='word_1_352' title='bbox 434 2714 634 2780; x_wconf 86' lang='lat' dir='ltr'><strong>adhibendo:</strong></span> <span class='ocrx_word' id='word_1_353' title='bbox 656 2711 844 2776; x_wconf 89' lang='lat' dir='ltr'><strong>debuissent</strong></span> <span class='ocrx_word' id='word_1_354' title='bbox 865 2712 961 2790; x_wconf 91' lang='lat' dir='ltr'><strong>enim,</strong></span> <span class='ocrx_word' id='word_1_355' title='bbox 987 2719 1069 2777; x_wconf 93' lang='lat' dir='ltr'><strong>tanto</strong></span> <span class='ocrx_word' id='word_1_356' title='bbox 1114 2711 1153 2774; x_wconf 93' lang='lat' dir='ltr'><strong>ad</strong></span> <span class='ocrx_word' id='word_1_357' title='bbox 1169 2711 1355 2791; x_wconf 90' lang='lat' dir='ltr'><strong>placandum</strong></span> <span class='ocrx_word' id='word_1_358' title='bbox 1371 2712 1469 2776; x_wconf 87' lang='lat' dir='ltr'><strong>Deum</strong></span> <span class='ocrx_word' id='word_1_359' title='bbox 1484 2711 1609 2776; x_wconf 87' lang='lat' dir='ltr'><strong>fletibus</strong></span> <span class='ocrx_word' id='word_1_360' title='bbox 1632 2712 1797 2792; x_wconf 88' lang='lat' dir='ltr'><strong>praecipue</strong></span> <span class='ocrx_word' id='word_1_361' title='bbox 1821 2709 1868 2772; x_wconf 89' lang='lat' dir='ltr'><strong>nsi</strong></span> <span class='ocrx_word' id='word_1_362' title='bbox 1892 2713 1985 2770; x_wconf 89' lang='lat' dir='ltr'><strong>sont.</strong></span> 
     </span>
     <span class='ocr_line' id='line_1_31' title="bbox 207 2787 1982 2880; baseline -0.004 -19"><span class='ocrx_word' id='word_1_363' title='bbox 207 2797 325 2879; x_wconf 79' lang='lat' dir='ltr'><strong>digitio</strong></span> <span class='ocrx_word' id='word_1_364' title='bbox 341 2800 478 2880; x_wconf 87' lang='lat' dir='ltr'><strong>cognito,</strong></span> <span class='ocrx_word' id='word_1_365' title='bbox 495 2799 677 2878; x_wconf 85' lang='lat' dir='ltr'><strong>congregari</strong></span> <span class='ocrx_word' id='word_1_366' title='bbox 692 2795 724 2858; x_wconf 91' lang='lat' dir='ltr'><strong>in</strong></span> <span class='ocrx_word' id='word_1_367' title='bbox 750 2792 920 2860; x_wconf 75' lang='lat' dir='ltr'><strong>Ecclesiam</strong></span> <span class='ocrx_word' id='word_1_368' title='bbox 935 2797 1070 2877; x_wconf 88' lang='lat' dir='ltr'><strong>negotiis</strong></span> <span class='ocrx_word' id='word_1_369' title='bbox 1112 2795 1156 2857; x_wconf 83' lang='lat' dir='ltr'><strong>hc</strong></span> <span class='ocrx_word' id='word_1_370' title='bbox 1172 2797 1303 2874; x_wconf 87' lang='lat' dir='ltr'><strong>primum</strong></span> <span class='ocrx_word' id='word_1_371' title='bbox 1316 2795 1451 2860; x_wconf 79' lang='lat' dir='ltr'><strong>occurrit</strong></span> <span class='ocrx_word' id='word_1_372' title='bbox 1465 2797 1641 2874; x_wconf 85' lang='lat' dir='ltr'><strong>exemplum</strong></span> <span class='ocrx_word' id='word_1_373' title='bbox 1660 2795 1753 2858; x_wconf 91' lang='lat' dir='ltr'><strong>totius</strong></span> <span class='ocrx_word' id='word_1_374' title='bbox 1776 2787 1982 2873; x_wconf 77' lang='lat' dir='ltr'><strong>Reipublicae</strong></span> 
     </span>
    </p>

    <p class='ocr_par' dir='ltr' id='par_1_4' title="bbox 124 2873 1991 3798">
     <span class='ocr_line' id='line_1_32' title="bbox 124 2873 1990 2966; baseline -0.005 -21"><span class='ocrx_word' id='word_1_375' title='bbox 124 2954 128 2966; x_wconf 27' lang='grc' dir='ltr'>ι</span> <span class='ocrx_word' id='word_1_376' title='bbox 208 2885 278 2946; x_wconf 87' lang='lat' dir='ltr'><strong>eliis</strong></span> <span class='ocrx_word' id='word_1_377' title='bbox 293 2882 494 2960; x_wconf 89' lang='lat' dir='ltr'><strong>intermissis,</strong></span> <span class='ocrx_word' id='word_1_378' title='bbox 510 2889 541 2944; x_wconf 92' lang='lat' dir='ltr'><strong>et</strong></span> <span class='ocrx_word' id='word_1_379' title='bbox 555 2881 716 2962; x_wconf 90' lang='lat' dir='ltr'><strong>publicum</strong></span> <span class='ocrx_word' id='word_1_380' title='bbox 730 2880 847 2944; x_wconf 89' lang='lat' dir='ltr'><strong>luctum</strong></span> <span class='ocrx_word' id='word_1_381' title='bbox 862 2879 1016 2958; x_wconf 89' lang='lat' dir='ltr'><strong>indicere,</strong></span> <span class='ocrx_word' id='word_1_382' title='bbox 1039 2887 1071 2943; x_wconf 91' lang='lat' dir='ltr'><strong>ot</strong></span> <span class='ocrx_word' id='word_1_383' title='bbox 1117 2878 1328 2943; x_wconf 87' lang='lat' dir='ltr'><strong>Hebraeorum</strong></span> <span class='ocrx_word' id='word_1_384' title='bbox 1351 2879 1384 2943; x_wconf 91' lang='lat' dir='ltr'><strong>in</strong></span> <span class='ocrx_word' id='word_1_385' title='bbox 1408 2878 1657 2944; x_wconf 85' lang='lat' dir='ltr'><strong>libtoiudicum.</strong></span> <span class='ocrx_word' id='word_1_386' title='bbox 1680 2877 1839 2957; x_wconf 86' lang='lat' dir='ltr'><strong>Siquidem</strong></span> <span class='ocrx_word' id='word_1_387' title='bbox 1862 2873 1990 2953; x_wconf 75' lang='lat' dir='ltr'><strong>bugeio</strong></span> 
     </span>
     <span class='ocr_line' id='line_1_33' title="bbox 208 2961 1991 3047; baseline -0.005 -19"><span class='ocrx_word' id='word_1_388' title='bbox 208 2967 429 3031; x_wconf 88' lang='lat' dir='ltr'><strong>communibus</strong></span> <span class='ocrx_word' id='word_1_389' title='bbox 444 2966 589 3047; x_wconf 75' lang='lat' dir='ltr'><strong>lacrymis</strong></span> <span class='ocrx_word' id='word_1_390' title='bbox 610 2962 854 3028; x_wconf 87' lang='lat' dir='ltr'><strong>misericordiam</strong></span> <span class='ocrx_word' id='word_1_391' title='bbox 871 2961 993 3026; x_wconf 84' lang='lat' dir='ltr'><strong>Domini</strong></span> <span class='ocrx_word' id='word_1_392' title='bbox 1014 2963 1069 3026; x_wconf 91' lang='lat' dir='ltr'><strong>im·</strong></span> <span class='ocrx_word' id='word_1_393' title='bbox 1115 2962 1239 3026; x_wconf 87' lang='lat' dir='ltr'><strong>Domini</strong></span> <span class='ocrx_word' id='word_1_394' title='bbox 1256 2962 1508 3042; x_wconf 88' lang='lat' dir='ltr'><strong>reprehendente</strong></span> <span class='ocrx_word' id='word_1_395' title='bbox 1521 2972 1647 3043; x_wconf 90' lang='lat' dir='ltr'><strong>peccata</strong></span> <span class='ocrx_word' id='word_1_396' title='bbox 1660 2961 1991 3042; x_wconf 78' lang='lat' dir='ltr'><strong>popuiieierarerunt</strong></span> 
     </span>
     <span class='ocr_line' id='line_1_34' title="bbox 209 3041 1989 3128; baseline -0.004 -16"><span class='ocrx_word' id='word_1_397' title='bbox 209 3049 353 3128; x_wconf 90' lang='lat' dir='ltr'><strong>plorare:</strong></span> <span class='ocrx_word' id='word_1_398' title='bbox 378 3056 409 3114; x_wconf 93' lang='lat' dir='ltr'><strong>et</strong></span> <span class='ocrx_word' id='word_1_399' title='bbox 424 3049 635 3112; x_wconf 85' lang='lat' dir='ltr'><strong>leoinorosum</strong></span> <span class='ocrx_word' id='word_1_400' title='bbox 652 3048 739 3110; x_wconf 92' lang='lat' dir='ltr'><strong>illum</strong></span> <span class='ocrx_word' id='word_1_401' title='bbox 753 3065 763 3125; x_wconf 82' lang='lat'>3</span> <span class='ocrx_word' id='word_1_402' title='bbox 785 3047 846 3110; x_wconf 88' lang='lat' dir='ltr'><strong>nisi</strong></span> <span class='ocrx_word' id='word_1_403' title='bbox 868 3063 939 3110; x_wconf 83' lang='lat' dir='ltr'><strong>mox</strong></span> <span class='ocrx_word' id='word_1_404' title='bbox 959 3047 1071 3126; x_wconf 89' lang='lat' dir='ltr'><strong>resipi·</strong></span> <span class='ocrx_word' id='word_1_405' title='bbox 1116 3062 1226 3110; x_wconf 90' lang='lat' dir='ltr'><strong>omnes</strong></span> <span class='ocrx_word' id='word_1_406' title='bbox 1241 3045 1294 3108; x_wconf 88' lang='lat' dir='ltr'><strong>tiltt</strong></span> <span class='ocrx_word' id='word_1_407' title='bbox 1310 3045 1408 3110; x_wconf 86' lang='lat' dir='ltr'><strong>Israel</strong></span> <span class='ocrx_word' id='word_1_408' title='bbox 1421 3061 1515 3111; x_wconf 79' lang='lat' dir='ltr'><strong>voces</strong></span> <span class='ocrx_word' id='word_1_409' title='bbox 1531 3050 1656 3125; x_wconf 86' lang='lat' dir='ltr'><strong>pariter,</strong></span> <span class='ocrx_word' id='word_1_410' title='bbox 1670 3041 1989 3109; x_wconf 67' lang='lat' dir='ltr'><strong>clamememus</strong></span> 
     </span>
     <span class='ocr_line' id='line_1_35' title="bbox 208 3126 1987 3211; baseline -0.004 -16"><span class='ocrx_word' id='word_1_411' title='bbox 208 3140 323 3208; x_wconf 88' lang='lat' dir='ltr'><strong>sceret,</strong></span> <span class='ocrx_word' id='word_1_412' title='bbox 338 3133 377 3196; x_wconf 93' lang='lat' dir='ltr'><strong>de</strong></span> <span class='ocrx_word' id='word_1_413' title='bbox 393 3138 483 3196; x_wconf 92' lang='lat' dir='ltr'><strong>coetu</strong></span> <span class='ocrx_word' id='word_1_414' title='bbox 500 3129 737 3196; x_wconf 76' lang='lat' dir='ltr'><strong>rocennaco</strong></span> <span class='ocrx_word' id='word_1_415' title='bbox 753 3147 843 3209; x_wconf 84' lang='lat' dir='ltr'><strong>uuam</strong></span> <span class='ocrx_word' id='word_1_416' title='bbox 859 3131 953 3211; x_wconf 86' lang='lat' dir='ltr'><strong>longe</strong></span> <span class='ocrx_word' id='word_1_417' title='bbox 969 3147 1070 3194; x_wconf 82' lang='lat' dir='ltr'><strong>recee-</strong></span> <span class='ocrx_word' id='word_1_418' title='bbox 1116 3134 1225 3194; x_wconf 85' lang='lat' dir='ltr'><strong>ooium</strong></span> <span class='ocrx_word' id='word_1_419' title='bbox 1237 3133 1283 3193; x_wconf 86' lang='lat' dir='ltr'><strong>esi</strong></span> <span class='ocrx_word' id='word_1_420' title='bbox 1295 3130 1417 3194; x_wconf 77' lang='lat' dir='ltr'><strong>pomero</strong></span> <span class='ocrx_word' id='word_1_421' title='bbox 1428 3131 1492 3196; x_wconf 86' lang='lat' dir='ltr'><strong>ioci</strong></span> <span class='ocrx_word' id='word_1_422' title='bbox 1504 3131 1711 3205; x_wconf 65' lang='lat' dir='ltr'><strong>ditusmocua</strong></span> <span class='ocrx_word' id='word_1_423' title='bbox 1726 3127 1876 3209; x_wconf 72' lang='lat' dir='ltr'><strong>tieroiium</strong></span> <span class='ocrx_word' id='word_1_424' title='bbox 1890 3133 1922 3188; x_wconf 88' lang='lat' dir='ltr'><strong>et</strong></span> <span class='ocrx_word' id='word_1_425' title='bbox 1938 3126 1987 3188; x_wconf 85' lang='lat' dir='ltr'><strong>ia·</strong></span> 
     </span>
     <span class='ocr_line' id='line_1_36' title="bbox 209 3209 1987 3296; baseline -0.004 -18"><span class='ocrx_word' id='word_1_426' title='bbox 209 3209 309 3280; x_wconf 84' lang='lat' dir='ltr'><strong>sim&#39;ns</strong></span> <span class='ocrx_word' id='word_1_427' title='bbox 324 3217 362 3280; x_wconf 91' lang='lat' dir='ltr'><strong>ab</strong></span> <span class='ocrx_word' id='word_1_428' title='bbox 377 3216 554 3296; x_wconf 79' lang='lat' dir='ltr'><strong>Apostolica</strong></span> <span class='ocrx_word' id='word_1_429' title='bbox 569 3213 750 3294; x_wconf 88' lang='lat' dir='ltr'><strong>disciplina,</strong></span> <span class='ocrx_word' id='word_1_430' title='bbox 762 3221 794 3277; x_wconf 92' lang='grc' dir='ltr'><strong>ιι</strong></span> <span class='ocrx_word' id='word_1_431' title='bbox 804 3231 895 3293; x_wconf 84' lang='lat' dir='ltr'><strong>quam</strong></span> <span class='ocrx_word' id='word_1_432' title='bbox 908 3231 974 3277; x_wconf 92' lang='lat' dir='ltr'><strong>rara</strong></span> <span class='ocrx_word' id='word_1_433' title='bbox 988 3231 1072 3278; x_wconf 93' lang='lat' dir='ltr'><strong>nunc</strong></span> <span class='ocrx_word' id='word_1_434' title='bbox 1117 3229 1318 3296; x_wconf 80' lang='lat' dir='ltr'><strong>crpmcrum.</strong></span> <span class='ocrx_word' id='word_1_435' title='bbox 1334 3212 1447 3277; x_wconf 78' lang='lat' dir='ltr'><strong>Fuisse</strong></span> <span class='ocrx_word' id='word_1_436' title='bbox 1461 3221 1565 3278; x_wconf 87' lang='lat' dir='ltr'><strong>autern</strong></span> <span class='ocrx_word' id='word_1_437' title='bbox 1581 3216 1733 3296; x_wconf 72' lang='lat' dir='ltr'><strong>lacrymas</strong></span> <span class='ocrx_word' id='word_1_438' title='bbox 1747 3213 1818 3276; x_wconf 87' lang='lat' dir='ltr'><strong>illes</strong></span> <span class='ocrx_word' id='word_1_439' title='bbox 1833 3227 1871 3273; x_wconf 88' lang='grc' dir='ltr'><strong>ιι</strong></span> <span class='ocrx_word' id='word_1_440' title='bbox 1886 3209 1987 3272; x_wconf 87' lang='grc' dir='ltr'>ιοιιι</span> 
     </span>
     <span class='ocr_line' id='line_1_37' title="bbox 209 3291 1988 3380; baseline -0.004 -16"><span class='ocrx_word' id='word_1_441' title='bbox 209 3307 268 3372; x_wconf 89' lang='lat' dir='ltr'><strong>est,</strong></span> <span class='ocrx_word' id='word_1_442' title='bbox 281 3317 361 3377; x_wconf 81' lang='lat' dir='ltr'><strong>uuae</strong></span> <span class='ocrx_word' id='word_1_443' title='bbox 374 3303 448 3364; x_wconf 87' lang='lat' dir='ltr'><strong>olim</strong></span> <span class='ocrx_word' id='word_1_444' title='bbox 462 3297 714 3380; x_wconf 84' lang='lat' dir='ltr'><strong>hcuucnttsatna</strong></span> <span class='ocrx_word' id='word_1_445' title='bbox 731 3297 909 3379; x_wconf 85' lang='lat' dir='ltr'><strong>eret,gratia</strong></span> <span class='ocrx_word' id='word_1_446' title='bbox 924 3298 1071 3379; x_wconf 76' lang='lat' dir='ltr'><strong>lacryma·</strong></span> <span class='ocrx_word' id='word_1_447' title='bbox 1117 3297 1213 3376; x_wconf 88' lang='lat' dir='ltr'><strong>tusas,</strong></span> <span class='ocrx_word' id='word_1_448' title='bbox 1226 3305 1257 3364; x_wconf 89' lang='lat' dir='ltr'><strong>et</strong></span> <span class='ocrx_word' id='word_1_449' title='bbox 1270 3299 1398 3377; x_wconf 86' lang='lat' dir='ltr'><strong>gratiam</strong></span> <span class='ocrx_word' id='word_1_450' title='bbox 1414 3299 1537 3361; x_wconf 87' lang='lat' dir='ltr'><strong>bomini</strong></span> <span class='ocrx_word' id='word_1_451' title='bbox 1552 3297 1751 3377; x_wconf 84' lang='lat' dir='ltr'><strong>impetrasse.</strong></span> <span class='ocrx_word' id='word_1_452' title='bbox 1766 3295 1872 3360; x_wconf 90' lang='lat' dir='ltr'><strong>docuit</strong></span> <span class='ocrx_word' id='word_1_453' title='bbox 1882 3291 1988 3357; x_wconf 83' lang='lat' dir='ltr'><strong>exitus</strong></span> 
     </span>
     <span class='ocr_line' id='line_1_38' title="bbox 210 3374 1989 3463; baseline -0.006 -15"><span class='ocrx_word' id='word_1_454' title='bbox 210 3382 298 3448; x_wconf 88' lang='lat' dir='ltr'><strong>rumi</strong></span> <span class='ocrx_word' id='word_1_455' title='bbox 323 3383 488 3458; x_wconf 84' lang='lat' dir='ltr'><strong>Tunouno</strong></span> <span class='ocrx_word' id='word_1_456' title='bbox 505 3384 766 3463; x_wconf 67' lang='lat' dir='ltr'><strong>praecantatores</strong></span> <span class='ocrx_word' id='word_1_457' title='bbox 786 3381 922 3461; x_wconf 91' lang='lat' dir='ltr'><strong>populus</strong></span> <span class='ocrx_word' id='word_1_458' title='bbox 937 3383 1073 3462; x_wconf 73' lang='lat' dir='ltr'><strong>Apostoli</strong></span> <span class='ocrx_word' id='word_1_459' title='bbox 1119 3397 1189 3446; x_wconf 89' lang='lat' dir='ltr'><strong>nam</strong></span> <span class='ocrx_word' id='word_1_460' title='bbox 1206 3389 1276 3460; x_wconf 91' lang='lat' dir='ltr'><strong>post</strong></span> <span class='ocrx_word' id='word_1_461' title='bbox 1290 3381 1398 3444; x_wconf 89' lang='lat' dir='ltr'><strong>iletnm</strong></span> <span class='ocrx_word' id='word_1_462' title='bbox 1422 3381 1510 3446; x_wconf 92' lang='lat' dir='ltr'><strong>ilium</strong></span> <span class='ocrx_word' id='word_1_463' title='bbox 1525 3383 1708 3447; x_wconf 84' lang='lat' dir='ltr'><strong>eeroicrurtt</strong></span> <span class='ocrx_word' id='word_1_464' title='bbox 1729 3378 1784 3444; x_wconf 87' lang='lat' dir='ltr'><strong>lilii</strong></span> <span class='ocrx_word' id='word_1_465' title='bbox 1806 3377 1905 3442; x_wconf 90' lang='lat' dir='ltr'><strong>Israel</strong></span> <span class='ocrx_word' id='word_1_466' title='bbox 1927 3374 1989 3438; x_wconf 84' lang='lat' dir='ltr'><strong>Do·</strong></span> 
     </span>
     <span class='ocr_line' id='line_1_39' title="bbox 209 3459 1990 3543; baseline -0.003 -14"><span class='ocrx_word' id='word_1_467' title='bbox 209 3465 304 3530; x_wconf 90' lang='lat' dir='ltr'><strong>iussu</strong></span> <span class='ocrx_word' id='word_1_468' title='bbox 314 3466 352 3529; x_wconf 93' lang='lat' dir='ltr'><strong>ad</strong></span> <span class='ocrx_word' id='word_1_469' title='bbox 366 3467 486 3536; x_wconf 86' lang='lat' dir='ltr'><strong>fletum.</strong></span> <span class='ocrx_word' id='word_1_470' title='bbox 503 3473 533 3532; x_wconf 92' lang='lat' dir='ltr'><strong>et</strong></span> <span class='ocrx_word' id='word_1_471' title='bbox 546 3468 680 3530; x_wconf 90' lang='lat' dir='ltr'><strong>lamenta</strong></span> <span class='ocrx_word' id='word_1_472' title='bbox 696 3466 970 3530; x_wconf 85' lang='lat' dir='ltr'><strong>commorabatur:</strong></span> <span class='ocrx_word' id='word_1_473' title='bbox 987 3481 1071 3530; x_wconf 89' lang='lat' dir='ltr'><strong>nuno</strong></span> <span class='ocrx_word' id='word_1_474' title='bbox 1120 3465 1211 3530; x_wconf 84' lang='lat' dir='ltr'><strong>mico</strong></span> <span class='ocrx_word' id='word_1_475' title='bbox 1228 3468 1352 3530; x_wconf 84' lang='lat' dir='ltr'><strong>certetis</strong></span> <span class='ocrx_word' id='word_1_476' title='bbox 1368 3464 1482 3530; x_wconf 86' lang='lat' dir='ltr'><strong>diebus</strong></span> <span class='ocrx_word' id='word_1_477' title='bbox 1496 3465 1602 3542; x_wconf 77' lang='lat' dir='ltr'><strong>locus,</strong></span> <span class='ocrx_word' id='word_1_478' title='bbox 1618 3462 1902 3543; x_wconf 82' lang='lat' dir='ltr'><strong>etseoiorttm,utti</strong></span> <span class='ocrx_word' id='word_1_479' title='bbox 1917 3459 1990 3525; x_wconf 77' lang='lat' dir='ltr'><strong>iore·</strong></span> 
     </span>
     <span class='ocr_line' id='line_1_40' title="bbox 208 3549 1672 3632; baseline 0.002 -20"><span class='ocrx_word' id='word_1_480' title='bbox 208 3549 314 3614; x_wconf 84' lang='lat' dir='ltr'><strong>multis</strong></span> <span class='ocrx_word' id='word_1_481' title='bbox 330 3551 548 3628; x_wconf 84' lang='lat' dir='ltr'><strong>peccantibus,</strong></span> <span class='ocrx_word' id='word_1_482' title='bbox 564 3550 615 3614; x_wconf 89' lang='grc' dir='ltr'><strong>ιιι</strong></span> <span class='ocrx_word' id='word_1_483' title='bbox 634 3549 815 3626; x_wconf 79' lang='lat' dir='ltr'><strong>invenitur,</strong></span> <span class='ocrx_word' id='word_1_484' title='bbox 839 3551 892 3629; x_wconf 85' lang='lat' dir='ltr'><strong>qni</strong></span> <span class='ocrx_word' id='word_1_485' title='bbox 915 3549 956 3612; x_wconf 95' lang='lat' dir='ltr'><strong>ob</strong></span> <span class='ocrx_word' id='word_1_486' title='bbox 972 3551 1072 3614; x_wconf 84' lang='lat' dir='ltr'><strong>celum</strong></span> <span class='ocrx_word' id='word_1_487' title='bbox 1121 3566 1161 3631; x_wconf 84' lang='lat' dir='ltr'><strong>po</strong></span> <span class='ocrx_word' id='word_1_488' title='bbox 1172 3553 1245 3629; x_wconf 86' lang='lat' dir='ltr'><strong>poet</strong></span> <span class='ocrx_word' id='word_1_489' title='bbox 1259 3566 1334 3614; x_wconf 86' lang='lat' dir='ltr'><strong>com</strong></span> <span class='ocrx_word' id='word_1_490' title='bbox 1348 3549 1504 3614; x_wconf 82' lang='grc' dir='ltr'>ιιιιιιιιι</span> <span class='ocrx_word' id='word_1_491' title='bbox 1517 3555 1672 3632; x_wconf 86' lang='lat' dir='ltr'><strong>tompore.</strong></span> 
     </span>
     <span class='ocr_line' id='line_1_41' title="bbox 209 3631 1985 3716; baseline -0.002 -20"><span class='ocrx_word' id='word_1_492' title='bbox 209 3632 339 3698; x_wconf 90' lang='lat' dir='ltr'><strong>honoris</strong></span> <span class='ocrx_word' id='word_1_493' title='bbox 353 3633 435 3710; x_wconf 87' lang='lat' dir='ltr'><strong>Dei,</strong></span> <span class='ocrx_word' id='word_1_494' title='bbox 459 3641 489 3699; x_wconf 92' lang='grc' dir='ltr'><strong>ιι</strong></span> <span class='ocrx_word' id='word_1_495' title='bbox 504 3633 690 3713; x_wconf 90' lang='lat' dir='ltr'><strong>perditionis</strong></span> <span class='ocrx_word' id='word_1_496' title='bbox 705 3632 875 3698; x_wconf 89' lang='lat' dir='ltr'><strong>animamm</strong></span> <span class='ocrx_word' id='word_1_497' title='bbox 890 3678 899 3709; x_wconf 89' lang='lat'><strong>,</strong></span> <span class='ocrx_word' id='word_1_498' title='bbox 922 3631 1075 3715; x_wconf 78' lang='lat' dir='ltr'><strong>lacrumas</strong></span> <span class='ocrx_word' id='word_1_499' title='bbox 1162 3634 1244 3698; x_wconf 91' lang='lat' dir='ltr'><strong>Istae</strong></span> <span class='ocrx_word' id='word_1_500' title='bbox 1259 3635 1352 3714; x_wconf 88' lang='lat' dir='ltr'><strong>igitur</strong></span> <span class='ocrx_word' id='word_1_501' title='bbox 1366 3640 1440 3698; x_wconf 89' lang='lat' dir='ltr'><strong>sunt</strong></span> <span class='ocrx_word' id='word_1_502' title='bbox 1453 3635 1608 3716; x_wconf 74' lang='lat' dir='ltr'><strong>lacrymae</strong></span> <span class='ocrx_word' id='word_1_503' title='bbox 1628 3649 1731 3712; x_wconf 83' lang='lat' dir='ltr'><strong>aerae,</strong></span> <span class='ocrx_word' id='word_1_504' title='bbox 1756 3635 1788 3696; x_wconf 91' lang='lat' dir='ltr'><strong>ct</strong></span> <span class='ocrx_word' id='word_1_505' title='bbox 1807 3631 1985 3706; x_wconf 87' lang='lat' dir='ltr'><strong>salutares,</strong></span> 
     </span>
     <span class='ocr_line' id='line_1_42' title="bbox 209 3716 1795 3798; baseline -0.001 -18"><span class='ocrx_word' id='word_1_506' title='bbox 209 3717 330 3782; x_wconf 85' lang='lat' dir='ltr'><strong>tundat.</strong></span> <span class='ocrx_word' id='word_1_507' title='bbox 384 3761 392 3768; x_wconf 82' lang='lat'>-</span> <span class='ocrx_word' id='word_1_508' title='bbox 630 3737 633 3744; x_wconf 91' lang='lat'><em>·</em></span> <span class='ocrx_word' id='word_1_509' title='bbox 734 3723 735 3728; x_wconf 76' lang='grc'>’</span> <span class='ocrx_word' id='word_1_510' title='bbox 1000 3727 1002 3732; x_wconf 60' lang='lat'>‘</span> <span class='ocrx_word' id='word_1_511' title='bbox 1121 3717 1160 3780; x_wconf 93' lang='lat' dir='ltr'><strong>ad</strong></span> <span class='ocrx_word' id='word_1_512' title='bbox 1175 3732 1253 3798; x_wconf 88' lang='lat' dir='ltr'><strong>quas</strong></span> <span class='ocrx_word' id='word_1_513' title='bbox 1267 3716 1409 3798; x_wconf 83' lang='lat' dir='ltr'><strong>seqnitur</strong></span> <span class='ocrx_word' id='word_1_514' title='bbox 1422 3717 1545 3782; x_wconf 88' lang='lat' dir='ltr'><strong>stabilis</strong></span> <span class='ocrx_word' id='word_1_515' title='bbox 1559 3719 1638 3784; x_wconf 90' lang='lat' dir='ltr'><strong>ritae</strong></span> <span class='ocrx_word' id='word_1_516' title='bbox 1653 3716 1795 3788; x_wconf 86' lang='grc' dir='ltr'>ιιιιιιιι.</span> 
     </span>
    </p>

    <p class='ocr_par' dir='ltr' id='par_1_5' title="bbox 249 3797 1988 3880">
     <span class='ocr_line' id='line_1_43' title="bbox 249 3797 1988 3880; baseline -0.002 -17"><span class='ocrx_word' id='word_1_517' title='bbox 249 3801 432 3872; x_wconf 86' lang='lat' dir='ltr'><strong>Postremus</strong></span> <span class='ocrx_word' id='word_1_518' title='bbox 446 3802 535 3867; x_wconf 90' lang='lat' dir='ltr'><strong>iestis</strong></span> <span class='ocrx_word' id='word_1_519' title='bbox 549 3815 588 3863; x_wconf 84' lang='lat' dir='ltr'><strong>ex</strong></span> <span class='ocrx_word' id='word_1_520' title='bbox 608 3799 722 3863; x_wconf 76' lang='lat' dir='ltr'><strong>divinia</strong></span> <span class='ocrx_word' id='word_1_521' title='bbox 737 3799 837 3880; x_wconf 89' lang='lat' dir='ltr'><strong>literis</strong></span> <span class='ocrx_word' id='word_1_522' title='bbox 853 3817 909 3878; x_wconf 91' lang='lat' dir='ltr'><strong>pro</strong></span> <span class='ocrx_word' id='word_1_523' title='bbox 933 3801 1071 3865; x_wconf 88' lang='lat' dir='ltr'><strong>necessi·</strong></span> <span class='ocrx_word' id='word_1_524' title='bbox 1164 3801 1251 3865; x_wconf 82' lang='lat' dir='ltr'><strong>Atius</strong></span> <span class='ocrx_word' id='word_1_525' title='bbox 1263 3802 1353 3865; x_wconf 92' lang='lat' dir='ltr'><strong>locus</strong></span> <span class='ocrx_word' id='word_1_526' title='bbox 1366 3806 1415 3866; x_wconf 91' lang='lat' dir='ltr'><strong>est</strong></span> <span class='ocrx_word' id='word_1_527' title='bbox 1432 3802 1506 3866; x_wconf 92' lang='lat' dir='ltr'><strong>huic</strong></span> <span class='ocrx_word' id='word_1_528' title='bbox 1527 3802 1639 3866; x_wconf 90' lang='lat' dir='ltr'><strong>similis</strong></span> <span class='ocrx_word' id='word_1_529' title='bbox 1660 3801 1691 3866; x_wconf 90' lang='lat' dir='ltr'><strong>in</strong></span> <span class='ocrx_word' id='word_1_530' title='bbox 1714 3799 1825 3866; x_wconf 90' lang='lat' dir='ltr'><strong>eodem</strong></span> <span class='ocrx_word' id='word_1_531' title='bbox 1840 3797 1924 3862; x_wconf 91' lang='lat' dir='ltr'><strong>libro</strong></span> <span class='ocrx_word' id='word_1_532' title='bbox 1939 3797 1988 3860; x_wconf 86' lang='lat' dir='ltr'><strong>lu·</strong></span> 
     </span>
    </p>

    <p class='ocr_par' dir='ltr' id='par_1_6' title="bbox 211 3881 1997 5728">
     <span class='ocr_line' id='line_1_44' title="bbox 211 3881 1990 3967; baseline -0.002 -20"><span class='ocrx_word' id='word_1_533' title='bbox 211 3888 273 3948; x_wconf 89' lang='lat' dir='ltr'><strong>taio</strong></span> <span class='ocrx_word' id='word_1_534' title='bbox 289 3884 506 3967; x_wconf 77' lang='lat' dir='ltr'><strong>lacrymarum,</strong></span> <span class='ocrx_word' id='word_1_535' title='bbox 530 3889 657 3946; x_wconf 86' lang='lat' dir='ltr'><strong>sanctus</strong></span> <span class='ocrx_word' id='word_1_536' title='bbox 672 3881 804 3946; x_wconf 91' lang='lat' dir='ltr'><strong>lacobus</strong></span> <span class='ocrx_word' id='word_1_537' title='bbox 818 3887 898 3960; x_wconf 91' lang='lat' dir='ltr'><strong>erit,</strong></span> <span class='ocrx_word' id='word_1_538' title='bbox 921 3886 990 3950; x_wconf 91' lang='lat' dir='ltr'><strong>eius</strong></span> <span class='ocrx_word' id='word_1_539' title='bbox 1004 3890 1077 3950; x_wconf 92' lang='lat' dir='ltr'><strong>sunt</strong></span> <span class='ocrx_word' id='word_1_540' title='bbox 1122 3885 1240 3961; x_wconf 86' lang='lat' dir='ltr'><strong>dicum,</strong></span> <span class='ocrx_word' id='word_1_541' title='bbox 1256 3884 1310 3950; x_wconf 92' lang='lat' dir='ltr'><strong>ubi</strong></span> <span class='ocrx_word' id='word_1_542' title='bbox 1324 3884 1370 3948; x_wconf 90' lang='lat' dir='ltr'><strong>sic</strong></span> <span class='ocrx_word' id='word_1_543' title='bbox 1385 3885 1531 3966; x_wconf 79' lang='lat' dir='ltr'><strong>legimus:</strong></span> <span class='ocrx_word' id='word_1_544' title='bbox 1558 3885 1673 3951; x_wconf 78' lang='lat' dir='ltr'><strong>Omnes</strong></span> <span class='ocrx_word' id='word_1_545' title='bbox 1693 3884 1757 3962; x_wconf 81' lang='lat' dir='ltr'><strong>titio·</strong></span> <span class='ocrx_word' id='word_1_546' title='bbox 1777 3881 1879 3947; x_wconf 84' lang='lat' dir='ltr'><strong>Isrcei</strong></span> <span class='ocrx_word' id='word_1_547' title='bbox 1892 3897 1990 3946; x_wconf 85' lang='lat' dir='ltr'><strong>certe·</strong></span> 
     </span>
     <span class='ocr_line' id='line_1_45' title="bbox 214 3966 1990 4049; baseline -0.001 -20"><span class='ocrx_word' id='word_1_548' title='bbox 214 3967 267 4032; x_wconf 91' lang='lat' dir='ltr'><strong>illa</strong></span> <span class='ocrx_word' id='word_1_549' title='bbox 282 3968 387 4032; x_wconf 87' lang='lat' dir='ltr'><strong>rerba:</strong></span> <span class='ocrx_word' id='word_1_550' title='bbox 403 3968 514 4033; x_wconf 83' lang='lat' dir='ltr'><strong>Miseri</strong></span> <span class='ocrx_word' id='word_1_551' title='bbox 527 3971 635 4044; x_wconf 86' lang='lat' dir='ltr'><strong>estote,</strong></span> <span class='ocrx_word' id='word_1_552' title='bbox 652 3971 681 4028; x_wconf 87' lang='lat' dir='ltr'><strong>ct</strong></span> <span class='ocrx_word' id='word_1_553' title='bbox 697 3966 811 4045; x_wconf 80' lang='lat' dir='ltr'><strong>tapete,</strong></span> <span class='ocrx_word' id='word_1_554' title='bbox 836 3973 866 4030; x_wconf 90' lang='grc' dir='ltr'><strong>ιι</strong></span> <span class='ocrx_word' id='word_1_555' title='bbox 878 3969 1014 4047; x_wconf 87' lang='lat' dir='ltr'><strong>plorate:</strong></span> <span class='ocrx_word' id='word_1_556' title='bbox 1030 3969 1077 4034; x_wconf 83' lang='lat' dir='ltr'><strong>ri-</strong></span> <span class='ocrx_word' id='word_1_557' title='bbox 1121 3977 1200 4034; x_wconf 83' lang='lat' dir='ltr'><strong>rorat</strong></span> <span class='ocrx_word' id='word_1_558' title='bbox 1213 3970 1252 4034; x_wconf 81' lang='lat' dir='ltr'><strong>ira</strong></span> <span class='ocrx_word' id='word_1_559' title='bbox 1266 3971 1402 4034; x_wconf 85' lang='lat' dir='ltr'><strong>domum</strong></span> <span class='ocrx_word' id='word_1_560' title='bbox 1422 3967 1498 4044; x_wconf 88' lang='lat' dir='ltr'><strong>Dei,</strong></span> <span class='ocrx_word' id='word_1_561' title='bbox 1522 3973 1552 4033; x_wconf 88' lang='lat' dir='ltr'><strong>ei</strong></span> <span class='ocrx_word' id='word_1_562' title='bbox 1572 3971 1718 4035; x_wconf 81' lang='lat' dir='ltr'><strong>sedecies</strong></span> <span class='ocrx_word' id='word_1_563' title='bbox 1731 3967 1854 4049; x_wconf 76' lang='lat' dir='ltr'><strong>peccat</strong></span> <span class='ocrx_word' id='word_1_564' title='bbox 1876 3981 1990 4028; x_wconf 85' lang='lat' dir='ltr'><strong>coram</strong></span> 
     </span>
     <span class='ocr_line' id='line_1_46' title="bbox 211 4049 1991 4134; baseline 0 -17"><span class='ocrx_word' id='word_1_565' title='bbox 211 4067 267 4117; x_wconf 80' lang='lat' dir='ltr'><strong>stas</strong></span> <span class='ocrx_word' id='word_1_566' title='bbox 280 4058 383 4116; x_wconf 86' lang='lat' dir='ltr'><strong>uester</strong></span> <span class='ocrx_word' id='word_1_567' title='bbox 395 4053 435 4116; x_wconf 87' lang='lat' dir='ltr'><strong>io</strong></span> <span class='ocrx_word' id='word_1_568' title='bbox 449 4053 573 4115; x_wconf 84' lang='lat' dir='ltr'><strong>iccium</strong></span> <span class='ocrx_word' id='word_1_569' title='bbox 584 4054 800 4127; x_wconf 85' lang='lat' dir='ltr'><strong>concertetur,</strong></span> <span class='ocrx_word' id='word_1_570' title='bbox 817 4058 847 4116; x_wconf 90' lang='lat' dir='ltr'><strong>et</strong></span> <span class='ocrx_word' id='word_1_571' title='bbox 866 4055 1029 4132; x_wconf 81' lang='lat' dir='ltr'><strong>puccium</strong></span> <span class='ocrx_word' id='word_1_572' title='bbox 1039 4054 1077 4117; x_wconf 87' lang='lat' dir='ltr'><strong>in</strong></span> <span class='ocrx_word' id='word_1_573' title='bbox 1121 4051 1271 4118; x_wconf 79' lang='lat' dir='ltr'><strong>hamran:</strong></span> <span class='ocrx_word' id='word_1_574' title='bbox 1287 4054 1583 4134; x_wconf 84' lang='lat' dir='ltr'><strong>ieiurrmrerurtipue</strong></span> <span class='ocrx_word' id='word_1_575' title='bbox 1597 4055 1652 4118; x_wconf 84' lang='lat' dir='ltr'><strong>die</strong></span> <span class='ocrx_word' id='word_1_576' title='bbox 1667 4054 1735 4125; x_wconf 88' lang='lat' dir='ltr'><strong>iiio,</strong></span> <span class='ocrx_word' id='word_1_577' title='bbox 1760 4056 1792 4114; x_wconf 92' lang='grc' dir='ltr'><strong>ιι</strong></span> <span class='ocrx_word' id='word_1_578' title='bbox 1804 4049 1991 4117; x_wconf 79' lang='lat' dir='ltr'><strong>obtuleruut</strong></span> 
     </span>
     <span class='ocr_line' id='line_1_47' title="bbox 212 4135 1990 4218; baseline 0 -18"><span class='ocrx_word' id='word_1_579' title='bbox 212 4151 404 4200; x_wconf 87' lang='lat' dir='ltr'><strong>moerorem.</strong></span> <span class='ocrx_word' id='word_1_580' title='bbox 418 4135 593 4214; x_wconf 83' lang='lat' dir='ltr'><strong>Alloquitur</strong></span> <span class='ocrx_word' id='word_1_581' title='bbox 608 4140 709 4197; x_wconf 90' lang='lat' dir='ltr'><strong>eutem</strong></span> <span class='ocrx_word' id='word_1_582' title='bbox 725 4149 834 4199; x_wconf 91' lang='lat' dir='ltr'><strong>omnes</strong></span> <span class='ocrx_word' id='word_1_583' title='bbox 848 4136 1004 4208; x_wconf 91' lang='lat' dir='ltr'><strong>homines,</strong></span> <span class='ocrx_word' id='word_1_584' title='bbox 1022 4139 1076 4216; x_wconf 85' lang='lat' dir='ltr'><strong>qui</strong></span> <span class='ocrx_word' id='word_1_585' title='bbox 1122 4139 1154 4202; x_wconf 86' lang='lat' dir='ltr'><strong>ci</strong></span> <span class='ocrx_word' id='word_1_586' title='bbox 1167 4137 1369 4214; x_wconf 83' lang='lat' dir='ltr'><strong>holocausto,</strong></span> <span class='ocrx_word' id='word_1_587' title='bbox 1382 4141 1413 4200; x_wconf 88' lang='grc' dir='ltr'><strong>ιι</strong></span> <span class='ocrx_word' id='word_1_588' title='bbox 1424 4135 1580 4218; x_wconf 72' lang='lat' dir='ltr'><strong>pacificos</strong></span> <span class='ocrx_word' id='word_1_589' title='bbox 1595 4139 1755 4202; x_wconf 86' lang='lat' dir='ltr'><strong>uictimas.</strong></span> <span class='ocrx_word' id='word_1_590' title='bbox 1772 4135 1817 4196; x_wconf 88' lang='lat' dir='ltr'><strong>lin</strong></span> <span class='ocrx_word' id='word_1_591' title='bbox 1832 4149 1927 4209; x_wconf 87' lang='lat' dir='ltr'><strong>uuam</strong></span> <span class='ocrx_word' id='word_1_592' title='bbox 1941 4154 1990 4200; x_wconf 88' lang='lat' dir='ltr'><strong>re·</strong></span> 
     </span>
     <span class='ocr_line' id='line_1_48' title="bbox 213 4216 1991 4302; baseline 0 -18"><span class='ocrx_word' id='word_1_593' title='bbox 213 4221 251 4284; x_wconf 89' lang='lat' dir='ltr'><strong>ad</strong></span> <span class='ocrx_word' id='word_1_594' title='bbox 263 4220 436 4284; x_wconf 75' lang='lat' dir='ltr'><strong>Ecclesiam</strong></span> <span class='ocrx_word' id='word_1_595' title='bbox 452 4218 510 4284; x_wconf 84' lang='lat' dir='ltr'><strong>Ilei</strong></span> <span class='ocrx_word' id='word_1_596' title='bbox 530 4217 710 4298; x_wconf 85' lang='lat' dir='ltr'><strong>pertinent:</strong></span> <span class='ocrx_word' id='word_1_597' title='bbox 736 4233 806 4282; x_wconf 89' lang='lat' dir='ltr'><strong>nam</strong></span> <span class='ocrx_word' id='word_1_598' title='bbox 824 4265 832 4294; x_wconf 96' lang='lat'><strong>,</strong></span> <span class='ocrx_word' id='word_1_599' title='bbox 860 4226 892 4282; x_wconf 91' lang='lat' dir='ltr'><strong>ut</strong></span> <span class='ocrx_word' id='word_1_600' title='bbox 916 4219 986 4299; x_wconf 90' lang='lat' dir='ltr'><strong>lpse</strong></span> <span class='ocrx_word' id='word_1_601' title='bbox 1002 4220 1078 4283; x_wconf 90' lang='lat' dir='ltr'><strong>dicit</strong></span> <span class='ocrx_word' id='word_1_602' title='bbox 1123 4227 1203 4286; x_wconf 88' lang='grc' dir='ltr'>ιιιιι</span> <span class='ocrx_word' id='word_1_603' title='bbox 1219 4228 1268 4284; x_wconf 89' lang='grc' dir='ltr'><strong>ιιι</strong></span> <span class='ocrx_word' id='word_1_604' title='bbox 1281 4219 1441 4285; x_wconf 85' lang='lat' dir='ltr'><strong>Ecclesiae</strong></span> <span class='ocrx_word' id='word_1_605' title='bbox 1456 4222 1652 4286; x_wconf 90' lang='lat' dir='ltr'><strong>consuetudo</strong></span> <span class='ocrx_word' id='word_1_606' title='bbox 1673 4217 1816 4302; x_wconf 89' lang='lat' dir='ltr'><strong>placandi</strong></span> <span class='ocrx_word' id='word_1_607' title='bbox 1830 4216 1933 4282; x_wconf 88' lang='lat' dir='ltr'><strong>Deum</strong></span> <span class='ocrx_word' id='word_1_608' title='bbox 1950 4221 1991 4284; x_wconf 90' lang='lat' dir='ltr'><strong>la·</strong></span> 
     </span>
     <span class='ocr_line' id='line_1_49' title="bbox 212 4299 1687 4386; baseline 0 -18"><span class='ocrx_word' id='word_1_609' title='bbox 212 4300 535 4384; x_wconf 85' lang='lat' dir='ltr'><strong>paulosoperius,1rc</strong></span> <span class='ocrx_word' id='word_1_610' title='bbox 545 4301 656 4366; x_wconf 86' lang='lat' dir='ltr'><strong>multia</strong></span> <span class='ocrx_word' id='word_1_611' title='bbox 671 4299 866 4382; x_wconf 75' lang='lat' dir='ltr'><strong>offendimus</strong></span> <span class='ocrx_word' id='word_1_612' title='bbox 887 4318 1011 4367; x_wconf 82' lang='lat' dir='ltr'><strong>omncs:</strong></span> <span class='ocrx_word' id='word_1_613' title='bbox 1027 4305 1077 4367; x_wconf 92' lang='lat' dir='ltr'><strong>cui</strong></span> <span class='ocrx_word' id='word_1_614' title='bbox 1124 4302 1252 4386; x_wconf 78' lang='lat' dir='ltr'><strong>orpmis,</strong></span> <span class='ocrx_word' id='word_1_615' title='bbox 1268 4312 1300 4368; x_wconf 91' lang='lat' dir='ltr'><strong>et</strong></span> <span class='ocrx_word' id='word_1_616' title='bbox 1309 4303 1448 4379; x_wconf 90' lang='lat' dir='ltr'><strong>ieiuniis,</strong></span> <span class='ocrx_word' id='word_1_617' title='bbox 1466 4311 1497 4368; x_wconf 97' lang='grc' dir='ltr'><strong>ιι</strong></span> <span class='ocrx_word' id='word_1_618' title='bbox 1512 4305 1687 4370; x_wconf 87' lang='grc' dir='ltr'>ιιιιιιιιιι.</span> 
     </span>
     <span class='ocr_line' id='line_1_50' title="bbox 212 4384 1993 4469; baseline -0.001 -18"><span class='ocrx_word' id='word_1_619' title='bbox 212 4393 363 4451; x_wconf 88' lang='grc' dir='ltr'>ιιιιιιιι</span> <span class='ocrx_word' id='word_1_620' title='bbox 379 4385 584 4465; x_wconf 80' lang='lat' dir='ltr'><strong>coapostolus</strong></span> <span class='ocrx_word' id='word_1_621' title='bbox 599 4386 668 4450; x_wconf 89' lang='lat' dir='ltr'><strong>eins</strong></span> <span class='ocrx_word' id='word_1_622' title='bbox 683 4384 869 4450; x_wconf 77' lang='lat' dir='ltr'><strong>loanneszsi</strong></span> <span class='ocrx_word' id='word_1_623' title='bbox 880 4387 1076 4464; x_wconf 72' lang='lat' dir='ltr'><strong>discoriantes,</strong></span> <span class='ocrx_word' id='word_1_624' title='bbox 1166 4387 1285 4452; x_wconf 86' lang='lat' dir='ltr'><strong>Deinde</strong></span> <span class='ocrx_word' id='word_1_625' title='bbox 1304 4387 1335 4451; x_wconf 91' lang='grc' dir='ltr'><strong>ιι</strong></span> <span class='ocrx_word' id='word_1_626' title='bbox 1352 4387 1431 4451; x_wconf 90' lang='lat' dir='ltr'><strong>libro</strong></span> <span class='ocrx_word' id='word_1_627' title='bbox 1447 4388 1549 4469; x_wconf 90' lang='lat' dir='ltr'><strong>pritno</strong></span> <span class='ocrx_word' id='word_1_628' title='bbox 1571 4387 1690 4468; x_wconf 80' lang='lat' dir='ltr'><strong>Regum</strong></span> <span class='ocrx_word' id='word_1_629' title='bbox 1712 4387 1867 4453; x_wconf 87' lang='lat' dir='ltr'><strong>habemus</strong></span> <span class='ocrx_word' id='word_1_630' title='bbox 1890 4401 1993 4450; x_wconf 86' lang='lat' dir='ltr'><strong>exem·</strong></span> 
     </span>
     <span class='ocr_line' id='line_1_51' title="bbox 212 4468 1991 4554; baseline -0.001 -18"><span class='ocrx_word' id='word_1_631' title='bbox 212 4473 295 4554; x_wconf 81' lang='lat' dir='ltr'><strong>prtia</strong></span> <span class='ocrx_word' id='word_1_632' title='bbox 306 4474 478 4552; x_wconf 82' lang='lat' dir='ltr'><strong>peccatum</strong></span> <span class='ocrx_word' id='word_1_633' title='bbox 491 4484 560 4533; x_wconf 83' lang='lat' dir='ltr'><strong>noo</strong></span> <span class='ocrx_word' id='word_1_634' title='bbox 575 4468 753 4546; x_wconf 86' lang='lat' dir='ltr'><strong>bebcrntte,</strong></span> <span class='ocrx_word' id='word_1_635' title='bbox 770 4485 829 4532; x_wconf 87' lang='lat' dir='ltr'><strong>nos</strong></span> <span class='ocrx_word' id='word_1_636' title='bbox 850 4471 937 4550; x_wconf 81' lang='lat' dir='ltr'><strong>ipsos</strong></span> <span class='ocrx_word' id='word_1_637' title='bbox 951 4470 1076 4534; x_wconf 82' lang='lat' dir='ltr'><strong>seduci</strong></span> <span class='ocrx_word' id='word_1_638' title='bbox 1125 4473 1209 4552; x_wconf 90' lang='lat' dir='ltr'><strong>pluro</strong></span> <span class='ocrx_word' id='word_1_639' title='bbox 1225 4472 1327 4536; x_wconf 88' lang='lat' dir='ltr'><strong>sancti</strong></span> <span class='ocrx_word' id='word_1_640' title='bbox 1344 4471 1516 4551; x_wconf 82' lang='lat' dir='ltr'><strong>Prophetae</strong></span> <span class='ocrx_word' id='word_1_641' title='bbox 1531 4471 1704 4546; x_wconf 84' lang='lat' dir='ltr'><strong>Samuelis,</strong></span> <span class='ocrx_word' id='word_1_642' title='bbox 1720 4473 1773 4549; x_wconf 85' lang='lat' dir='ltr'><strong>uni</strong></span> <span class='ocrx_word' id='word_1_643' title='bbox 1789 4470 1916 4536; x_wconf 89' lang='lat' dir='ltr'><strong>Saulem</strong></span> <span class='ocrx_word' id='word_1_644' title='bbox 1935 4471 1991 4535; x_wconf 86' lang='lat' dir='ltr'><strong>tte·</strong></span> 
     </span>
     <span class='ocr_line' id='line_1_52' title="bbox 212 4551 1992 4634; baseline 0 -14"><span class='ocrx_word' id='word_1_645' title='bbox 212 4570 299 4620; x_wconf 82' lang='lat' dir='ltr'><strong>mos.</strong></span> <span class='ocrx_word' id='word_1_646' title='bbox 315 4553 470 4618; x_wconf 81' lang='lat' dir='ltr'><strong>Admonet</strong></span> <span class='ocrx_word' id='word_1_647' title='bbox 484 4552 579 4632; x_wconf 80' lang='lat' dir='ltr'><strong>igitur</strong></span> <span class='ocrx_word' id='word_1_648' title='bbox 595 4568 705 4616; x_wconf 91' lang='lat' dir='ltr'><strong>omnes</strong></span> <span class='ocrx_word' id='word_1_649' title='bbox 721 4566 778 4614; x_wconf 91' lang='lat' dir='ltr'><strong>nos</strong></span> <span class='ocrx_word' id='word_1_650' title='bbox 800 4551 852 4616; x_wconf 92' lang='lat' dir='ltr'><strong>hio</strong></span> <span class='ocrx_word' id='word_1_651' title='bbox 863 4553 1078 4617; x_wconf 89' lang='lat' dir='ltr'><strong>sanctissimus</strong></span> <span class='ocrx_word' id='word_1_652' title='bbox 1124 4570 1195 4634; x_wconf 82' lang='lat' dir='ltr'><strong>gem</strong></span> <span class='ocrx_word' id='word_1_653' title='bbox 1209 4555 1472 4633; x_wconf 79' lang='lat' dir='ltr'><strong>praevaricantem</strong></span> <span class='ocrx_word' id='word_1_654' title='bbox 1488 4556 1631 4619; x_wconf 90' lang='lat' dir='ltr'><strong>mandata</strong></span> <span class='ocrx_word' id='word_1_655' title='bbox 1646 4555 1792 4634; x_wconf 86' lang='lat' dir='ltr'><strong>bomini,</strong></span> <span class='ocrx_word' id='word_1_656' title='bbox 1816 4561 1848 4618; x_wconf 91' lang='grc' dir='ltr'><strong>ιι</strong></span> <span class='ocrx_word' id='word_1_657' title='bbox 1868 4553 1992 4634; x_wconf 85' lang='lat' dir='ltr'><strong>abipso</strong></span> 
     </span>
     <span class='ocr_line' id='line_1_53' title="bbox 214 4635 1993 4713; baseline 0.001 -11"><span class='ocrx_word' id='word_1_658' title='bbox 214 4635 340 4711; x_wconf 84' lang='lat' dir='ltr'><strong>Doctor,</strong></span> <span class='ocrx_word' id='word_1_659' title='bbox 357 4642 391 4702; x_wconf 91' lang='lat' dir='ltr'><strong>nt</strong></span> <span class='ocrx_word' id='word_1_660' title='bbox 402 4635 508 4701; x_wconf 91' lang='lat' dir='ltr'><strong>miseri</strong></span> <span class='ocrx_word' id='word_1_661' title='bbox 521 4635 638 4710; x_wconf 91' lang='lat' dir='ltr'><strong>simus,</strong></span> <span class='ocrx_word' id='word_1_662' title='bbox 654 4637 715 4699; x_wconf 90' lang='lat' dir='ltr'><strong>hoe</strong></span> <span class='ocrx_word' id='word_1_663' title='bbox 730 4642 789 4713; x_wconf 89' lang='lat' dir='ltr'><strong>est,</strong></span> <span class='ocrx_word' id='word_1_664' title='bbox 807 4637 1017 4701; x_wconf 90' lang='lat' dir='ltr'><strong>misericordie</strong></span> <span class='ocrx_word' id='word_1_665' title='bbox 1034 4637 1080 4700; x_wconf 93' lang='lat' dir='ltr'><strong>di·</strong></span> <span class='ocrx_word' id='word_1_666' title='bbox 1126 4638 1258 4702; x_wconf 88' lang='lat' dir='ltr'><strong>bomino</strong></span> <span class='ocrx_word' id='word_1_667' title='bbox 1274 4637 1429 4703; x_wconf 88' lang='lat' dir='ltr'><strong>abiectum</strong></span> <span class='ocrx_word' id='word_1_668' title='bbox 1446 4637 1731 4703; x_wconf 88' lang='lat' dir='ltr'><strong>diutissimeiieril:</strong></span> <span class='ocrx_word' id='word_1_669' title='bbox 1743 4635 1836 4704; x_wconf 88' lang='lat' dir='ltr'><strong>simut</strong></span> <span class='ocrx_word' id='word_1_670' title='bbox 1847 4635 1993 4704; x_wconf 75' lang='lat' dir='ltr'><strong>offensio·</strong></span> 
     </span>
     <span class='ocr_line' id='line_1_54' title="bbox 214 4719 1824 4804; baseline 0 -18"><span class='ocrx_word' id='word_1_671' title='bbox 214 4721 284 4786; x_wconf 84' lang='lat' dir='ltr'><strong>rina</strong></span> <span class='ocrx_word' id='word_1_672' title='bbox 297 4728 427 4803; x_wconf 85' lang='lat' dir='ltr'><strong>egentes</strong></span> <span class='ocrx_word' id='word_1_673' title='bbox 443 4735 501 4784; x_wconf 90' lang='lat' dir='ltr'><strong>nos</strong></span> <span class='ocrx_word' id='word_1_674' title='bbox 517 4734 587 4783; x_wconf 91' lang='lat' dir='ltr'><strong>esse</strong></span> <span class='ocrx_word' id='word_1_675' title='bbox 603 4719 857 4798; x_wconf 87' lang='lat' dir='ltr'><strong>intelligamus,et</strong></span> <span class='ocrx_word' id='word_1_676' title='bbox 868 4719 1078 4801; x_wconf 79' lang='lat' dir='ltr'><strong>profiteamur3</strong></span> <span class='ocrx_word' id='word_1_677' title='bbox 1125 4737 1198 4786; x_wconf 92' lang='lat' dir='ltr'><strong>nem</strong></span> <span class='ocrx_word' id='word_1_678' title='bbox 1214 4721 1283 4800; x_wconf 84' lang='lat' dir='ltr'><strong>liei,</strong></span> <span class='ocrx_word' id='word_1_679' title='bbox 1300 4723 1514 4804; x_wconf 89' lang='lat' dir='ltr'><strong>ctpcrtcnlnn</strong></span> <span class='ocrx_word' id='word_1_680' title='bbox 1527 4722 1629 4787; x_wconf 90' lang='lat' dir='ltr'><strong>Saulis</strong></span> <span class='ocrx_word' id='word_1_681' title='bbox 1644 4721 1824 4801; x_wconf 86' lang='lat' dir='ltr'><strong>deplorans.</strong></span> 
     </span>
     <span class='ocr_line' id='line_1_55' title="bbox 221 4801 1992 4886; baseline 0.001 -18"><span class='ocrx_word' id='word_1_682' title='bbox 221 4821 271 4882; x_wconf 89' lang='lat' dir='ltr'><strong>ac,</strong></span> <span class='ocrx_word' id='word_1_683' title='bbox 288 4809 323 4869; x_wconf 88' lang='lat' dir='ltr'><strong>ut</strong></span> <span class='ocrx_word' id='word_1_684' title='bbox 337 4802 582 4872; x_wconf 88' lang='lat' dir='ltr'><strong>misericordiam</strong></span> <span class='ocrx_word' id='word_1_685' title='bbox 599 4801 720 4865; x_wconf 88' lang='lat' dir='ltr'><strong>bomini</strong></span> <span class='ocrx_word' id='word_1_686' title='bbox 744 4802 776 4864; x_wconf 88' lang='lat' dir='ltr'><strong>in</strong></span> <span class='ocrx_word' id='word_1_687' title='bbox 790 4818 848 4866; x_wconf 92' lang='lat' dir='ltr'><strong>nos</strong></span> <span class='ocrx_word' id='word_1_688' title='bbox 864 4819 1079 4886; x_wconf 82' lang='lat' dir='ltr'><strong>provocemus,</strong></span> <span class='ocrx_word' id='word_1_689' title='bbox 1168 4804 1271 4868; x_wconf 85' lang='lat' dir='ltr'><strong>Tertio</strong></span> <span class='ocrx_word' id='word_1_690' title='bbox 1286 4805 1357 4870; x_wconf 91' lang='lat' dir='ltr'><strong>loco</strong></span> <span class='ocrx_word' id='word_1_691' title='bbox 1378 4805 1532 4871; x_wconf 90' lang='lat' dir='ltr'><strong>habemus</strong></span> <span class='ocrx_word' id='word_1_692' title='bbox 1554 4806 1731 4886; x_wconf 83' lang='lat' dir='ltr'><strong>exemplum</strong></span> <span class='ocrx_word' id='word_1_693' title='bbox 1759 4805 1855 4870; x_wconf 83' lang='lat' dir='ltr'><strong>harto</strong></span> <span class='ocrx_word' id='word_1_694' title='bbox 1877 4805 1992 4886; x_wconf 83' lang='lat' dir='ltr'><strong>begis,</strong></span> 
     </span>
     <span class='ocr_line' id='line_1_56' title="bbox 215 4883 1994 4972; baseline 0.002 -22"><span class='ocrx_word' id='word_1_695' title='bbox 215 4903 281 4970; x_wconf 93' lang='lat' dir='ltr'><strong>non</strong></span> <span class='ocrx_word' id='word_1_696' title='bbox 295 4886 395 4952; x_wconf 91' lang='lat' dir='ltr'><strong>solum</strong></span> <span class='ocrx_word' id='word_1_697' title='bbox 412 4886 508 4951; x_wconf 87' lang='lat' dir='ltr'><strong>verbo</strong></span> <span class='ocrx_word' id='word_1_698' title='bbox 525 4890 557 4950; x_wconf 88' lang='lat' dir='ltr'><strong>et</strong></span> <span class='ocrx_word' id='word_1_699' title='bbox 576 4883 680 4966; x_wconf 87' lang='lat' dir='ltr'><strong>lingua</strong></span> <span class='ocrx_word' id='word_1_700' title='bbox 704 4885 875 4950; x_wconf 89' lang='lat' dir='ltr'><strong>clamemus</strong></span> <span class='ocrx_word' id='word_1_701' title='bbox 896 4888 935 4950; x_wconf 95' lang='lat' dir='ltr'><strong>ad</strong></span> <span class='ocrx_word' id='word_1_702' title='bbox 957 4887 1078 4961; x_wconf 85' lang='lat' dir='ltr'><strong>beorn,</strong></span> <span class='ocrx_word' id='word_1_703' title='bbox 1126 4889 1180 4966; x_wconf 87' lang='lat' dir='ltr'><strong>uni</strong></span> <span class='ocrx_word' id='word_1_704' title='bbox 1199 4890 1283 4952; x_wconf 88' lang='lat' dir='ltr'><strong>omni</strong></span> <span class='ocrx_word' id='word_1_705' title='bbox 1295 4905 1412 4970; x_wconf 87' lang='lat' dir='ltr'><strong>genere</strong></span> <span class='ocrx_word' id='word_1_706' title='bbox 1425 4891 1544 4970; x_wconf 89' lang='lat' dir='ltr'><strong>piarum</strong></span> <span class='ocrx_word' id='word_1_707' title='bbox 1558 4891 1762 4972; x_wconf 73' lang='lat' dir='ltr'><strong>lacrymarum</strong></span> <span class='ocrx_word' id='word_1_708' title='bbox 1776 4889 1994 4970; x_wconf 89' lang='lat' dir='ltr'><strong>copiosissime</strong></span> 
     </span>
     <span class='ocr_line' id='line_1_57' title="bbox 219 4969 1995 5053; baseline 0.001 -17"><span class='ocrx_word' id='word_1_709' title='bbox 219 4971 277 5036; x_wconf 90' lang='lat' dir='ltr'><strong>sed</strong></span> <span class='ocrx_word' id='word_1_710' title='bbox 292 4971 456 5051; x_wconf 88' lang='lat' dir='ltr'><strong>lugeamus</strong></span> <span class='ocrx_word' id='word_1_711' title='bbox 470 4975 502 5034; x_wconf 95' lang='lat' dir='ltr'><strong>et</strong></span> <span class='ocrx_word' id='word_1_712' title='bbox 516 4971 687 5048; x_wconf 89' lang='lat' dir='ltr'><strong>ploremus:</strong></span> <span class='ocrx_word' id='word_1_713' title='bbox 711 4985 770 5032; x_wconf 89' lang='lat' dir='ltr'><strong>neo</strong></span> <span class='ocrx_word' id='word_1_714' title='bbox 792 4969 892 5033; x_wconf 90' lang='lat' dir='ltr'><strong>solnm</strong></span> <span class='ocrx_word' id='word_1_715' title='bbox 918 4971 1080 5050; x_wconf 87' lang='lat' dir='ltr'><strong>lugeamus</strong></span> <span class='ocrx_word' id='word_1_716' title='bbox 1126 4971 1311 5037; x_wconf 88' lang='lat' dir='ltr'><strong>abundarit.</strong></span> <span class='ocrx_word' id='word_1_717' title='bbox 1327 4975 1371 5038; x_wconf 80' lang='lat' dir='ltr'><strong>Ac</strong></span> <span class='ocrx_word' id='word_1_718' title='bbox 1386 4973 1519 5053; x_wconf 92' lang='lat' dir='ltr'><strong>primurn</strong></span> <span class='ocrx_word' id='word_1_719' title='bbox 1531 4973 1617 5038; x_wconf 88' lang='lat' dir='ltr'><strong>ilerit</strong></span> <span class='ocrx_word' id='word_1_720' title='bbox 1628 4973 1832 5038; x_wconf 87' lang='lat' dir='ltr'><strong>amarissimis</strong></span> <span class='ocrx_word' id='word_1_721' title='bbox 1846 4977 1878 5036; x_wconf 90' lang='lat' dir='ltr'><strong>et</strong></span> <span class='ocrx_word' id='word_1_722' title='bbox 1890 4974 1995 5052; x_wconf 90' lang='lat' dir='ltr'><strong>copio-</strong></span> 
     </span>
     <span class='ocr_line' id='line_1_58' title="bbox 217 5051 1995 5137; baseline 0 -18"><span class='ocrx_word' id='word_1_723' title='bbox 217 5061 249 5119; x_wconf 88' lang='grc' dir='ltr'><strong>ιι</strong></span> <span class='ocrx_word' id='word_1_724' title='bbox 262 5052 432 5136; x_wconf 87' lang='lat' dir='ltr'><strong>ploremus,</strong></span> <span class='ocrx_word' id='word_1_725' title='bbox 449 5055 505 5118; x_wconf 90' lang='lat' dir='ltr'><strong>sed</strong></span> <span class='ocrx_word' id='word_1_726' title='bbox 520 5054 616 5117; x_wconf 89' lang='lat' dir='ltr'><strong>risum</strong></span> <span class='ocrx_word' id='word_1_727' title='bbox 633 5057 664 5116; x_wconf 87' lang='lat' dir='ltr'><strong>tn</strong></span> <span class='ocrx_word' id='word_1_728' title='bbox 679 5051 795 5116; x_wconf 92' lang='lat' dir='ltr'><strong>inctnm</strong></span> <span class='ocrx_word' id='word_1_729' title='bbox 809 5059 1035 5127; x_wconf 82' lang='lat' dir='ltr'><strong>conveniamus,</strong></span> <span class='ocrx_word' id='word_1_730' title='bbox 1050 5061 1081 5118; x_wconf 92' lang='lat' dir='ltr'><strong>et</strong></span> <span class='ocrx_word' id='word_1_731' title='bbox 1128 5055 1264 5120; x_wconf 90' lang='lat' dir='ltr'><strong>sissimis</strong></span> <span class='ocrx_word' id='word_1_732' title='bbox 1280 5057 1426 5137; x_wconf 78' lang='lat' dir='ltr'><strong>lacrymis</strong></span> <span class='ocrx_word' id='word_1_733' title='bbox 1441 5065 1602 5137; x_wconf 86' lang='lat' dir='ltr'><strong>peccatum</strong></span> <span class='ocrx_word' id='word_1_734' title='bbox 1619 5051 1775 5133; x_wconf 81' lang='lat' dir='ltr'><strong>adulterii,</strong></span> <span class='ocrx_word' id='word_1_735' title='bbox 1791 5062 1823 5121; x_wconf 90' lang='lat' dir='ltr'><strong>et</strong></span> <span class='ocrx_word' id='word_1_736' title='bbox 1833 5056 1995 5120; x_wconf 88' lang='lat' dir='ltr'><strong>homicidii</strong></span> 
     </span>
     <span class='ocr_line' id='line_1_59' title="bbox 217 5136 1993 5222; baseline -0.001 -18"><span class='ocrx_word' id='word_1_737' title='bbox 217 5137 364 5222; x_wconf 82' lang='lat' dir='ltr'><strong>gandium</strong></span> <span class='ocrx_word' id='word_1_738' title='bbox 380 5138 412 5199; x_wconf 94' lang='lat' dir='ltr'><strong>in</strong></span> <span class='ocrx_word' id='word_1_739' title='bbox 427 5152 616 5201; x_wconf 88' lang='lat' dir='ltr'><strong>moerorem:</strong></span> <span class='ocrx_word' id='word_1_740' title='bbox 633 5152 741 5216; x_wconf 87' lang='lat' dir='ltr'><strong>parurn</strong></span> <span class='ocrx_word' id='word_1_741' title='bbox 754 5136 839 5200; x_wconf 89' lang='lat' dir='ltr'><strong>enirn</strong></span> <span class='ocrx_word' id='word_1_742' title='bbox 852 5138 980 5216; x_wconf 91' lang='lat' dir='ltr'><strong>prodest</strong></span> <span class='ocrx_word' id='word_1_743' title='bbox 994 5140 1080 5218; x_wconf 83' lang='lat' dir='ltr'><strong>iuge·</strong></span> <span class='ocrx_word' id='word_1_744' title='bbox 1127 5155 1194 5203; x_wconf 89' lang='lat' dir='ltr'><strong>ase</strong></span> <span class='ocrx_word' id='word_1_745' title='bbox 1210 5140 1329 5218; x_wconf 87' lang='lat' dir='ltr'><strong>patrati.</strong></span> <span class='ocrx_word' id='word_1_746' title='bbox 1345 5141 1397 5205; x_wconf 91' lang='lat' dir='ltr'><strong>Sic</strong></span> <span class='ocrx_word' id='word_1_747' title='bbox 1412 5141 1496 5202; x_wconf 89' lang='lat' dir='ltr'><strong>eninr</strong></span> <span class='ocrx_word' id='word_1_748' title='bbox 1512 5141 1652 5220; x_wconf 85' lang='lat' dir='ltr'><strong>loquitur</strong></span> <span class='ocrx_word' id='word_1_749' title='bbox 1675 5141 1744 5221; x_wconf 90' lang='lat' dir='ltr'><strong>ipso</strong></span> <span class='ocrx_word' id='word_1_750' title='bbox 1757 5142 1796 5204; x_wconf 90' lang='lat' dir='ltr'><strong>de</strong></span> <span class='ocrx_word' id='word_1_751' title='bbox 1811 5155 1846 5204; x_wconf 88' lang='grc' dir='ltr'><strong>ιι</strong></span> <span class='ocrx_word' id='word_1_752' title='bbox 1863 5141 1895 5202; x_wconf 89' lang='grc' dir='ltr'><strong>ιι</strong></span> <span class='ocrx_word' id='word_1_753' title='bbox 1911 5140 1993 5204; x_wconf 84' lang='lat' dir='ltr'><strong>Psal-</strong></span> 
     </span>
     <span class='ocr_line' id='line_1_60' title="bbox 216 5219 1997 5304; baseline 0.002 -19"><span class='ocrx_word' id='word_1_754' title='bbox 216 5237 253 5288; x_wconf 83' lang='grc' dir='ltr'><strong>ιι</strong></span> <span class='ocrx_word' id='word_1_755' title='bbox 267 5227 299 5292; x_wconf 84' lang='grc' dir='ltr'><strong>ιι</strong></span> <span class='ocrx_word' id='word_1_756' title='bbox 312 5219 402 5297; x_wconf 82' lang='lat' dir='ltr'><strong>llere,</strong></span> <span class='ocrx_word' id='word_1_757' title='bbox 419 5222 445 5284; x_wconf 89' lang='grc' dir='ltr'><strong>ιι</strong></span> <span class='ocrx_word' id='word_1_758' title='bbox 464 5220 556 5300; x_wconf 86' lang='lat' dir='ltr'><strong>panio</strong></span> <span class='ocrx_word' id='word_1_759' title='bbox 571 5227 655 5302; x_wconf 88' lang='lat' dir='ltr'><strong>posi,</strong></span> <span class='ocrx_word' id='word_1_760' title='bbox 672 5227 833 5284; x_wconf 89' lang='lat' dir='ltr'><strong>arescente</strong></span> <span class='ocrx_word' id='word_1_761' title='bbox 850 5222 984 5303; x_wconf 74' lang='lat' dir='ltr'><strong>lacryma</strong></span> <span class='ocrx_word' id='word_1_762' title='bbox 999 5238 1081 5286; x_wconf 87' lang='lat' dir='ltr'><strong>conr·</strong></span> <span class='ocrx_word' id='word_1_763' title='bbox 1129 5240 1180 5287; x_wconf 92' lang='lat' dir='ltr'><strong>mo</strong></span> <span class='ocrx_word' id='word_1_764' title='bbox 1204 5231 1307 5290; x_wconf 79' lang='lat' dir='ltr'><strong>serto:</strong></span> <span class='ocrx_word' id='word_1_765' title='bbox 1325 5223 1489 5288; x_wconf 85' lang='lat' dir='ltr'><strong>Lchorooi</strong></span> <span class='ocrx_word' id='word_1_766' title='bbox 1507 5227 1546 5288; x_wconf 83' lang='lat' dir='ltr'><strong>ira</strong></span> <span class='ocrx_word' id='word_1_767' title='bbox 1559 5225 1682 5304; x_wconf 81' lang='lat' dir='ltr'><strong>percito</strong></span> <span class='ocrx_word' id='word_1_768' title='bbox 1702 5239 1786 5300; x_wconf 86' lang='lat' dir='ltr'><strong>meo,</strong></span> <span class='ocrx_word' id='word_1_769' title='bbox 1804 5223 1921 5288; x_wconf 85' lang='lat' dir='ltr'><strong>tanobo</strong></span> <span class='ocrx_word' id='word_1_770' title='bbox 1941 5241 1997 5304; x_wconf 88' lang='lat' dir='ltr'><strong>per</strong></span> 
     </span>
     <span class='ocr_line' id='line_1_61' title="bbox 216 5304 1994 5389; baseline 0.002 -19"><span class='ocrx_word' id='word_1_771' title='bbox 216 5305 409 5386; x_wconf 87' lang='lat' dir='ltr'><strong>punctionis,</strong></span> <span class='ocrx_word' id='word_1_772' title='bbox 427 5306 583 5368; x_wconf 86' lang='lat' dir='ltr'><strong>solramnr</strong></span> <span class='ocrx_word' id='word_1_773' title='bbox 598 5306 629 5367; x_wconf 90' lang='grc' dir='ltr'><strong>ιι</strong></span> <span class='ocrx_word' id='word_1_774' title='bbox 645 5304 788 5384; x_wconf 87' lang='lat' dir='ltr'><strong>risum,et</strong></span> <span class='ocrx_word' id='word_1_775' title='bbox 802 5306 934 5368; x_wconf 89' lang='lat' dir='ltr'><strong>seculari</strong></span> <span class='ocrx_word' id='word_1_776' title='bbox 947 5307 1082 5371; x_wconf 87' lang='lat' dir='ltr'><strong>laetitiae</strong></span> <span class='ocrx_word' id='word_1_777' title='bbox 1127 5308 1278 5387; x_wconf 86' lang='lat' dir='ltr'><strong>sirrpuiua</strong></span> <span class='ocrx_word' id='word_1_778' title='bbox 1289 5311 1397 5372; x_wconf 85' lang='lat' dir='ltr'><strong>noctes</strong></span> <span class='ocrx_word' id='word_1_779' title='bbox 1410 5308 1525 5371; x_wconf 87' lang='lat' dir='ltr'><strong>tectum</strong></span> <span class='ocrx_word' id='word_1_780' title='bbox 1535 5307 1903 5389; x_wconf 69' lang='lat' dir='ltr'><strong>mcem3iocrurniamerh</strong></span> <span class='ocrx_word' id='word_1_781' title='bbox 1916 5315 1994 5373; x_wconf 76' lang='lat' dir='ltr'><strong>atre</strong></span> 
     </span>
     <span class='ocr_line' id='line_1_62' title="bbox 216 5386 1993 5472; baseline 0.001 -19"><span class='ocrx_word' id='word_1_782' title='bbox 216 5405 276 5456; x_wconf 89' lang='lat' dir='ltr'><strong>nos</strong></span> <span class='ocrx_word' id='word_1_783' title='bbox 291 5389 461 5452; x_wconf 88' lang='lat' dir='ltr'><strong>tradamus.</strong></span> <span class='ocrx_word' id='word_1_784' title='bbox 477 5386 503 5452; x_wconf 86' lang='lat'>0</span> <span class='ocrx_word' id='word_1_785' title='bbox 518 5403 607 5462; x_wconf 84' lang='lat' dir='ltr'><strong>ouant</strong></span> <span class='ocrx_word' id='word_1_786' title='bbox 624 5389 718 5468; x_wconf 83' lang='lat' dir='ltr'><strong>longe</strong></span> <span class='ocrx_word' id='word_1_787' title='bbox 740 5387 889 5459; x_wconf 89' lang='lat' dir='ltr'><strong>absumus</strong></span> <span class='ocrx_word' id='word_1_788' title='bbox 911 5408 927 5452; x_wconf 93' lang='grc' dir='ltr'><strong>ι</strong></span> <span class='ocrx_word' id='word_1_789' title='bbox 944 5389 1083 5454; x_wconf 90' lang='lat' dir='ltr'><strong>doctrina</strong></span> <span class='ocrx_word' id='word_1_790' title='bbox 1128 5394 1199 5454; x_wconf 86' lang='lat' dir='ltr'><strong>turn</strong></span> <span class='ocrx_word' id='word_1_791' title='bbox 1213 5408 1323 5456; x_wconf 86' lang='lat' dir='ltr'><strong>meum</strong></span> <span class='ocrx_word' id='word_1_792' title='bbox 1337 5390 1465 5471; x_wconf 84' lang='lat' dir='ltr'><strong>rigabo.</strong></span> <span class='ocrx_word' id='word_1_793' title='bbox 1479 5392 1604 5470; x_wconf 84' lang='lat' dir='ltr'><strong>Singula</strong></span> <span class='ocrx_word' id='word_1_794' title='bbox 1620 5392 1712 5455; x_wconf 83' lang='lat' dir='ltr'><strong>rerba</strong></span> <span class='ocrx_word' id='word_1_795' title='bbox 1736 5394 1896 5469; x_wconf 88' lang='lat' dir='ltr'><strong>pensanda</strong></span> <span class='ocrx_word' id='word_1_796' title='bbox 1913 5401 1993 5472; x_wconf 89' lang='lat' dir='ltr'><strong>snut,</strong></span> 
     </span>
     <span class='ocr_line' id='line_1_63' title="bbox 217 5469 1994 5557; baseline 0.001 -20"><span class='ocrx_word' id='word_1_797' title='bbox 217 5471 351 5552; x_wconf 82' lang='lat' dir='ltr'><strong>Spiritus</strong></span> <span class='ocrx_word' id='word_1_798' title='bbox 366 5470 478 5536; x_wconf 90' lang='lat' dir='ltr'><strong>sancti.</strong></span> <span class='ocrx_word' id='word_1_799' title='bbox 503 5469 584 5534; x_wconf 83' lang='lat' dir='ltr'><strong>licea</strong></span> <span class='ocrx_word' id='word_1_800' title='bbox 607 5471 690 5534; x_wconf 86' lang='lat' dir='ltr'><strong>enim</strong></span> <span class='ocrx_word' id='word_1_801' title='bbox 713 5478 825 5550; x_wconf 82' lang='lat' dir='ltr'><strong>quanta</strong></span> <span class='ocrx_word' id='word_1_802' title='bbox 846 5472 1021 5538; x_wconf 86' lang='lat' dir='ltr'><strong>audirimus</strong></span> <span class='ocrx_word' id='word_1_803' title='bbox 1042 5474 1081 5536; x_wconf 93' lang='lat' dir='ltr'><strong>de</strong></span> <span class='ocrx_word' id='word_1_804' title='bbox 1128 5478 1174 5554; x_wconf 88' lang='lat' dir='ltr'><strong>ui,</strong></span> <span class='ocrx_word' id='word_1_805' title='bbox 1191 5475 1438 5556; x_wconf 86' lang='lat' dir='ltr'><strong>magnitudinem</strong></span> <span class='ocrx_word' id='word_1_806' title='bbox 1462 5473 1673 5554; x_wconf 90' lang='lat' dir='ltr'><strong>poenitentioe</strong></span> <span class='ocrx_word' id='word_1_807' title='bbox 1695 5471 1994 5557; x_wconf 83' lang='lat' dir='ltr'><strong>Daridisintelliga·</strong></span> 
     </span>
     <span class='ocr_line' id='line_1_64' title="bbox 217 5556 1992 5642; baseline 0.003 -23"><span class='ocrx_word' id='word_1_808' title='bbox 217 5560 405 5621; x_wconf 85' lang='lat' dir='ltr'><strong>necesstiate</strong></span> <span class='ocrx_word' id='word_1_809' title='bbox 420 5558 649 5638; x_wconf 72' lang='lat' dir='ltr'><strong>lacrymarum,</strong></span> <span class='ocrx_word' id='word_1_810' title='bbox 671 5556 699 5620; x_wconf 92' lang='lat' dir='ltr'><strong>si</strong></span> <span class='ocrx_word' id='word_1_811' title='bbox 721 5556 791 5636; x_wconf 85' lang='lat' dir='ltr'><strong>quis</strong></span> <span class='ocrx_word' id='word_1_812' title='bbox 812 5558 887 5621; x_wconf 87' lang='lat' dir='ltr'><strong>relit</strong></span> <span class='ocrx_word' id='word_1_813' title='bbox 900 5556 938 5619; x_wconf 91' lang='lat' dir='ltr'><strong>ad</strong></span> <span class='ocrx_word' id='word_1_814' title='bbox 954 5563 1080 5621; x_wconf 91' lang='lat' dir='ltr'><strong>aeterna</strong></span> <span class='ocrx_word' id='word_1_815' title='bbox 1126 5575 1210 5623; x_wconf 88' lang='lat' dir='ltr'><strong>mus.</strong></span> <span class='ocrx_word' id='word_1_816' title='bbox 1226 5559 1435 5625; x_wconf 81' lang='lat' dir='ltr'><strong>beboreoiirr</strong></span> <span class='ocrx_word' id='word_1_817' title='bbox 1449 5561 1571 5642; x_wconf 81' lang='lat' dir='ltr'><strong>gemitu</strong></span> <span class='ocrx_word' id='word_1_818' title='bbox 1584 5575 1667 5624; x_wconf 83' lang='lat' dir='ltr'><strong>meo.</strong></span> <span class='ocrx_word' id='word_1_819' title='bbox 1691 5557 1775 5623; x_wconf 87' lang='lat' dir='ltr'><strong>Haec</strong></span> <span class='ocrx_word' id='word_1_820' title='bbox 1795 5559 1992 5640; x_wconf 82' lang='lat' dir='ltr'><strong>significant,</strong></span> 
     </span>
     <span class='ocr_line' id='line_1_65' title="bbox 216 5635 1994 5728; baseline 0.002 -23"><span class='ocrx_word' id='word_1_821' title='bbox 216 5639 329 5724; x_wconf 79' lang='lat' dir='ltr'><strong>gaudia</strong></span> <span class='ocrx_word' id='word_1_822' title='bbox 343 5640 520 5723; x_wconf 79' lang='lat' dir='ltr'><strong>pervenire,</strong></span> <span class='ocrx_word' id='word_1_823' title='bbox 536 5653 575 5704; x_wconf 90' lang='grc' dir='ltr'><strong>ιι</strong></span> <span class='ocrx_word' id='word_1_824' title='bbox 589 5635 678 5706; x_wconf 87' lang='lat' dir='ltr'><strong>librir</strong></span> <span class='ocrx_word' id='word_1_825' title='bbox 698 5637 797 5706; x_wconf 86' lang='lat' dir='ltr'><strong>abeo</strong></span> <span class='ocrx_word' id='word_1_826' title='bbox 812 5640 882 5722; x_wconf 88' lang='lat' dir='ltr'><strong>ipso</strong></span> <span class='ocrx_word' id='word_1_827' title='bbox 897 5639 1031 5719; x_wconf 79' lang='lat' dir='ltr'><strong>dictabe,</strong></span> <span class='ocrx_word' id='word_1_828' title='bbox 1048 5645 1081 5707; x_wconf 90' lang='lat' dir='ltr'><strong>et</strong></span> <span class='ocrx_word' id='word_1_829' title='bbox 1126 5647 1185 5707; x_wconf 87' lang='lat' dir='ltr'><strong>tam</strong></span> <span class='ocrx_word' id='word_1_830' title='bbox 1202 5644 1297 5726; x_wconf 75' lang='lat' dir='ltr'><strong>longo</strong></span> <span class='ocrx_word' id='word_1_831' title='bbox 1312 5649 1475 5726; x_wconf 87' lang='lat' dir='ltr'><strong>temporo,</strong></span> <span class='ocrx_word' id='word_1_832' title='bbox 1493 5648 1524 5710; x_wconf 90' lang='grc' dir='ltr'><strong>ιι</strong></span> <span class='ocrx_word' id='word_1_833' title='bbox 1546 5649 1607 5728; x_wconf 82' lang='lat' dir='ltr'><strong>ianr</strong></span> <span class='ocrx_word' id='word_1_834' title='bbox 1622 5659 1726 5712; x_wconf 88' lang='lat' dir='ltr'><strong>omero</strong></span> <span class='ocrx_word' id='word_1_835' title='bbox 1749 5645 1870 5725; x_wconf 76' lang='lat' dir='ltr'><strong>uomitu</strong></span> <span class='ocrx_word' id='word_1_836' title='bbox 1885 5659 1994 5726; x_wconf 87' lang='lat' dir='ltr'><strong>pecca·</strong></span> 
     </span>
    </p>
   </div>
   <div class='ocr_carea' id='block_1_3' title="bbox 0 0 2053 6260">
    <p class='ocr_par' dir='ltr' id='par_1_7' title="bbox 0 0 2053 6260">
     <span class='ocr_line' id='line_1_66' title="bbox 0 0 2053 6260; baseline 0 0"><span class='ocrx_word' id='word_1_837' title='bbox 0 0 2053 6260; x_wconf 95' lang='lat' dir='ltr'><strong> </strong></span> 
     </span>
    </p>
   </div>
  </div>
 </body>
</html>
