4044 6256
839 525 954 612 vlul
984 521 1026 610 S.
1051 519 1327 610 lundusult
1428 511 1430 514 ’

856 773 858 776 ’
927 816 1035 882 uncus
1058 815 1252 882 nonnumn

242 1091 290 1142 Ex
299 1093 340 1145 ΙΙ.
352 1088 475 1140 leaenis
487 1085 639 1136 linbnavll
650 1059 863 1136 elimaeos-li
872 1083 1014 1148 Episcopi
1027 1083 1173 1135 historiae
1182 1083 1355 1142 Boe-rim,
1369 1081 1449 1132 lllrro
1461 1086 1580 1148 querit,
1593 1087 1625 1132 oi
1636 1081 1742 1146 quinto
1754 1075 1958 1140 conubia.

530 1159 534 1179 ¹
565 1158 763 1213 conmilmai
774 1157 970 1236 manuscripti
980 1155 1110 1222 codices,
1124 1161 1155 1206 ei
1166 1155 1375 1221 anitquis-tm
1384 1153 1617 1218 Euripi-elogia.

961 1399 1223 1409 ---——--——

961 1413 1225 1427 Μ

263 1833 394 1897 Sanctus
409 1829 597 1892 venceslaus
617 1827 758 1890 Boemiac
779 1826 852 1894 Rex.
875 1830 959 1905 patre
981 1825 1065 1889 Gbri·
1108 1833 1168 1904 tur,
1186 1834 1216 1888 ut
1230 1827 1370 1890 Boleslec
1386 1827 1467 1890 iratri
1485 1828 1594 1892 iuniori
1611 1843 1681 1906 pars
1696 1827 1801 1903 aliqua
1821 1827 1965 1890 baeredi-

223 1915 410 1979 stienissimo
425 1913 518 1976 simul
533 1929 569 1974 ac
584 1907 817 1992 religiosissimo
833 1907 989 1985 irettslm,
1004 1925 1065 1972 me·
1109 1912 1178 1972 tatis
1193 1911 1375 1990 assignetur,
1391 1910 1531 1989 duosque
1553 1913 1713 1986 utriusque
1736 1911 1874 1974 ditionis
1897 1925 1964 1970 con·

222 1991 353 2062 trencin
366 1995 541 2058 brabomira
552 1993 695 2066 Lunensi,
709 2011 725 2054 a
738 1991 904 2056 Christiana
915 1992 1064 2072 religione
1108 1994 1282 2056 sliiuantur.
1297 1993 1477 2066 Boleslaria,
1494 1995 1520 2056 ei
1538 1994 1691 2072 assignato
1707 2000 1755 2056 est
1776 2008 1853 2056 cum
1880 1995 1961 2054 terri·

221 2080 420 2154 ellenissimn,
435 2081 617 2157 progenitus
640 2078 704 2138 luit.
727 2075 882 2151 Siquidem
905 2075 995 2155 longe
1016 2091 1067 2138 se·
1108 2076 1184 2139 torio
1200 2093 1255 2138 suo
1271 2077 1347 2139 ultra
1360 2075 1473 2150 Albim,
1491 2078 1577 2138 itaut
1593 2075 1907 2149 tlbtsllmiuscitre,
1924 2077 1962 2136 ul·

224 2166 381 2236 veriorem,
399 2162 673 2238 immemoremque
697 2161 726 2220 in
750 2157 948 2228 Christianos,
973 2159 1062 2234 quam
1108 2165 1215 2236 traque
1230 2164 1325 2221 terras
1339 2158 1452 2222 liniret.
1468 2158 1562 2220 linter
1575 2158 1726 2221 iuniorem
1743 2157 1845 2220 lilium
1869 2173 1960 2220 mon-

155 2249 157 2256 ‘
223 2247 338 2308 leuebcl
355 2247 385 2303 in
407 2247 581 2321 propbetas,
596 2260 630 2305 ee
642 2259 675 2304 se
688 2241 834 2308 exhibuit,
848 2239 909 2313 Qua
922 2241 960 2300 de
972 2257 1061 2303 causa
1108 2243 1166 2304 bus
1177 2244 1243 2304 suis
1254 2247 1474 2320 congruentem
1487 2248 1590 2304 secuta
1602 2249 1661 2305 est.
1675 2241 1869 2304 venceslaus
1884 2241 1960 2318 prin·

223 2328 370 2391 budmilla
388 2326 523 2389 iratislei
541 2326 632 2386 Ducis
648 2332 753 2396 mater,
769 2339 823 2404 per
838 2323 972 2400 speeiem
995 2323 1064 2386 visi·
1108 2326 1186 2403 cipis
1206 2325 1348 2387 thronum
1362 2326 1447 2386 solus
1463 2323 1574 2402 Pragee
1588 2325 1731 2386 obtinuit.
1747 2323 1836 2386 nlius
1857 2323 1959 2385 iortes·

224 2412 305 2473 tendi
322 2457 329 2484 ,
357 2408 568 2487 salutandique
593 2407 801 2470 limbomirem
828 2413 952 2468 matrem
976 2423 1060 2468 suam
1108 2423 1143 2470 se
1157 2414 1270 2469 mutato
1286 2409 1416 2480 bonore,
1431 2406 1462 2468 id
1478 2410 1559 2485 quod
1575 2406 1707 2470 subinde
1721 2423 1781 2470 usu
1796 2407 1909 2468 venire
1924 2409 1958 2466 ri·

222 2494 347 2571 Pragam
363 2493 448 2555 adiit.
465 2492 507 2554 Rc
523 2507 594 2554 nere
609 2496 641 2552 ut
662 2491 789 2552 alterum
812 2487 941 2550 liliorum
964 2485 1065 2569 (dnos
1108 2492 1228 2566 demus,
1243 2505 1345 2552 mores
1359 2503 1482 2568 quoque
1496 2497 1582 2550 ancta
1599 2490 1745 2567 dignitate
1767 2497 1798 2550 et
1821 2489 1955 2564 potentie

222 2579 305 2639 enim
327 2576 472 2647 babebat,
495 2573 716 2650 venceslaum,
741 2579 770 2633 et
790 2571 985 2650 Boleslanm)
1007 2571 1065 2633 sibi
1107 2572 1299 2636 immutaret:
1316 2577 1345 2633 et
1359 2571 1543 2634 venceslaus
1560 2574 1597 2634 ab
1612 2572 1695 2635 omni
1718 2571 1893 2634 ambitione
1914 2571 1954 2632 in·

224 2659 287 2721 dari
304 2661 499 2720 nutriendum
517 2658 703 2734 impetraret.
719 2654 773 2716 Cui
790 2671 857 2716 cum
873 2654 971 2716 oblata
984 2661 1067 2717 esset
1110 2656 1219 2731 victus,
1242 2656 1406 2718 demissius
1429 2670 1507 2728 pene
1530 2655 1683 2731 Princeps,
1707 2671 1800 2731 quam
1825 2661 1956 2728 priuatus

223 2750 282 2803 lam
299 2759 315 2801 a
331 2747 426 2820 patre,
445 2757 532 2816 qnam
549 2757 564 2798 a
581 2745 674 2801 maire
691 2736 824 2815 legendi,
838 2745 936 2799 uuum
948 2738 1065 2815 accipe·
1108 2740 1227 2815 apcbei,
1255 2739 1469 2815 aliquantuque
1494 2737 1670 2815 diligentius
1696 2737 1900 2806 observabat,
1924 2754 1955 2798 ne

223 2839 256 2886 re
270 2825 371 2898 vellet,
390 2828 534 2900 potestas,
552 2821 765 2891 vencesleum,
782 2823 812 2880 in
827 2835 888 2897 quc
902 2822 1010 2882 melior
1022 2822 1067 2880 in·
1095 2823 1180 2897 quid
1197 2821 1236 2882 dc
1252 2822 1387 2882 instituto
1403 2821 1513 2896 prioris
1529 2824 1605 2882 ritae
1621 2821 1703 2896 apud
1723 2821 1822 2881 aniam
1846 2828 1956 2880 transe-

223 2907 322 2979 dnlcs,
350 2905 520 2982 meliorque
545 2919 617 2981 spes
641 2903 792 2978 elucebat,
818 2901 876 2963 sibi
903 2905 1065 2980 adoptent,
1110 2914 1154 2964 ctu
1171 2903 1395 2965 intermitteret.
1411 2903 1480 2964 dam
1497 2909 1527 2963 ci
1542 2905 1684 2964 noctibus
1699 2902 1856 2964 intensius
1872 2919 1955 2976 quem

223 2988 358 3060 aluitque
373 2993 520 3064 deinceps
534 3001 587 3062 pro
599 3003 667 3048 suo:
685 2990 909 3064 praeceptorem
921 2985 949 3047 ei
962 2986 1067 3045 edlun·
1112 2985 1197 3062 prius
1211 2989 1248 3048 ad
1265 2986 1441 3062 psallendcs
1462 2987 1610 3062 psalmos,
1635 2987 1805 3063 laudesque
1829 2985 1888 3046 lieo
1908 2988 1951 3044 dt-

222 3085 299 3150 genq
311 3070 448 3144 Paulum,
464 3071 558 3133 virum
570 3067 715 3147 opinione
726 3065 892 3129 sanctitatis
905 3065 1066 3130 celebrem.
1110 3067 1224 3131 condes
1238 3069 1388 3138 utebatur,
1405 3076 1434 3129 et
1451 3069 1517 3130 dies
1532 3084 1586 3142 per
1608 3070 1693 3145 plura
1716 3069 1841 3144 pietatis
1862 3067 1953 3130 cilicie

223 3153 279 3217 Hic
296 3153 376 3214 dnmi
394 3152 578 3228 aliquamdiu
597 3167 723 3228 puerum
739 3148 851 3224 docuit,
875 3157 943 3227 posi
964 3157 1068 3211 auctor
1112 3151 1309 3228 transigebat,
1333 3151 1473 3213 crebrius
1498 3152 1528 3210 in
1553 3149 1645 3214 iunus
1671 3153 1875 3228 prodeundo,
1898 3151 1956 3210 lan·

224 3239 295 3300 tuit.
314 3243 345 3297 ιιι
360 3235 527 3311 Bndecum,
546 3236 581 3296 ad
598 3236 751 3314 lipcenum
772 3232 983 3312 presbyterum
1005 3231 1069 3294 ludi
1111 3241 1239 3311 guentes
1254 3233 1427 3308 invisendo,
1444 3234 1573 3310 laceros,
1591 3235 1752 3309 nudosque
1767 3243 1956 3296 convescen-

225 3320 287 3380 illic
302 3322 482 3394 magistrum
497 3321 676 3388 mitteretur,
700 3318 851 3394 inquiens,
875 3314 1005 3378 maiores
1026 3314 1068 3378 ibi
1112 3317 1163 3393 do,
1187 3331 1337 3394 pauperes
1363 3317 1516 3379 elimentis
1540 3319 1754 3379 sustentando.
1784 3315 1957 3376 instituerat

229 3419 299 3464 cnm
315 3401 346 3462 in
362 3400 458 3463 literis
473 3407 504 3462 et
518 3400 692 3476 disciplinis
712 3397 894 3460 Christianis
916 3396 1070 3475 proiectus
1112 3406 1264 3476 praeterea
1280 3400 1339 3461 sibi
1355 3399 1475 3462 inediae
1489 3414 1525 3460 ac
1539 3399 1660 3478 vigiliae
1681 3400 1849 3477 quoddam,
1873 3401 1955 3472 quest

225 3487 385 3551 iacturum.
403 3485 480 3546 inter
494 3484 606 3546 multos
621 3481 850 3559 condiscipulos
865 3478 1067 3542 Christianos.
1112 3498 1180 3544 curn
1195 3484 1259 3544 ania
1275 3489 1426 3544 certamen
1443 3484 1572 3554 experiri
1588 3489 1742 3562 satagens,
1759 3485 1841 3557 ipse.
1855 3497 1895 3543 an
1908 3483 1953 3541 illu

223 3567 295 3630 Nem
319 3568 393 3628 baec
416 3569 578 3644 praecipua
606 3581 678 3628 cura
702 3568 766 3626 erat
789 3563 888 3638 aviae,
917 3569 948 3625 ιιι
974 3578 1070 3642 nepos
1112 3565 1407 3641 saepiusiciuncrct
1425 3564 1689 3644 percipilnrmqne.

228 3649 433 3711 caristienam
453 3650 632 3727 religionem
647 3654 717 3709 ante
731 3644 833 3709 omnia
854 3646 996 3723 disceret,
1019 3662 1070 3708 co·
1153 3647 1275 3711 interim
1286 3647 1459 3708 Drabomire
1472 3649 1604 3724 dirumpi
1619 3663 1690 3726 prae
1701 3647 1827 3717 invidia,
1841 3661 1956 3708 secum·

227 3734 376 3807 latetque.
1113 3747 1172 3804 que
1189 3730 1300 3793 nelarie
1318 3731 1464 3792 aduersus
1487 3746 1608 3790 socrum
1626 3731 1776 3803 nieditari,
1799 3732 1881 3806 quod
1905 3732 1952 3790 illo

266 3813 391 3876 Interim
405 3814 511 3875 merito
535 3815 683 3882 luneraio.
701 3811 832 3884 filiisque
853 3810 953 3872 adbuc
974 3817 1071 3873 aetate
1114 3815 1227 3876 maiore
1243 3814 1336 3892 gretia
1351 3813 1432 3888 apud
1455 3811 1661 3874 Venccsiuum
1678 3829 1768 3892 quem
1783 3811 1846 3889 ipsa
1860 3820 1955 3874 maier

227 3895 492 3971 imbecillioribus,
511 3895 684 3956 liralmmira
708 3897 862 3973 regionem
883 3892 1010 3962 inuadit,
1034 3910 1070 3955 ac
1114 3896 1503 3971 pollerctneltpioncmque
1519 3893 1719 3956 Christianam
1736 3896 1826 3956 nimis
1839 3894 1954 3968 prolixe

226 3981 326 4040 statim
339 3978 442 4038 odium
454 3976 484 4038 in
501 3975 687 4039 Cbrlsiianns
700 3979 778 4038 male
789 3975 1068 4038 diudissimulutum
1113 3980 1304 4057 proveheret.
1320 3978 1380 4038 llec
1396 3980 1519 4054 longius
1534 3977 1648 4040 nelarie
1662 3978 1801 4040 meditata
1827 3976 1950 4052 perfice·

228 4064 353 4139 detegit,
370 4061 469 4122 edicto
484 4063 653 4138 proposito.
671 4067 702 4120 ut
716 4059 826 4135 templa
843 4055 1004 4119 Christiani
1020 4075 1071 4119 oc·
1113 4059 1295 4131 redistulit,
1312 4077 1401 4136 quam
1419 4061 1532 4122 innecii
1553 4062 1657 4122 caedis
1680 4061 1883 4140 perficiendae
1904 4078 1954 4120 nu·

226 4146 396 4217 eluderent,
413 4142 506 4214 cultu,
521 4143 781 4220 caeremoniisque
802 4141 999 4202 abstinerent.
1016 4140 1070 4204 Sa·
1113 4142 1204 4205 daces
1220 4144 1358 4205 sicarios.
1373 4141 1509 4204 Instante
1525 4144 1606 4205 exilii
1627 4145 1687 4210 die.
1705 4159 1795 4222 quem
1812 4142 1954 4204 budmilla

227 4229 379 4302 cerdoles,
399 4225 542 4304 populum
559 4240 597 4287 ne
612 4227 766 4297 docerent,
790 4237 847 4286 nen
867 4223 1070 4300 ludimagistri
1112 4223 1256 4302 futurum,
1275 4224 1420 4288 divinitus
1436 4227 1737 4303 praedictaqnccat
1751 4226 1788 4288 ad
1805 4241 1842 4287 se
1862 4224 1952 4286 elien·

228 4309 514 4385 discipulossecus
527 4307 829 4375 iai-ientibuscercer.
839 4307 973 4375 exlium.
987 4323 1069 4368 mors
1113 4310 1193 4372 tulos
1205 4325 1322 4378 omues,
1336 4310 1574 4386 mercedemque
1585 4312 1696 4388 cuique
1708 4324 1794 4371 suam
1806 4307 1951 4370 dissolvit.

228 4392 420 4455 denunciata.
437 4391 550 4469 Pragee
570 4389 761 4468 Magistratus
783 4390 941 4462 immutati,
963 4395 992 4452 et
1015 4405 1069 4467 pro
1112 4389 1149 4452 Et
1165 4398 1319 4469 praetereo
1335 4391 1479 4469 quicquid
1492 4389 1522 4452 in
1537 4392 1670 4469 penu.in
1684 4390 1810 4457 celle.in
1825 4390 1951 4458 horreis,

228 4473 407 4538 Christianis
418 4473 593 4535 idololatrae
606 4472 808 4534 erudelissimi
820 4471 986 4544 substituti,
996 4487 1068 4548 quo·
1114 4475 1223 4536 loculis
1239 4474 1435 4544 redundaret,
1445 4473 1475 4536 ld
1490 4491 1543 4535 sua
1561 4489 1653 4536 manu
1667 4478 1699 4536 in
1713 4477 1953 4551 sinususnsqne

228 4573 293 4619 rum
310 4558 454 4619 instinctu
479 4556 555 4616 clcm
575 4556 745 4633 palamque,
761 4571 796 4615 ac
810 4569 930 4630 semper
945 4556 1069 4632 impune
1111 4571 1277 4636 pauperum
1290 4557 1455 4618 transtulit.
1473 4557 1542 4618 l’ost
1568 4557 1642 4618 baec
1675 4557 1799 4619 remotis
1821 4555 1950 4631 albitris,

228 4639 298 4700 ildei
314 4640 447 4701 cultores
462 4638 587 4712 indigne
602 4639 816 4708 tractabantur,
839 4635 1069 4699 occidebantur·
1112 4657 1148 4701 nc
1163 4641 1229 4702 solo
1244 4638 1378 4701 adhibito
1392 4638 1485 4702 Paulo
1500 4639 1670 4709 secerdote,
1694 4647 1762 4700 ante
1785 4653 1866 4698 aram
1888 4656 1950 4715 prn-

229 4739 299 4798 que.
316 4723 351 4784 Al
366 4723 391 4782 si
408 4719 477 4798 quis
491 4736 528 4782 ex
543 4719 732 4790 Christianis,
748 4721 794 4782 vel
809 4733 843 4781 se
864 4717 1067 4794 defendendo,
1112 4721 1249 4794 volvitur,
1266 4730 1409 4799 sectuque
1423 4723 1644 4799 exomologesi,
1660 4724 1698 4784 de
1714 4739 1804 4783 manu
1817 4722 1950 4782 eiusdem

230 4821 324 4866 unum
346 4805 466 4866 illorum
489 4804 620 4878 aliquem
643 4803 855 4876 interfecisset,
881 4817 934 4876 pro
956 4817 1016 4864 uuo
1039 4804 1067 4864 in
1113 4805 1287 4866 sacerdotis
1312 4812 1539 4867 sacrosanctum
1564 4807 1642 4866 ritae
1667 4804 1778 4882 accipit
1802 4805 1949 4879 uiaticum,

230 4889 336 4948 decem
350 4888 446 4963 capite
460 4884 762 4947 animadvertebatur.
775 4884 850 4946 Tum
865 4899 946 4960 vcro,
959 4899 1069 4946 secun·
1114 4904 1182 4948 mcx
1195 4887 1268 4949 inde
1282 4888 1351 4949 sinu
1366 4905 1421 4949 suc
1444 4889 1607 4964 propitium
1630 4887 1724 4951 Deum
1748 4893 1860 4956 exorat,
1883 4903 1948 4946 cum

230 4969 302 5031 dum
318 4977 376 5029 tem
392 4971 494 5045 impie,
513 4976 632 5042 temque
648 4969 786 5029 immania
802 4965 906 5028 metris
923 4966 1067 5041 iocinore,
1113 4985 1185 5032 ecce
1199 4971 1252 5031 libi
1269 4971 1375 5032 eadem
1392 4971 1465 5031 bora
1479 4969 1625 5032 submissi
1640 4987 1656 5032 a
1672 4986 1761 5044 nuru,
1778 4969 1908 5031 'lbcmas
1922 4976 1949 5030 el

229 5050 426 5119 venceslaus.
444 5051 494 5130 qni
511 5051 670 5120 hactenns,
688 5066 725 5112 nc
740 5049 769 5111 in
788 5051 989 5127 principatum
1001 5067 1069 5112 suc·
1113 5051 1219 5126 dumo,
1235 5068 1295 5114 non
1312 5058 1370 5114 tam
1386 5067 1510 5132 genere,
1527 5068 1616 5131 quam
1632 5055 1750 5116 scelere
1766 5051 1897 5118 nobiles.
1919 5055 1947 5111 in

230 5137 365 5202 cederet,
381 5135 496 5206 aetatis,
513 5133 745 5211 studiorumque
759 5135 953 5196 excusatione
968 5135 1069 5194 uteba·
1112 5136 1277 5198 sacrarium
1295 5136 1528 5214 irrumpamus
1550 5136 1629 5212 nelo,
1653 5152 1714 5214 quo
1737 5143 1841 5197 sencta
1865 5135 1947 5195 vidua

231 5223 289 5290 tqr,
306 5216 389 5278 enine
405 5217 531 5278 maxime
546 5216 676 5290 hortatu,
693 5216 872 5292 pollicentis
893 5229 927 5278 se
949 5232 1070 5293 quoque
1113 5225 1203 5295 caput
1219 5217 1347 5281 velatum
1369 5217 1485 5291 babuit,
1507 5216 1594 5281 elisis
1614 5218 1754 5282 faucibus
1775 5223 1943 5296 prostratam

230 5315 370 5363 curarum
386 5297 506 5374 nepotis
524 5296 587 5360 lore
604 5299 792 5376 participem,
809 5313 918 5378 meque
932 5300 1068 5362 omnium
1112 5297 1272 5364 suiiocaui.

230 5397 372 5457 assensu,
389 5380 521 5459 regimen
538 5384 567 5441 in
583 5380 712 5444 Boemos
727 5381 874 5459 suscepit.
1151 5382 1215 5445 lion
1232 5382 1361 5446 desuere
1376 5382 1427 5458 qui
1444 5383 1640 5446 venceslaum
1656 5399 1693 5447 cx
1704 5383 1799 5447 caede
1811 5383 1888 5444 ariae
1899 5397 1945 5443 ne·

271 5465 314 5527 nd
331 5466 494 5528 tollendam
511 5465 601 5539 igitur
616 5464 774 5526 fraternam
786 5463 1067 5542 discordiamquam
1114 5464 1273 5528 hementer
1299 5467 1522 5540 perturbatum.
1545 5468 1582 5528 ed
1604 5467 1816 5530 ulciscendum
1837 5463 1947 5526 iollam·

233 5547 412 5626 plerumque
427 5546 504 5608 inter
518 5544 624 5607 iratres
646 5547 724 5608 bona
745 5545 900 5608 individua
921 5549 1068 5609 suscitare
1115 5555 1244 5611 merent.
1259 5548 1327 5624 liii,
1343 5549 1369 5611 si
1384 5551 1451 5626 ipse
1468 5549 1572 5611 ulcisci
1587 5549 1689 5625 uellet,
1706 5549 1765 5612 sibi
1788 5551 1867 5611 lmnc
1886 5548 1944 5608 deri

232 5630 343 5702 solent,
360 5633 390 5692 in
405 5631 473 5708 ipso
489 5627 588 5692 statim
600 5627 787 5708 principatus
797 5629 921 5693 introitu
932 5629 1070 5693 decerni·
1116 5630 1534 5710 prouinciamdeposcebant.
1551 5632 1699 5713 virosque
1714 5634 1778 5710 ille,
1795 5647 1883 5711 qnam
1898 5645 1945 5710 po·
