4044 6256
764 616 995 744 nruun
1039 613 1431 822 suuunuus

849 973 850 976 ‘
948 975 1233 1066 PRAEFATIO
1264 1081 1265 1084 w

680 1291 728 1376 in
769 1289 885 1378 vitas
927 1299 1188 1380 sanctorum
1230 1292 1487 1406 principum

940 1600 1238 1610 —————

940 1615 1238 1628 ---—--—

265 2113 307 2174 lle
324 2111 426 2175 allicio
439 2112 590 2190 Principis
606 2112 769 2176 Christiani
785 2111 968 2191 scripsimus
985 2111 1016 2175 in
1029 2111 1067 2174 li·
1113 2110 1297 2174 Testamenti
1314 2110 1426 2174 veteris
1441 2109 1560 2188 egerint
1576 2109 1746 2188 Principes,
1763 2112 1828 2173 sire
1842 2112 1955 2188 lienes:

224 2194 279 2256 bru
296 2197 396 2273 priore
411 2211 457 2267 ea,
468 2212 554 2273 ‘onae
570 2196 617 2258 rel
633 2197 661 2256 in
678 2198 839 2275 scripturis
857 2195 996 2272 sanctis,
1019 2197 1066 2260 ret
1111 2210 1180 2256 enm
1194 2210 1252 2257 nos
1264 2193 1297 2256 ad
1310 2193 1543 2273 liempubticam
1556 2191 1956 2256 ChristianamTcstanrcnti

227 2277 256 2339 in
271 2277 405 2357 probatis
417 2279 591 2342 auctoribus
602 2280 739 2340 inuenire
751 2279 917 2355 potuimus,
928 2283 1066 2360 autoerte
1112 2277 1194 2351 nuri,
1209 2291 1265 2356 per
1281 2276 1330 2337 itai
1348 2278 1475 2354 gratiam
1491 2279 1713 2352 pertineamus.
1730 2277 1789 2338 Sed
1807 2279 1858 2338 bic
1875 2279 1957 2339 obex

223 2379 300 2436 (litae
317 2361 406 2422 nobis
429 2360 644 2434 cogitantibus,
660 2367 690 2424 et
704 2361 937 2440 speculantibus
959 2377 1066 2423 occnr·
1111 2360 1202 2422 iacile
1218 2362 1364 2423 removeri
1381 2363 1494 2435 patest3
1511 2361 1601 2422 docet
1617 2361 1701 2420 enim
1713 2365 1839 2422 sanctus
1851 2361 1957 2436 bopo·

222 2443 407 2505 reconnsen
422 2446 490 2515 ouia
506 2447 603 2522 magis
619 2452 739 2505 movent
752 2445 902 2522 exempla,
917 2460 1006 2520 quam
1021 2446 1065 2504 di·
1112 2442 1214 2504 stinus
1229 2441 1259 2505 iu
1282 2443 1410 2520 epistota
1433 2441 1469 2503 ad
1492 2439 1678 2504 Honoratum
1700 2442 1740 2504 de
1761 2442 1858 2520 mutia
1882 2443 1953 2504 nuri

223 2527 296 2586 serti
313 2540 485 2587 sermones:
504 2524 692 2604 propositum
708 2524 798 2588 nobis
813 2534 871 2604 est,
890 2532 920 2588 in
935 2524 1068 2605 sequen·
1110 2525 1306 2594 Testamenti.
1325 2531 1356 2586 et
1369 2524 1440 2586 alibi
1456 2523 1645 2601 frequentem
1661 2533 1783 2586 sanctos
1798 2524 1882 2587 uiros
1897 2525 1953 2586 Te·

221 2609 301 2669 tibus
316 2607 402 2668 libris
421 2623 593 2686 proponere
610 2617 680 2672 ante
695 2611 803 2671 ocutos
819 2607 931 2670 mentis
955 2609 1065 2681 Priori·
1109 2609 1251 2671 stamanti
1275 2608 1394 2684 ueteris,
1411 2606 1518 2684 quales
1539 2607 1571 2667 in
1587 2606 1696 2684 primis
1711 2606 1834 2670 luerunt
1850 2613 1950 2669 sancti

223 2707 293 2765 pum
314 2691 566 2764 Christianorum,
590 2692 732 2770 egregias
754 2689 929 2752 seculorum
953 2692 1065 2753 Prinei·
1110 2691 1268 2769 Principes
1283 2690 1393 2760 lloses,
1411 2689 1515 2761 lasne,
1532 2688 1639 2756 David.
1657 2695 1687 2750 et
1708 2689 1782 2768 alii3
1804 2689 1951 2752 floruisse

221 2787 292 2850 pum
309 2778 574 2851 resecatas31um
592 2788 709 2846 eorum,
723 2775 775 2853 qni
792 2773 943 2836 Christum
965 2773 1064 2834 Domi·
1110 2774 1232 2851 quidem
1251 2779 1384 2850 tempore
1397 2772 1581 2852 Testamenti
1599 2771 1732 2849 veteris,
1752 2772 1808 2833 sed
1826 2788 1859 2834 re
1882 2789 1950 2834 rere

223 2871 307 2922 num.
325 2857 374 2930 oui
392 2863 438 2914 est
454 2855 598 2931 princeps
619 2855 734 2934 Regum
758 2862 855 2916 terrae
878 2871 1066 2933 praecesse·
1108 2855 1294 2935 pertinuisse
1310 2856 1346 2915 ad
1362 2855 1589 2916 Testamentum
1605 2870 1727 2917 uerum.
1744 2855 1949 2931 Quemadmo-

227 2944 310 3013 ruut;
327 2946 387 2997 tum
404 2952 522 3011 eorum,
536 2939 587 3014 qui
601 2944 707 3013 postea
721 2938 968 3001 secutisunt.Sic
982 2943 1063 3012 enim
1109 2939 1281 2999 dumetiam
1298 2936 1420 3014 plurimi
1444 2934 1606 2998 Christiani
1628 2939 1732 2999 visunt
1753 2941 1785 2998 in
1807 2937 1945 2999 Ecclesia

226 3020 276 3081 liet
291 3067 297 3088 .
315 3026 348 3079 ut
361 3020 432 3081 dum
451 3029 613 3098 praecepta
629 3025 771 3081 virtutum
788 3019 1003 3097 principalium
1025 3024 1062 3083 ad
1108 3019 1291 3082 Testamenti
1309 3018 1390 3092 nuri,
1407 3019 1461 3080 sed
1477 3035 1513 3080 re
1528 3035 1597 3080 iera
1614 3018 1767 3097 pertinent
1782 3023 1820 3082 ad
1844 3020 1944 3081 'lesta-

221 3103 337 3179 prarim
355 3104 475 3162 redacte
493 3107 671 3171 cernuntur,
690 3109 719 3164 et
735 3099 1064 3180 quasiiuspeculolu·
1109 3110 1244 3162 mentum
1271 3107 1367 3163 retus.
1394 3099 1475 3164 Haec
1501 3101 1582 3163 enim
1605 3108 1652 3163 est
1677 3101 1850 3164 dillerentia
1874 3104 1945 3164 duo·

220 3185 377 3246 uidissime
394 3185 642 3245 menitestissime
656 3184 898 3261 conspicientnr3
915 3201 1005 3247 nemu
1019 3189 1063 3247 di·
1107 3199 1174 3246 rum
1190 3184 1463 3252 Testamentorum
1483 3182 1566 3258 oood
1587 3189 1674 3246 vetus
1696 3186 1848 3259 promittit
1869 3186 1943 3248 buna

225 3283 295 3328 cere
312 3269 419 3345 possit,
438 3283 471 3350 ea
489 3274 648 3345 praecepta
665 3269 802 3344 graviora
817 3283 907 3340 esse,
924 3285 1013 3345 quam
1031 3279 1064 3332 ut
1106 3268 1296 3346 temporalia,
1314 3272 1344 3329 et
1359 3265 1542 3345 praesentia,
1560 3265 1673 3343 quibos
1689 3268 1810 3338 lutura,
1833 3274 1865 3328 et
1887 3269 1945 3346 spi·

223 3352 260 3410 ab
277 3351 402 3411 bomine
419 3350 537 3410 mortali
553 3349 709 3412 obseruari
726 3359 851 3424 coeant.
870 3351 954 3422 Quod
979 3353 1061 3414 enim
1105 3349 1224 3412 ritualia
1241 3349 1463 3429 significantur:
1481 3364 1591 3411 nurum
1605 3355 1704 3411 autam
1717 3349 1946 3413 Testamentum

222 3432 340 3510 priores
361 3433 521 3510 Principes
543 3431 687 3494 omnibus
709 3434 868 3507 saeculis,
891 3433 945 3495 Dei
968 3435 1061 3513 gratia
1106 3433 1253 3510 promittit
1273 3433 1352 3494 buna
1373 3431 1543 3509 spiritualia
1564 3429 1595 3492 iu
1619 3433 1773 3510 praesenti
1794 3439 1946 3510 tempore,

224 3516 405 3584 adiurante,
422 3515 552 3593 implere
571 3519 736 3591 potuerunt
751 3534 761 3592 3
782 3531 837 3577 eur
858 3531 919 3576 nun
943 3515 1064 3595 possint
1105 3517 1219 3594 gratiae
1235 3515 1328 3592 duna,
1344 3521 1376 3576 et
1390 3515 1535 3590 uirtutes3
1558 3518 1648 3592 atque
1662 3517 1693 3575 in
1710 3516 1820 3592 primis
1832 3516 1948 3595 patieu-

223 3597 381 3674 Principes
394 3599 595 3673 posteriores,
609 3595 748 3658 eiusdem
761 3597 817 3660 liei
828 3599 1059 3678 adiurantegra·
1105 3599 1176 3658 tiam
1190 3598 1220 3659 in
1232 3595 1441 3660 tribulatione:
1455 3596 1509 3658 sed
1523 3599 1554 3657 in
1569 3595 1668 3659 lutura
1679 3597 1820 3675 gloriam,
1833 3605 1863 3660 ct
1875 3616 1946 3676 gau-

220 3679 272 3754 tia,
289 3679 485 3756 adimpleret
501 3680 537 3740 lit
552 3685 577 3740 si
593 3681 687 3756 aliqui
702 3678 823 3742 illorum
846 3681 914 3742 stne
936 3697 1060 3759 praeoe-
1104 3679 1152 3742 dia
1168 3683 1365 3759 sempiterna.
1387 3678 1646 3751 Quemadmodum
1668 3678 1762 3759 igitur
1784 3680 1839 3742 riri
1863 3681 1946 3744 Cbri·

217 3763 310 3822 dente
326 3764 466 3839 exempto
483 3762 588 3838 optimi
613 3761 767 3838 Principis
789 3763 915 3841 pluriam
941 3779 1059 3826 merue-
1103 3762 1213 3832 stieni,
1231 3763 1281 3842 qui
1297 3762 1355 3825 sub
1371 3762 1569 3824 Testamenta
1589 3778 1667 3823 nuru
1689 3763 1849 3838 niventes,
1874 3772 1946 3825 tem·

217 3848 299 3904 runt:
317 3859 369 3904 cur
386 3860 447 3905 uon
463 3844 580 3905 iacitius
595 3846 716 3921 possint
737 3846 925 3921 posteriores
945 3844 1058 3909 Priuei-
1107 3845 1262 3922 paratibus
1274 3847 1365 3907 bunis
1377 3845 1942 3924 inhaerentes,spiritualianegligunt:

219 3941 276 4003 pes
293 3924 428 4005 vestigiis
445 3926 695 4003 praecedentium
710 3925 902 4002 insistentes,
920 3930 1058 3990 eamdem
1104 3928 1245 3989 virentes
1259 3929 1289 3989 in
1306 3928 1503 3989 Testamenta
1518 3943 1608 4006 nuru.
1623 3929 1827 4006 pertinentad
1839 3929 1925 3992 Testa

217 4009 343 4085 pluriam
360 4006 550 4085 promerent
563 4008 696 4070 Primum
716 4007 806 4087 igitur
817 4009 848 4070 iu
862 4009 995 4072 medium
1009 4013 1058 4073 ed·
1107 4017 1240 4073 mentum
1255 4015 1354 4071 retus:
1370 4010 1415 4071 sie
1428 4010 1518 4070 etiam
1534 4008 1588 4070 riri
1603 4009 1747 4082 Hebraei,
1766 4010 1820 4087 oui
1840 4017 1941 4074 niren-

216 4090 310 4152 iernm
324 4090 583 4166 ritasPriucipum
597 4097 771 4152 sanaturum
783 4091 966 4153 Testamenti
981 4100 1059 4156 rete·
1108 4101 1153 4154 tes
1169 4093 1199 4154 iu
1215 4092 1408 4155 Testamenta
1423 4093 1530 4163 reteri,
1543 4091 1781 4154 contemnebant
1793 4099 1944 4172 tempora·

218 4172 303 4236 teris:
321 4173 435 4236 deinde
450 4175 524 4234 ritas
540 4174 635 4236 multu
651 4175 757 4252 plures
778 4180 954 4237 sauctorum
976 4173 1057 4238 Prin·
1105 4175 1158 4252 lla,
1175 4180 1205 4238 et
1219 4173 1667 4253 spiritualibusinhaerebant3
1684 4175 1820 4238 virentes
1837 4179 1866 4236 in
1891 4177 1944 4238 Te·

216 4259 319 4333 cipum
335 4255 521 4318 Testamenti
537 4257 622 4318 noni.
1103 4258 1411 4332 stamenturetertad
1424 4255 1611 4319 norumsiue
1624 4255 1718 4319 dubio
1731 4261 1939 4335 pertinebant.

255 4339 315 4400 Sed
332 4345 494 4416 antequam
516 4341 551 4400 ad
576 4339 651 4401 ritas
674 4338 847 4415 Principum
870 4339 1054 4404 Testamenti
1102 4339 1257 4402 Eiusmodi
1273 4342 1368 4403 luisse
1383 4343 1506 4401 sanctos
1518 4339 1676 4418 Principes
1688 4339 1877 4404 Testamenti
1895 4361 1942 4404 re·

215 4422 325 4484 veteris
340 4421 561 4484 describendas
576 4420 733 4493 accedam,
751 4421 870 4484 ridetur
886 4423 958 4484 mibi
977 4423 1056 4486 obex
1102 4425 1187 4492 teris,
1204 4439 1333 4502 quorum
1348 4425 1425 4486 vitas
1439 4421 1587 4501 legendas
1603 4423 1816 4500 proponimus,
1842 4442 1940 4502 usone

214 4504 337 4580 quidam
353 4521 424 4566 esse
439 4505 668 4581 removendus,
692 4503 744 4580 qni
759 4503 890 4567 iruetum
913 4505 1057 4574 lectionis
1102 4504 1180 4568 adeo
1194 4522 1296 4568 rerum
1312 4510 1375 4575 est,
1394 4509 1425 4564 ut
1440 4504 1590 4565 rarissimi
1606 4502 1766 4566 Christiani
1782 4505 1945 4587 Principes

214 4586 367 4650 eiusmodi
379 4591 504 4650 sitarum
521 4587 669 4662 impedire
691 4583 780 4648 lauile
802 4593 920 4665 posset.
944 4587 1055 4650 Dicent
1103 4588 1307 4660 inveniantur,
1325 4587 1376 4664 qul
1392 4585 1547 4650 ueteribus
1569 4586 1630 4649 illis
1653 4587 1682 4649 iu
1706 4588 1890 4663 virtutibus,
1913 4599 1943 4652 et

214 4672 296 4731 enim
310 4668 472 4733 Christiani
485 4669 654 4747 Principes,
669 4685 930 4748 superuacaneum
943 4670 1053 4734 sibiri·
1099 4671 1258 4735 sanctitate
1274 4686 1334 4733 nun
1351 4669 1472 4734 sedant.

213 4752 377 4828 deri,rella
392 4751 716 4833 cognosocentem
728 4751 1051 4830 Republieallebraien
