4056 6260
271 266 327 346 ιιι
857 273 905 328 aa
926 273 1097 340 aherenna
1116 277 1331 338 recrerrnre

199 405 478 484 sepulcherrimee
493 405 749 471 eteruetissimae
764 405 890 482 ciuitate
906 413 1065 486 etonem.
1087 381 1088 392 ἵ
1143 445 1147 451 ·
1174 469 1178 478 ,
1263 445 1265 452 ,
1452 413 1534 479 ctu.
1555 417 1601 479 ll.¹

199 487 245 554 ris
259 488 410 554 latissime
424 490 671 577 longissimeque
686 494 787 570 pateat
801 538 810 564 ,
825 495 932 564 ,totum
955 499 1056 554 tamen

199 570 238 634 itu
255 574 354 638 nitere
370 581 401 638 et
414 576 581 654 splendere
596 622 604 645 .
628 579 661 638 ut
679 573 792 650 civitas,
807 573 1056 651 frequentissima
1224 581 1268 646 De
1279 585 1457 648 abacorum
1471 589 1591 664 etpace
1608 581 1750 646 Ciuitatis
1763 578 1835 642 Dei·

198 656 827 736 etopulentissimasoletlnclritelibus
849 658 1062 734 unimores,
1572 711 1579 726 ι
1638 713 1639 716 ,
1948 729 1955 743 ,

197 745 304 804 sertim
321 742 509 816 umoribus,
533 740 673 806 visuntur
693 741 806 820 temple
835 741 1029 806 ornatissima
1048 790 1055 813 ,
1142 740 1243 802 Altera
1260 759 1351 804 causa
1367 759 1422 806 eur
1436 743 1577 824 Regnum
1592 739 1648 805 Dei
1661 739 1785 802 dicetur
1806 734 1901 798 etiem
1919 729 1971 796 (h-

197 824 555 905 palatiasuperbissima,
579 826 659 889 berti
675 825 900 899 amoenissimi,
918 825 979 886 lora
996 842 1057 887 arn·
1103 823 1179 886 ritas
1197 825 1262 894 liei,
1279 825 1328 892 ille
1342 841 1413 888 esse
1429 825 1631 902 ridetur,quia
1646 821 1785 902 Regnum
1799 817 1972 884 continere

198 909 353 984 piissime,
369 910 479 972 domus
491 905 1057 990 frequentissimaelontes.columnae
1102 907 1183 968 solet
1200 909 1423 975 multitudinem
1441 925 1537 987 prope
1549 907 1696 988 infinitam
1710 905 1846 984 gentium
1861 903 1970 994 direr-

197 992 385 1072 pyramides,
402 994 542 1070 obelisci,
559 995 702 1068 theatra,
725 998 837 1062 turres,
862 990 1004 1062 officinae
1027 1009 1067 1054 0-.
1104 1006 1220 1054 serum.
1240 991 1375 1072 linguis.
1392 994 1551 1069 moribus,
1569 992 1691 1071 legibus
1704 989 1786 1052 inter
1800 1003 1835 1052 se
1850 985 1969 1048 ulstrn-

199 1075 315 1137 mnium
331 1093 438 1141 rerum.
457 1078 494 1138 ad
516 1093 606 1140 usum
628 1077 797 1139 humanum
820 1075 954 1138 utilium.
977 1075 1058 1148 Quae
1104 1075 1288 1148 eturnm,ubr
1306 1076 1391 1137 multi
1408 1076 1669 1140 multoseiusdem
1682 1073 1778 1152 Regni
1792 1081 1970 1145 numquam

198 1159 321 1238 species
337 1166 421 1222 esset
445 1159 551 1228 Italiae
565 1161 624 1235 ,si
642 1159 763 1222 sublato
779 1158 876 1221 simili
895 1161 1059 1235 Apennino
1105 1159 1356 1230 videruntmulto
1372 1158 1473 1221 minus
1485 1177 1554 1222 eum
1568 1159 1613 1222 cis
1625 1158 1756 1220 amicitie
1768 1153 1865 1216 iuncti
1876 1156 1976 1228 sunto

198 1247 259 1305 tota
273 1241 404 1324 lalgeret
419 1249 451 1305 ut
475 1244 594 1317 Roma,
615 1258 678 1312 nan
694 1243 796 1320 qualis
811 1259 895 1304 nune
911 1248 958 1308 est
972 1289 980 1312 .
1004 1243 1059 1308 sed
1105 1240 1216 1304 divitas
1232 1257 1302 1308 reru
1318 1243 1402 1310 solos
1418 1245 1555 1308 continet
1569 1247 1653 1305 circs
1665 1240 1808 1304 eiusdem
1821 1237 1968 1316 linguae,

197 1326 299 1403 qualis
321 1326 379 1394 sub
394 1327 533 1406 Augusto
548 1327 680 1389 Caesare
695 1332 781 1398 eret,
806 1327 857 1403 qui
875 1342 941 1388 eam
959 1339 997 1386 ex
1018 1327 1059 1386 ln·
1104 1331 1133 1386 et
1146 1341 1264 1388 marum
1280 1327 1460 1392 eorumdem
1477 1335 1507 1388 et
1522 1323 1834 1404 quilegibusiisdem
1846 1329 1974 1382 etcou·

199 1408 298 1472 teritis
312 1425 514 1475 marmoream
529 1407 827 1486 reddiditllltquam
843 1408 974 1471 lormcsa
989 1410 1060 1482 tuisf
1105 1408 1323 1470 suetudinibns
1338 1409 1561 1488 gubernantur.
1578 1409 1664 1472 hlem
1679 1408 1774 1485 igitur
1785 1404 1898 1468 dicitur
1911 1401 1975 1464 Re·

197 1497 245 1555 sel
260 1492 333 1558 oiim
350 1493 448 1572 Syria,
466 1492 492 1558 si
508 1498 568 1556 tota
585 1492 811 1569 luisset,quelis
827 1499 892 1554 erat
907 1492 1057 1571 lerosoly·
1105 1509 1198 1566 gnum
1216 1504 1246 1556 et
1261 1492 1383 1568 Civitas,
1400 1492 1469 1569 quia
1485 1492 1580 1572 Regni
1598 1489 1741 1556 caelestis
1762 1487 1972 1558 habitatores,

195 1592 246 1641 me
262 1577 355 1652 paulo
370 1582 441 1640 ente
456 1595 546 1654 quam
570 1594 585 1638 a
609 1576 756 1639 Romanis
779 1583 967 1643 everteretur
978 1574 1062 1638 tue·
1106 1577 1246 1650 quereris
1261 1577 1383 1652 plurimi
1402 1577 1475 1644 sint,
1493 1579 1523 1638 et
1538 1575 1691 1637 numerari
1716 1576 1764 1635 ria
1785 1570 1918 1650 possint,
1937 1576 1974 1631 et

196 1657 305 1722 scribit
320 1661 402 1723 enim
419 1676 486 1722 eam
502 1657 656 1741 losephus
668 1659 723 1721 hh.
741 1658 789 1720 vt.
805 1658 944 1723 lieberto
957 1657 1060 1722 ¹ludai-
1106 1664 1139 1718 ιιι
1155 1658 1288 1736 loquitur
1303 1665 1428 1720 sanctus
1443 1659 1588 1726 Ioannes.
1606 1676 1641 1720 er
1657 1657 1803 1720 omnibus
1817 1653 1971 1734 gentibus

197 1749 284 1819 cnut
298 1745 424 1812 omniuo
436 1746 554 1820 stupori
567 1743 607 1807 sit
619 1741 845 1821 magnificentia
859 1743 950 1804 Urbis
964 1741 1060 1819 illius,
1106 1748 1137 1803 et
1149 1742 1305 1810 tribubus,
1324 1749 1352 1801 et
1370 1744 1505 1819 populis,
1520 1751 1550 1806 et
1564 1743 1681 1823 linguis
1695 1738 1972 1818 sint.congregati;

197 1825 280 1906 (leh.
297 1826 328 1889 h.
345 1843 418 1906 cap.
432 1825 479 1908 6.)
494 1828 534 1890 de
549 1843 608 1905 qua
623 1843 686 1894 non
702 1825 770 1888 sine
785 1841 877 1890 censa
894 1827 976 1886 cernit
992 1825 1062 1888 Prn-
1106 1833 1135 1886 et
1149 1842 1268 1887 rursum
1286 1841 1323 1886 ex
1336 1825 1475 1902 Angelis,
1494 1825 1704 1904 Archangelis,
1722 1821 1970 1900 Principatibus,

196 1911 300 1989 pheta,
321 1910 468 1974 Gloriosa
484 1912 574 1974 dicte
587 1913 665 1976 serti
680 1910 720 1974 de
736 1914 777 1981 te,
794 1908 981 1985 cieitusllei
995 1906 1060 1990 (Pe.
1106 1907 1321 1984 Potestatibus,
1339 1907 1521 1986 Virtutibus,
1540 1907 1819 1980 nominationibus,
1834 1903 1973 1966 rnronis

197 1989 265 2076 86.)
281 1999 426 2057 ettamen
442 1997 578 2056 noudum
594 2000 777 2070 pervenerat
791 1992 830 2055 ad
842 2008 909 2054 eam
923 1989 1062 2054 cm'inen·
1107 1990 1287 2059 Cherubim.
1305 2000 1334 2052 et
1350 1991 1509 2072 Seraphim
1525 2000 1679 2064 constent,
1708 1989 1881 2069 quimatio
1897 1989 1970 2066 plu·

197 2077 283 2152 tiam,
299 2079 337 2140 ed
353 2095 444 2156 quam
461 2084 531 2155 post
545 2077 692 2140 Davidem
709 2082 739 2138 et
753 2075 949 2141 Salomonem
965 2075 1059 2139 Hero·
1106 2092 1158 2138 res
1171 2092 1260 2150 quam
1273 2075 1415 2144 homines
1430 2083 1547 2148 suntet
1561 2093 1624 2139 non
1638 2075 1787 2155 gentihus
1797 2080 1827 2138 et
1842 2070 1973 2152 populis

198 2159 255 2224 des
270 2176 401 2238 magnus
417 2163 500 2224 illam
523 2161 636 2227 erexit.
659 2158 756 2232 Quam
780 2167 883 2223 autem
906 2161 1061 2237 praeclara
1108 2168 1137 2220 et
1154 2157 1278 2235 linguis,
1295 2160 1350 2220 sed
1366 2165 1492 2222 naturae
1503 2159 1692 2236 diversitate,
1711 2157 1741 2220 id
1755 2153 1972 2235 esospectttca

197 2243 308 2312 luisset
322 2243 523 2315 Chaldaee‚et
537 2244 639 2308 omnis
655 2243 779 2321 Assyria
797 2249 828 2305 ct
841 2241 1060 2321 Mesopotamia
1107 2241 1278 2304 differentia
1294 2243 1409 2319 singuli
1420 2243 1662 2326 distinguuntur:
1677 2239 1790 2323 (Apoc.
1804 2240 1851 2318 l.)
1866 2246 1974 2300 tamen

198 2327 246 2388 rel
262 2330 363 2405 petius
379 2327 492 2392 Oriens
504 2335 597 2405 totus,
615 2325 641 2388 si
656 2326 793 2404 Babylon
817 2325 923 2388 ciuitas
938 2342 1061 2400 omnem
1107 2333 1178 2388 sunt
1190 2342 1300 2387 omnes
1325 2325 1387 2388 reri
1404 2328 1508 2396 eires,
1526 2327 1698 2390 concordes
1712 2371 1720 2400 ,
1736 2324 1914 2397 unanimes,
1938 2325 1973 2384 et

202 2409 286 2472 illem
311 2411 418 2474 mundi
433 2415 551 2490 perlem
568 2409 733 2494 moenibus
759 2408 824 2480 suis
840 2410 999 2484 complexa
1016 2425 1065 2472 es·
1107 2411 1195 2471 urtica
1212 2409 1577 2491 acsolaclraritetislege
1595 2409 1974 2490 reguntur.1mqucsunl

199 2494 274 2558 set?
296 2494 347 2560 Sic
362 2495 444 2558 euim
460 2496 499 2560 de
522 2511 557 2556 ea
580 2492 723 2564 scribunt
746 2491 864 2554 Plinius
886 2492 942 2555 lib.
967 2492 1017 2554 tl.
1034 2499 1065 2554 et
1108 2506 1217 2554 omnes
1232 2509 1285 2554 cur
1301 2507 1407 2568 unum,
1424 2498 1454 2554 el
1469 2494 1596 2572 spiritus
1619 2511 1713 2556 uuus.
1730 2492 1837 2571 (Rom.
1855 2488 1923 2570 tl.)
1935 2489 1974 2549 lli

199 2575 311 2640 Strabo
325 2578 439 2642 libxx.
453 2585 486 2648 ol
502 2575 698 2641 incredibilis
713 2575 851 2638 rideatur
864 2574 932 2639 eius
947 2577 1065 2657 magni,-
1110 2581 1180 2654 quia
1195 2576 1328 2638 alteritas
1341 2576 1425 2646 edio,
1443 2577 1642 2647 invidentiae.
1658 2573 1975 2650 contentionibusdi·

200 2659 274 2724 tudo
291 2664 322 2724 et
335 2661 547 2740 pulchritudo,
572 2677 610 2723 ex
625 2675 687 2738 quo
713 2676 730 2721 e
757 2666 882 2737 septem
908 2659 1065 2722 miraculis
1108 2660 1252 2732 sommis,
1270 2658 1357 2734 rixis,
1375 2661 1507 2736 aliisque
1519 2662 1667 2738 peccatis,
1684 2659 1807 2722 etritiis
1819 2656 1973 2722 centraria

202 2744 320 2818 mundi,
338 2745 475 2824 Babylon
500 2744 607 2806 civitas
636 2759 732 2806 uuum
764 2759 836 2806 esse
865 2751 1064 2806 memoratur.
1108 2751 1166 2806 est:
1184 2743 1255 2804 ideo
1271 2742 1308 2804 ab
1325 2743 1376 2804 illa
1391 2749 1495 2810 sancte
1512 2743 1638 2808 Ciritete
1661 2744 1831 2814 ierusalem
1857 2739 1971 2821 procul

201 2826 306 2901 Qualis
321 2827 413 2909 igitur
428 2829 487 2892 erit
501 2827 613 2900 divites
628 2826 679 2889 ille
695 2825 853 2898 caelestis,
869 2841 1005 2905 superne
1018 2825 1064 2888 Ie·
1109 2827 1222 2888 obsunt
1237 2826 1313 2901 irae,
1329 2828 1425 2902 rixae,
1442 2827 1678 2898 contentiones,
1694 2827 1892 2903 invidisset
1905 2825 1972 2888 solu

201 2913 351 2989 rusulem,
370 2916 557 2988 quaetotum
573 2916 705 2988 occupat
719 2909 858 2988 Regnum
881 2911 1036 2976 caelorum
1049 2910 1073 2970 t,
1110 2909 1244 2972 charitas
1256 2915 1376 2988 regnet,
1394 2918 1507 2974 etcum
1525 2927 1559 2973 ea
1575 2911 1811 2989 iustitia,pmr‚et
1825 2908 1980 2989 goudium

203 2994 235 3057 id
252 2999 312 3069 est,
329 3011 409 3076 quac
424 2995 506 3069 tacit,
526 3000 559 3062 el
573 2995 715 3074 Regnum
740 2993 818 3061 illud
844 2993 1018 3072 Regnorum
1035 3008 1067 3054 ο·
1111 2995 1140 3054 in
1155 2993 1267 3071 Spiritu
1277 2992 1528 3060 Sanctouactum
1541 3001 1588 3056 est
1600 2994 1725 3072 quidem
1738 2993 1777 3056 ab
1790 2993 1876 3060 initio
1888 3007 1973 3054 crea·

201 3079 320 3144 mnium
336 3081 501 3142 maximum
518 3077 559 3140 ita
574 3076 737 3158 splendeat
748 3092 785 3138 ac
796 3077 960 3156 leigenbac
974 3077 1000 3138 si
1017 3092 1065 3138 es
1103 3077 1202 3138 'tionis
1218 3092 1319 3137 rerum
1337 3078 1487 3150 proelium
1505 3095 1647 3156 maguum
1665 3080 1694 3138 in
1712 3078 1799 3140 caele
1822 3077 1903 3148 lnter
1917 3075 1972 3138 tti-

202 3167 251 3224 set
262 3167 360 3226 totum
376 3179 437 3226 uua
453 3161 559 3226 civitas
574 3160 786 3238 pulcherrima
801 3166 832 3223 et
846 3159 1064 3235 ornatissima,
1110 3160 1248 3224 ebaelem
1264 3159 1493 3239 Archangelum
1506 3165 1535 3222 el
1548 3163 1711 3226 draconem
1727 3161 1782 3224 sed
1795 3159 1973 3240 Archange-

201 3260 354 3326 nusquam
372 3245 486 3319 inanis,
502 3260 656 3324 nusquam
671 3243 831 3318 deformis,
856 3259 1008 3317 nusquam
1025 3242 1066 3304 ri·
1110 3243 1160 3305 los
1175 3241 1352 3307 llicbaelet
1368 3243 1476 3323 Angcli
1494 3245 1563 3306 eius
1580 3291 1589 3315 ,
1616 3245 1669 3322 qui
1691 3245 1722 3306 iu
1738 3243 1866 3307 veritate
1881 3248 1975 3306 stete·

187 3328 257 3401 lis,
273 3347 427 3406 nusquam
440 3329 572 3404 inculte,
590 3342 743 3404 nusquam
760 3327 898 3392 horride.
923 3325 1012 3389 Certe
1029 3334 1069 3386 ta·
1111 3333 1202 3400 runt,
1220 3326 1393 3390 etDcmine
1409 3344 1466 3392 sue
1483 3327 1577 3392 tidem
1595 3334 1626 3390 et
1647 3327 1858 3392 obedientiam
1874 3342 1976 3390 serra·

203 3412 243 3474 lis
258 3419 305 3476 est
316 3411 426 3476 (linires
441 3418 626 3490 supernam
640 3425 732 3476 uerno
749 3411 787 3472 de
805 3425 840 3482 eo
856 3410 938 3472 serio
954 3409 1068 3487 cogitet
1111 3414 1233 3482 rerunt,
1250 3411 1289 3471 de
1305 3412 1440 3473 dracone
1455 3419 1486 3474 et
1500 3411 1628 3490 angelis
1645 3411 1726 3489 eius,
1742 3411 1805 3488 ,qui
1819 3411 1849 3472 in
1866 3425 1975 3488 super·

203 3497 279 3572 quin
295 3495 327 3558 iu
343 3495 539 3574 cupididatem
552 3499 654 3558 tentae
670 3495 713 3558 rei
729 3493 1068 3568 contiuocexardescet
1110 3494 1191 3556 biam
1210 3492 1304 3556 erecti
1321 3494 1358 3556 ab
1374 3495 1443 3572 ipso
1458 3496 1613 3558 communi
1628 3496 1759 3558 humine
1774 3494 1972 3568 deiecerant,

204 3584 236 3641 et
250 3594 342 3642 nemo
354 3595 426 3642 rere
442 3580 632 3652 exardescat,
649 3579 724 3656 quin
739 3577 887 3638 continuo
902 3576 1019 3640 relictis
1033 3595 1066 3638 c·
1112 3576 1268 3659 uictoriam
1285 3584 1491 3656 reportarunt:
1508 3576 1620 3658 (apoc.
1635 3578 1916 3659 mortesmortes
1932 3585 1975 3638 eet

204 3660 331 3725 mnibus
347 3679 415 3725 eam
430 3665 587 3742 requirat,
605 3667 635 3724 et
650 3676 817 3738 numquam
835 3660 997 3735 quiescat,
1014 3661 1068 3724 de·
1113 3661 1212 3723 druco
1227 3659 1283 3720 ille
1295 3677 1437 3739 magnes
1454 3705 1462 3732 ,
1478 3677 1609 3740 serpens
1625 3665 1794 3741 antiques,
1811 3663 1869 3742 qui
1882 3676 1974 3723 eece·

206 3760 265 3810 nec
280 3761 349 3808 enm
367 3746 512 3808 inveniat.
530 3743 608 3807 Audi
631 3744 706 3820 quid
724 3745 763 3806 de
780 3745 832 3805 illa
848 3741 973 3808 civitate
988 3743 1070 3804 dicat
1112 3751 1165 3808 tur
1180 3743 1328 3808 diabolas
1347 3752 1376 3808 et
1388 3743 1543 3819 Satanas,
1565 3747 1624 3825 qai
1644 3745 1770 3810 seducit
1783 3745 1976 3808 uniuersum

205 3827 317 3892 lobias
332 3829 436 3894 senior
451 3829 482 3896 in
498 3829 609 3906 spiritu
631 3829 772 3890 exultans
792 3833 823 3888 et
838 3826 1068 3907 caneusobuce
1112 3827 1231 3898 orbem,
1248 3831 1278 3889 et
1289 3829 1451 3906 proiectus
1468 3835 1512 3891 est
1525 3829 1564 3892 in
1577 3828 1759 3892 terrcmAb
1770 3828 1823 3892 illo
1836 3834 1974 3907 tempere

201 3911 378 3990 splendida
392 3912 539 3990 tietgebe's,
557 3915 585 3976 et
600 3926 712 3975 ornnes
724 3909 806 3982 Artes
829 3916 934 3972 terrae
949 3910 1068 3974 adorc-
1113 3910 1223 3982 Giritos
1235 3919 1340 3976 sancta
1353 3911 1522 3976 ierusalem
1535 3913 1680 3975 caelestis
1692 3913 1797 3990 posuit
1810 3913 1889 3976 lines
1901 3927 1974 3976 suos

204 3995 285 4060 bunt
300 3995 469 4068 tel’ertee
483 3993 662 4058 leresalern
683 4009 726 4060 em
747 3994 903 4072 sapphiro
930 4002 959 4056 et
982 4008 1066 4057 sme-
1113 4011 1234 4074 pacem,
1251 4009 1309 4056 nec
1324 3995 1425 4060 audita
1443 4003 1491 4059 est
1505 3996 1538 4058 in
1560 4011 1594 4058 ee
1622 3996 1693 4060 tube
1716 3997 1828 4060 bellice
1845 4011 1973 4076 ‚neque

205 4079 625 4157 rcpdccedihcebentur,ct
637 4094 680 4150 eor
693 4078 951 4157 laptuepreticso
963 4081 1069 4141 emate
1113 4078 1254 4142 audietur
1269 4078 1345 4140 ultre
1358 4095 1459 4164 usque
1475 4079 1507 4143 in
1522 4086 1695 4143 aeternum.
1712 4077 1777 4163 (Pe.
1795 4075 1882 4160 tlt).

207 4162 361 4230 circuitus
376 4179 548 4226 meterem
564 4163 647 4230 eius:
675 4178 718 4224 em
735 4162 867 4240 ,lupide
882 4162 1070 4235 candidam
1157 4161 1235 4236 Quid
1249 4177 1322 4241 ergo
1338 4162 1484 4225 dulcius.
1511 4163 1584 4239 quid
1608 4164 1730 4226 lelicius
1751 4163 1810 4226 hnc
1825 4161 1975 4226 civitate?

204 4247 666 4325 muhdocmnespleteeeetus
677 4251 974 4322 stereorationem
985 4246 1070 4307 uices
1111 4246 1230 4319 Quibus
1244 4256 1316 4309 nota
1332 4254 1404 4308 sunt
1421 4247 1497 4308 mala
1520 4246 1685 4320 bellorum,
1700 4246 1973 4327 depraedationes,

205 4331 274 4392 eires
284 4329 426 4404 Alleluia
440 4325 808 4410 cantobennttrrbtt.)
824 4335 854 4390 et
869 4328 982 4391 Tobiae
996 4345 1067 4390 cun·
1113 4332 1238 4405 caedes,
1254 4329 1730 4408 rapinarolncendiesacrilegia,
1748 4329 1873 4394 iilacile
1888 4347 1976 4408 prae·

205 4414 281 4475 cinit
296 4423 421 4484 sanctus
433 4413 567 4476 Iounnes
583 4415 612 4474 in
622 4411 808 4491 Apocalypsi
821 4412 986 4477 dicenszbt
999 4418 1068 4476 eret
1113 4414 1374 4488 dicarepussunt,
1390 4420 1501 4490 quanta
1517 4415 1558 4479 sil
1573 4413 1747 4478 iucunditas
1759 4423 1789 4477 ct
1804 4417 1977 4478 emoeuites

204 4500 369 4562 structore
381 4499 469 4562 meri
484 4499 554 4560 eins
569 4514 613 4560 em
624 4495 735 4576 lapide
749 4495 890 4574 iaspide:
906 4497 981 4574 ipse
994 4512 1067 4561 nero
1115 4497 1209 4573 pacis.
1227 4496 1287 4560 Sed
1303 4497 1429 4560 omissis
1444 4498 1578 4572 publicis
1593 4498 1697 4573 bellis,
1712 4499 1783 4577 qais
1799 4505 1858 4573 est,
1876 4499 1928 4576 qui
1943 4500 1973 4560 tn

209 4579 325 4644 (linitas
341 4596 464 4644 cerem
475 4583 640 4648 mundum
661 4579 767 4642 simile
780 4584 863 4644 nitro
879 4581 1016 4642 arendo:
1037 4585 1069 4647 et
1113 4580 1233 4650 civitate
1249 4597 1303 4642 sue
1320 4627 1327 4650 ,
1355 4582 1417 4643 imo
1431 4582 1523 4646 etiam
1540 4581 1571 4645 in
1587 4583 1680 4648 demo
1696 4597 1764 4658 sua,
1791 4597 1855 4644 neu
1869 4584 1910 4644 sil
1924 4598 1975 4646 er·

205 4663 426 4742 fundamenta
439 4667 529 4728 meri
552 4663 802 4728 oratiotionem
827 4663 938 4739 lupide
952 4665 1069 4740 pretie-
1113 4670 1219 4741 pertus
1235 4709 1242 4736 ,
1269 4680 1358 4741 quam
1385 4662 1425 4726 sil
1446 4681 1582 4734 emerem
1598 4666 1713 4728 versari
1728 4682 1799 4728 cum
1814 4665 1974 4728 iracundis

205 4763 240 4809 se
252 4752 382 4812 oracta:
396 4754 424 4810 et
439 4749 590 4826 singulae
614 4751 729 4823 portae
744 4753 840 4812 ercet
862 4763 906 4810 erc
926 4748 1069 4827 singulis
1114 4748 1161 4814 rel
1173 4748 1291 4824 asperis
1306 4747 1497 4822 bominibus.
1515 4747 1567 4825 qui
1589 4750 1693 4815 omnia
1708 4750 1737 4810 in
1756 4754 1873 4828 perlem
1887 4750 1974 4814 dete·

205 4833 406 4910 merpcritis:
424 4835 453 4892 et
463 4831 577 4910 platea
595 4829 739 4894 Ciuitatis
754 4845 877 4894 cerem
891 4833 1067 4894 mendum.
1114 4831 1226 4893 riorem
1242 4831 1506 4908 interpretantur?
1527 4829 1659 4896 Discede
1674 4831 1715 4896 cb
1729 4833 1859 4914 imque,
1876 4840 1907 4896 et
1920 4835 1974 4896 rlc·

119 4911 120 4916 ’
208 4911 320 4993 (Apoe.
334 4909 402 4996 tl.)
417 4912 522 4992 Neque
547 4929 619 4978 rere
634 4913 778 4978 caelestis
803 4913 972 4982 Jerusalem
999 4930 1069 4976 rere
1113 4913 1225 4991 sicient
1248 4915 1339 4978 mele
1360 4913 1417 4981 che
1438 4919 1479 4990 te,
1503 4913 1613 4991 (Ecel.
1630 4916 1687 4993 ι.)
1709 4917 1808 4995 inquit
1823 4915 1975 4980 Ecclesia·

208 5013 251 5060 ex
263 5013 336 5061 eure
350 5007 379 5058 et
391 4997 548 5076 lapidibus
563 4997 723 5076 pretiosis,
740 4999 848 5075 quales
864 4997 1015 5059 habentur
1037 4996 1068 5061 in
1115 4997 1224 5060 sticus.
1241 4997 1301 5060 Sed
1319 5013 1379 5076 quo
1394 4998 1530 5068 ibimus,
1554 4999 1606 5060 ubi
1631 5016 1691 5063 non
1708 4998 1903 5064 inveniemus
1917 5000 1973 5064 ini·

210 5081 311 5150 terris.
328 5089 430 5144 ornata
448 5087 606 5146 cernetur:
622 5083 677 5144 sed
696 5082 772 5144 haec
795 5083 834 5140 itu
858 5080 1014 5147 dicuntur.
1039 5087 1070 5144 ιιι
1115 5081 1219 5159 quos?
1244 5088 1273 5143 et
1288 5082 1314 5144 si
1331 5081 1446 5160 ubique
1463 5081 1661 5152 inveniuntur
1686 5083 1808 5162 iniqui,
1834 5090 1917 5146 certe
1939 5085 1969 5146 in

209 5164 431 5244 intelligamus,
448 5167 612 5230 caelestem
636 5164 793 5228 Civitatem
806 5168 924 5234 tantum
938 5170 1069 5240 praeste-
1116 5165 1198 5229 omni
1216 5165 1284 5229 loco
1300 5166 1527 5228 comitabuntur
1549 5182 1607 5227 nos
1622 5167 1714 5235 mala.
1731 5173 1803 5230 dum
1819 5183 1927 5232 sumus
1941 5168 1970 5228 in

209 5264 243 5314 re
260 5252 413 5320 terrenae,
429 5256 576 5326 quantum
592 5265 700 5314 eurum
717 5253 851 5325 praestat
867 5247 979 5318 latest
994 5265 1070 5312 mar·
1116 5249 1175 5311 hoc
1190 5249 1294 5312 critic.
1309 5250 1387 5329 Audi
1400 5249 1471 5324 quid
1489 5251 1570 5311 idem
1587 5249 1826 5316 Ecclesiasticus
1840 5251 1923 5312 dicat
1935 5253 1973 5314 de

213 5334 330 5413 garitae
346 5331 443 5406 saris,
457 5332 608 5396 cistellae
625 5329 765 5411 sychnis
784 5336 813 5391 et
828 5329 874 5392 sol
891 5329 1019 5404 lacrrlae,
1042 5337 1073 5394 et
1116 5349 1209 5396 uxore
1225 5335 1302 5396 mala
1321 5330 1520 5396 Gemmarum·
1532 5334 1618 5396 leoni
1629 5341 1659 5396 et
1670 5335 1811 5398 droconi
1821 5334 1969 5408 placebit.

212 5417 332 5482 coelum
346 5422 456 5490 terrae,
474 5422 504 5478 et
521 5413 709 5500 vmortalibus
729 5412 908 5476 architectis
921 5413 1074 5478 immorta-
1115 5433 1217 5495 quera
1231 5417 1379 5482 habiture
1391 5433 1465 5480 cum
1476 5417 1613 5481 mettere
1624 5433 1779 5497 nequem.
1793 5415 1893 5500 (licet.
1908 5417 1972 5500 25.)

211 5499 251 5562 lis
266 5501 368 5578 opiter
380 5499 542 5566 Deussed
559 5497 684 5575 quiade
698 5498 1071 5577 pulchritudiueumnium
1096 5535 1098 5538 -
1116 5507 1147 5572 el
1161 5504 1186 5562 si
1203 5507 1286 5570 secla
1301 5505 1379 5564 ritae
1394 5504 1706 5578 propterneqnitinm
1720 5503 1846 5565 vertitur
1862 5503 1893 5562 in
1907 5502 1969 5565 leo·

210 5585 344 5662 partium
359 5583 494 5652 Civitatis
509 5581 563 5649 bei
579 5582 671 5661 paulo
686 5581 762 5647 inira
777 5581 889 5646 dicturi
905 5582 1081 5661 semestri·
1119 5601 1188 5646 nem
1205 5581 1427 5662 erumperem,
1441 5585 1562 5666 quantis
1577 5585 1746 5665 angoribus
1757 5584 1890 5666 expositi
1903 5595 1973 5650 suut

209 5665 257 5733 1²¹¹
269 5664 321 5734 ¹12⁰
335 5668 486 5740 *fidemus
501 5667 661 5748 ambillis-v
751 5729 755 5740 .
1030 5726 1032 5734 ι
1117 5666 1260 5748 Plerique
1274 5667 1445 5742 mortales?
1469 5667 1582 5742 Orestes
1601 5670 1971 5751 qetptecelehtctaerc
