<?xml version="1.0" encoding="UTF-8"?>
<!DOCTYPE html PUBLIC "-//W3C//DTD XHTML 1.0 Transitional//EN"
    "http://www.w3.org/TR/xhtml1/DTD/xhtml1-transitional.dtd">
<html xmlns="http://www.w3.org/1999/xhtml" xml:lang="en" lang="en">
 <head>
  <title>
</title>
<meta http-equiv="Content-Type" content="text/html;charset=utf-8" />
  <meta name='ocr-system' content='tesseract 3.04.00' />
  <meta name='ocr-capabilities' content='ocr_page ocr_carea ocr_par ocr_line ocrx_word'/>
</head>
<body>
  <div class='ocr_page' id='page_1' title='image "./operaomnia00sforgoog_0540.png"; bbox 0 0 4044 6256; ppageno 0'>
   <div class='ocr_carea' id='block_1_1' title="bbox 667 477 1208 632">
    <p class='ocr_par' dir='ltr' id='par_1_1' title="bbox 667 477 1208 632">
     <span class='ocr_line' id='line_1_1' title="bbox 667 477 1208 632; baseline -0.011 -7"><span class='ocrx_word' id='word_1_1' title='bbox 667 477 671 486; x_wconf 66' lang='grc'>’</span> <span class='ocrx_word' id='word_1_2' title='bbox 716 533 831 624; x_wconf 83' lang='lat' dir='ltr'>trra</span> <span class='ocrx_word' id='word_1_3' title='bbox 861 533 929 621; x_wconf 83' lang='lat' dir='ltr'>ur</span> <span class='ocrx_word' id='word_1_4' title='bbox 959 530 1208 632; x_wconf 82' lang='lat' dir='ltr'>vruuurus</span> 
     </span>
    </p>
   </div>
   <div class='ocr_carea' id='block_1_2' title="bbox 525 837 1411 916">
    <p class='ocr_par' dir='ltr' id='par_1_2' title="bbox 525 837 1411 916">
     <span class='ocr_line' id='line_1_2' title="bbox 525 837 1411 916; baseline -0.009 0"><span class='ocrx_word' id='word_1_5' title='bbox 525 839 728 916; x_wconf 73' lang='lat' dir='ltr'>saucii</span> <span class='ocrx_word' id='word_1_6' title='bbox 763 841 969 915; x_wconf 87' lang='lat' dir='ltr'>IOSEPH</span> <span class='ocrx_word' id='word_1_7' title='bbox 1004 837 1411 913; x_wconf 79' lang='lat' dir='ltr'>Petulnltcllau</span> 
     </span>
    </p>
   </div>
   <div class='ocr_carea' id='block_1_3' title="bbox 816 1125 1103 1135">
    <p class='ocr_par' dir='ltr' id='par_1_3' title="bbox 816 1125 1103 1135">
     <span class='ocr_line' id='line_1_3' title="bbox 816 1125 1103 1135; baseline -0.014 0"><span class='ocrx_word' id='word_1_8' title='bbox 816 1127 1023 1135; x_wconf 73' lang='grc' dir='ltr'>ι---.......--</span> <span class='ocrx_word' id='word_1_9' title='bbox 1038 1125 1069 1132; x_wconf 64' lang='lat'>-0-</span> <span class='ocrx_word' id='word_1_10' title='bbox 1081 1125 1103 1131; x_wconf 80' lang='grc'>.-</span> 
     </span>
    </p>
   </div>
   <div class='ocr_carea' id='block_1_4' title="bbox 99 1628 1830 2046">
    <p class='ocr_par' dir='ltr' id='par_1_4' title="bbox 99 1628 1830 2046">
     <span class='ocr_line' id='line_1_4' title="bbox 144 1628 1829 1711; baseline -0.004 -10"><span class='ocrx_word' id='word_1_11' title='bbox 144 1631 260 1694; x_wconf 82' lang='lat' dir='ltr'>Primus</span> <span class='ocrx_word' id='word_1_12' title='bbox 271 1631 482 1711; x_wconf 74' lang='lat' dir='ltr'>omniumque</span> <span class='ocrx_word' id='word_1_13' title='bbox 497 1635 576 1693; x_wconf 89' lang='lat' dir='ltr'>iuter</span> <span class='ocrx_word' id='word_1_14' title='bbox 587 1632 721 1692; x_wconf 91' lang='lat' dir='ltr'>cultores</span> <span class='ocrx_word' id='word_1_15' title='bbox 732 1629 792 1692; x_wconf 79' lang='lat' dir='ltr'>ueri</span> <span class='ocrx_word' id='word_1_16' title='bbox 801 1628 853 1692; x_wconf 85' lang='lat' dir='ltr'>liei</span> <span class='ocrx_word' id='word_1_17' title='bbox 863 1630 945 1707; x_wconf 85' lang='lat' dir='ltr'>prlo-</span> <span class='ocrx_word' id='word_1_18' title='bbox 989 1641 1018 1696; x_wconf 92' lang='lat' dir='ltr'>cl</span> <span class='ocrx_word' id='word_1_19' title='bbox 1039 1635 1191 1698; x_wconf 90' lang='lat' dir='ltr'>alliueniia</span> <span class='ocrx_word' id='word_1_20' title='bbox 1215 1636 1363 1697; x_wconf 88' lang='lat' dir='ltr'>honorum</span> <span class='ocrx_word' id='word_1_21' title='bbox 1387 1633 1544 1708; x_wconf 79' lang='lat' dir='ltr'>oninium,</span> <span class='ocrx_word' id='word_1_22' title='bbox 1568 1649 1603 1693; x_wconf 89' lang='lat' dir='ltr'>ac</span> <span class='ocrx_word' id='word_1_23' title='bbox 1625 1634 1829 1710; x_wconf 88' lang='lat' dir='ltr'>prosperitate</span> 
     </span>
     <span class='ocr_line' id='line_1_5' title="bbox 102 1710 1830 1800; baseline 0.002 -25"><span class='ocrx_word' id='word_1_24' title='bbox 102 1714 237 1791; x_wconf 88' lang='lat' dir='ltr'>cipetum</span> <span class='ocrx_word' id='word_1_25' title='bbox 256 1716 451 1791; x_wconf 74' lang='lat' dir='ltr'>temporalem</span> <span class='ocrx_word' id='word_1_26' title='bbox 468 1715 597 1790; x_wconf 90' lang='lat' dir='ltr'>adeplos</span> <span class='ocrx_word' id='word_1_27' title='bbox 613 1719 681 1788; x_wconf 88' lang='lat' dir='ltr'>est,</span> <span class='ocrx_word' id='word_1_28' title='bbox 705 1713 818 1791; x_wconf 88' lang='lat' dir='ltr'>ioseph</span> <span class='ocrx_word' id='word_1_29' title='bbox 841 1710 944 1773; x_wconf 87' lang='lat' dir='ltr'>iacchi</span> <span class='ocrx_word' id='word_1_30' title='bbox 990 1722 1147 1800; x_wconf 86' lang='lat' dir='ltr'>lransegil.</span> <span class='ocrx_word' id='word_1_31' title='bbox 1163 1719 1197 1780; x_wconf 93' lang='lat' dir='ltr'>In</span> <span class='ocrx_word' id='word_1_32' title='bbox 1217 1726 1274 1779; x_wconf 92' lang='lat' dir='ltr'>tam</span> <span class='ocrx_word' id='word_1_33' title='bbox 1291 1720 1382 1798; x_wconf 92' lang='lat' dir='ltr'>longo</span> <span class='ocrx_word' id='word_1_34' title='bbox 1398 1725 1556 1794; x_wconf 82' lang='lat' dir='ltr'>tempore.</span> <span class='ocrx_word' id='word_1_35' title='bbox 1582 1721 1610 1774; x_wconf 89' lang='lat' dir='ltr'>el</span> <span class='ocrx_word' id='word_1_36' title='bbox 1632 1713 1663 1775; x_wconf 92' lang='lat' dir='ltr'>in</span> <span class='ocrx_word' id='word_1_37' title='bbox 1682 1723 1759 1776; x_wconf 89' lang='lat' dir='ltr'>lanta</span> <span class='ocrx_word' id='word_1_38' title='bbox 1784 1731 1830 1778; x_wconf 90' lang='lat' dir='ltr'>re·</span> 
     </span>
     <span class='ocr_line' id='line_1_6' title="bbox 100 1795 1829 1878; baseline 0.002 -22"><span class='ocrx_word' id='word_1_39' title='bbox 100 1797 296 1860; x_wconf 89' lang='lat' dir='ltr'>Petriarchne</span> <span class='ocrx_word' id='word_1_40' title='bbox 306 1797 389 1859; x_wconf 88' lang='lat' dir='ltr'>iilius</span> <span class='ocrx_word' id='word_1_41' title='bbox 403 1799 469 1859; x_wconf 87' lang='lat' dir='ltr'>init.</span> <span class='ocrx_word' id='word_1_42' title='bbox 485 1799 604 1859; x_wconf 80' lang='lat' dir='ltr'><strong>Priores</strong></span> <span class='ocrx_word' id='word_1_43' title='bbox 616 1797 696 1860; x_wconf 89' lang='lat' dir='ltr'>enim</span> <span class='ocrx_word' id='word_1_44' title='bbox 710 1795 855 1856; x_wconf 88' lang='lat' dir='ltr'>Patrasah</span> <span class='ocrx_word' id='word_1_45' title='bbox 867 1795 943 1864; x_wconf 82' lang='lat' dir='ltr'>Ada·</span> <span class='ocrx_word' id='word_1_46' title='bbox 988 1816 1053 1861; x_wconf 91' lang='lat' dir='ltr'>rum</span> <span class='ocrx_word' id='word_1_47' title='bbox 1067 1805 1221 1875; x_wconf 82' lang='lat' dir='ltr'>varietate,</span> <span class='ocrx_word' id='word_1_48' title='bbox 1235 1817 1336 1878; x_wconf 84' lang='lat' dir='ltr'>neque</span> <span class='ocrx_word' id='word_1_49' title='bbox 1352 1815 1516 1862; x_wconf 89' lang='lat' dir='ltr'>aerumnae</span> <span class='ocrx_word' id='word_1_50' title='bbox 1528 1799 1613 1859; x_wconf 90' lang='lat' dir='ltr'>ilium</span> <span class='ocrx_word' id='word_1_51' title='bbox 1626 1799 1662 1858; x_wconf 85' lang='lat' dir='ltr'>arl</span> <span class='ocrx_word' id='word_1_52' title='bbox 1672 1798 1829 1875; x_wconf 89' lang='lat' dir='ltr'>impatien-</span> 
     </span>
     <span class='ocr_line' id='line_1_7' title="bbox 99 1879 1828 1962; baseline 0.002 -24"><span class='ocrx_word' id='word_1_53' title='bbox 99 1895 150 1940; x_wconf 92' lang='lat' dir='ltr'>mo</span> <span class='ocrx_word' id='word_1_54' title='bbox 166 1897 264 1954; x_wconf 83' lang='lat' dir='ltr'>uscue</span> <span class='ocrx_word' id='word_1_55' title='bbox 277 1882 314 1942; x_wconf 90' lang='lat' dir='ltr'>ad</span> <span class='ocrx_word' id='word_1_56' title='bbox 329 1881 506 1957; x_wconf 80' lang='lat' dir='ltr'>iosephum.</span> <span class='ocrx_word' id='word_1_57' title='bbox 520 1881 565 1941; x_wconf 84' lang='lat' dir='ltr'>rel</span> <span class='ocrx_word' id='word_1_58' title='bbox 580 1895 718 1956; x_wconf 89' lang='lat' dir='ltr'>agrorum</span> <span class='ocrx_word' id='word_1_59' title='bbox 732 1879 866 1940; x_wconf 90' lang='lat' dir='ltr'>cultores</span> <span class='ocrx_word' id='word_1_60' title='bbox 880 1880 942 1938; x_wconf 91' lang='lat' dir='ltr'>luo·</span> <span class='ocrx_word' id='word_1_61' title='bbox 988 1883 1071 1956; x_wconf 87' lang='lat' dir='ltr'>liam,</span> <span class='ocrx_word' id='word_1_62' title='bbox 1089 1901 1190 1962; x_wconf 81' lang='lat' dir='ltr'>necue</span> <span class='ocrx_word' id='word_1_63' title='bbox 1206 1884 1335 1945; x_wconf 89' lang='lat' dir='ltr'>ielicilas</span> <span class='ocrx_word' id='word_1_64' title='bbox 1351 1886 1388 1944; x_wconf 90' lang='lat' dir='ltr'>ad</span> <span class='ocrx_word' id='word_1_65' title='bbox 1401 1881 1646 1954; x_wconf 66' lang='lat' dir='ltr'><strong>dissolutionem,</strong></span> <span class='ocrx_word' id='word_1_66' title='bbox 1661 1881 1706 1941; x_wconf 85' lang='lat' dir='ltr'>rel</span> <span class='ocrx_word' id='word_1_67' title='bbox 1722 1897 1828 1958; x_wconf 89' lang='lat' dir='ltr'>supcr-</span> 
     </span>
     <span class='ocr_line' id='line_1_8' title="bbox 99 1960 1828 2046; baseline 0.003 -28"><span class='ocrx_word' id='word_1_68' title='bbox 99 1969 171 2023; x_wconf 90' lang='lat' dir='ltr'>runt</span> <span class='ocrx_word' id='word_1_69' title='bbox 186 1967 218 2024; x_wconf 88' lang='lat' dir='ltr'>ut</span> <span class='ocrx_word' id='word_1_70' title='bbox 232 1961 315 2037; x_wconf 83' lang='lat' dir='ltr'>Cain,</span> <span class='ocrx_word' id='word_1_71' title='bbox 333 1973 363 2025; x_wconf 89' lang='lat' dir='ltr'>et</span> <span class='ocrx_word' id='word_1_72' title='bbox 379 1963 452 2025; x_wconf 89' lang='lat' dir='ltr'>ilua:</span> <span class='ocrx_word' id='word_1_73' title='bbox 471 1965 515 2025; x_wconf 88' lang='lat' dir='ltr'>rel</span> <span class='ocrx_word' id='word_1_74' title='bbox 531 1963 632 2025; x_wconf 85' lang='lat' dir='ltr'>orium</span> <span class='ocrx_word' id='word_1_75' title='bbox 645 1969 795 2040; x_wconf 88' lang='lat' dir='ltr'>pastores,</span> <span class='ocrx_word' id='word_1_76' title='bbox 810 1960 941 2030; x_wconf 74' lang='lat' dir='ltr'>ulhheh</span> <span class='ocrx_word' id='word_1_77' title='bbox 986 1965 1065 2026; x_wconf 88' lang='lat' dir='ltr'>biam</span> <span class='ocrx_word' id='word_1_78' title='bbox 1081 1967 1235 2038; x_wconf 80' lang='lat' dir='ltr'>adducere</span> <span class='ocrx_word' id='word_1_79' title='bbox 1258 1967 1365 2046; x_wconf 88' lang='lat' dir='ltr'>poluit.</span> <span class='ocrx_word' id='word_1_80' title='bbox 1382 1965 1415 2027; x_wconf 93' lang='lat' dir='ltr'>id</span> <span class='ocrx_word' id='word_1_81' title='bbox 1432 1967 1512 2044; x_wconf 87' lang='lat' dir='ltr'>quud</span> <span class='ocrx_word' id='word_1_82' title='bbox 1540 1979 1576 2025; x_wconf 82' lang='lat' dir='ltr'>or</span> <span class='ocrx_word' id='word_1_83' title='bbox 1602 1979 1639 2023; x_wconf 93' lang='lat' dir='ltr'>eo</span> <span class='ocrx_word' id='word_1_84' title='bbox 1666 1965 1828 2026; x_wconf 87' lang='lat' dir='ltr'>manllasle</span> 
     </span>
    </p>
   </div>
   <div class='ocr_carea' id='block_1_5' title="bbox 7 2043 1829 2127">
    <p class='ocr_par' dir='ltr' id='par_1_5' title="bbox 7 2043 1829 2127">
     <span class='ocr_line' id='line_1_9' title="bbox 7 2043 1829 2127; baseline 0.001 -22"><span class='ocrx_word' id='word_1_85' title='bbox 7 2109 8 2118; x_wconf 18' lang='lat' dir='ltr'>g</span> <span class='ocrx_word' id='word_1_86' title='bbox 98 2052 130 2105; x_wconf 88' lang='lat' dir='ltr'>et</span> <span class='ocrx_word' id='word_1_87' title='bbox 146 2045 310 2121; x_wconf 78' lang='lat' dir='ltr'>Abraham,</span> <span class='ocrx_word' id='word_1_88' title='bbox 327 2044 486 2109; x_wconf 84' lang='lat' dir='ltr'>elcaoleri</span> <span class='ocrx_word' id='word_1_89' title='bbox 500 2046 704 2120; x_wconf 87' lang='lat' dir='ltr'>Patriarchae‚</span> <span class='ocrx_word' id='word_1_90' title='bbox 721 2046 773 2120; x_wconf 84' lang='lat' dir='ltr'>cui</span> <span class='ocrx_word' id='word_1_91' title='bbox 796 2043 865 2105; x_wconf 92' lang='lat' dir='ltr'>sine</span> <span class='ocrx_word' id='word_1_92' title='bbox 887 2044 941 2104; x_wconf 91' lang='lat' dir='ltr'>du·</span> <span class='ocrx_word' id='word_1_93' title='bbox 986 2054 1086 2126; x_wconf 86' lang='lat' dir='ltr'>potest</span> <span class='ocrx_word' id='word_1_94' title='bbox 1099 2051 1240 2127; x_wconf 76' lang='lat' dir='ltr'>intelligi,</span> <span class='ocrx_word' id='word_1_95' title='bbox 1255 2052 1335 2127; x_wconf 85' lang='lat' dir='ltr'>quod</span> <span class='ocrx_word' id='word_1_96' title='bbox 1350 2049 1504 2124; x_wconf 85' lang='lat' dir='ltr'>Scriptura</span> <span class='ocrx_word' id='word_1_97' title='bbox 1519 2045 1620 2107; x_wconf 84' lang='lat' dir='ltr'>diviua</span> <span class='ocrx_word' id='word_1_98' title='bbox 1634 2045 1749 2116; x_wconf 87' lang='lat' dir='ltr'>nullum</span> <span class='ocrx_word' id='word_1_99' title='bbox 1764 2063 1829 2108; x_wconf 88' lang='lat' dir='ltr'>onr-</span> 
     </span>
    </p>
   </div>
   <div class='ocr_carea' id='block_1_6' title="bbox 93 2126 1881 5683">
    <p class='ocr_par' dir='ltr' id='par_1_6' title="bbox 93 2126 1881 5683">
     <span class='ocr_line' id='line_1_10' title="bbox 97 2126 1830 2207; baseline -0.001 -17"><span class='ocrx_word' id='word_1_100' title='bbox 97 2128 150 2187; x_wconf 89' lang='lat' dir='ltr'>bio</span> <span class='ocrx_word' id='word_1_101' title='bbox 180 2135 274 2188; x_wconf 86' lang='lat' dir='ltr'>artem</span> <span class='ocrx_word' id='word_1_102' title='bbox 297 2128 425 2206; x_wconf 88' lang='lat' dir='ltr'>regendi</span> <span class='ocrx_word' id='word_1_103' title='bbox 447 2131 581 2206; x_wconf 90' lang='lat' dir='ltr'>populos</span> <span class='ocrx_word' id='word_1_104' title='bbox 604 2143 663 2190; x_wconf 90' lang='lat' dir='ltr'>nou</span> <span class='ocrx_word' id='word_1_105' title='bbox 689 2128 864 2203; x_wconf 80' lang='lat' dir='ltr'>attigerunt.</span> <span class='ocrx_word' id='word_1_106' title='bbox 892 2126 942 2186; x_wconf 86' lang='lat' dir='ltr'>Sic</span> <span class='ocrx_word' id='word_1_107' title='bbox 988 2132 1061 2192; x_wconf 94' lang='lat' dir='ltr'>nino</span> <span class='ocrx_word' id='word_1_108' title='bbox 1077 2133 1191 2193; x_wconf 90' lang='lat' dir='ltr'>oriman</span> <span class='ocrx_word' id='word_1_109' title='bbox 1207 2135 1302 2193; x_wconf 86' lang='lat' dir='ltr'>sancti</span> <span class='ocrx_word' id='word_1_110' title='bbox 1320 2131 1431 2206; x_wconf 88' lang='lat' dir='ltr'>loseph</span> <span class='ocrx_word' id='word_1_111' title='bbox 1449 2145 1575 2207; x_wconf 82' lang='lat' dir='ltr'>usquam</span> <span class='ocrx_word' id='word_1_112' title='bbox 1592 2129 1723 2188; x_wconf 85' lang='lat' dir='ltr'>indicat:</span> <span class='ocrx_word' id='word_1_113' title='bbox 1741 2130 1830 2191; x_wconf 81' lang='grc'><strong>11111-</strong></span> 
     </span>
     <span class='ocr_line' id='line_1_11' title="bbox 98 2209 1829 2292; baseline 0.002 -26"><span class='ocrx_word' id='word_1_114' title='bbox 98 2212 180 2269; x_wconf 91' lang='lat' dir='ltr'>enirn</span> <span class='ocrx_word' id='word_1_115' title='bbox 198 2211 302 2272; x_wconf 86' lang='lat' dir='ltr'>scribit</span> <span class='ocrx_word' id='word_1_116' title='bbox 318 2218 443 2273; x_wconf 85' lang='lat' dir='ltr'>sanctus</span> <span class='ocrx_word' id='word_1_117' title='bbox 458 2210 625 2289; x_wconf 71' lang='lat' dir='ltr'>Gregorius</span> <span class='ocrx_word' id='word_1_118' title='bbox 640 2213 670 2271; x_wconf 92' lang='lat' dir='ltr'>iu</span> <span class='ocrx_word' id='word_1_119' title='bbox 685 2209 765 2271; x_wconf 87' lang='lat' dir='ltr'>libro</span> <span class='ocrx_word' id='word_1_120' title='bbox 783 2211 943 2270; x_wconf 83' lang='lat' dir='ltr'>vicesimo·</span> <span class='ocrx_word' id='word_1_121' title='bbox 986 2220 1033 2274; x_wconf 91' lang='lat' dir='ltr'>les</span> <span class='ocrx_word' id='word_1_122' title='bbox 1049 2214 1205 2292; x_wconf 83' lang='lat' dir='ltr'>plurimas,</span> <span class='ocrx_word' id='word_1_123' title='bbox 1221 2215 1532 2289; x_wconf 81' lang='lat' dir='ltr'>elmarimasuhique</span> <span class='ocrx_word' id='word_1_124' title='bbox 1546 2209 1829 2288; x_wconf 76' lang='lat' dir='ltr'>praedicandaque</span> 
     </span>
     <span class='ocr_line' id='line_1_12' title="bbox 98 2293 1829 2376; baseline 0.003 -26"><span class='ocrx_word' id='word_1_125' title='bbox 98 2293 198 2366; x_wconf 90' lang='lat' dir='ltr'>primo</span> <span class='ocrx_word' id='word_1_126' title='bbox 214 2293 369 2356; x_wconf 90' lang='lat' dir='ltr'>iloralium</span> <span class='ocrx_word' id='word_1_127' title='bbox 387 2309 456 2373; x_wconf 88' lang='lat' dir='ltr'>cap.</span> <span class='ocrx_word' id='word_1_128' title='bbox 473 2293 523 2358; x_wconf 89' lang='lat' dir='ltr'>lo.</span> <span class='ocrx_word' id='word_1_129' title='bbox 542 2293 687 2366; x_wconf 85' lang='lat' dir='ltr'>Scimus,</span> <span class='ocrx_word' id='word_1_130' title='bbox 711 2294 799 2372; x_wconf 82' lang='lat' dir='ltr'>good</span> <span class='ocrx_word' id='word_1_131' title='bbox 812 2293 943 2371; x_wconf 82' lang='lat' dir='ltr'>antiqui</span> <span class='ocrx_word' id='word_1_132' title='bbox 987 2297 1164 2376; x_wconf 89' lang='lat' dir='ltr'>responderi</span> <span class='ocrx_word' id='word_1_133' title='bbox 1182 2305 1264 2359; x_wconf 89' lang='lat' dir='ltr'>recte</span> <span class='ocrx_word' id='word_1_134' title='bbox 1280 2300 1400 2371; x_wconf 85' lang='lat' dir='ltr'>potest,</span> <span class='ocrx_word' id='word_1_135' title='bbox 1426 2311 1486 2355; x_wconf 94' lang='lat' dir='ltr'>nun</span> <span class='ocrx_word' id='word_1_136' title='bbox 1502 2295 1571 2354; x_wconf 90' lang='lat' dir='ltr'>idco</span> <span class='ocrx_word' id='word_1_137' title='bbox 1587 2294 1752 2368; x_wconf 86' lang='lat' dir='ltr'>iosephum</span> <span class='ocrx_word' id='word_1_138' title='bbox 1777 2311 1829 2356; x_wconf 84' lang='lat' dir='ltr'>ex-</span> 
     </span>
     <span class='ocr_line' id='line_1_13' title="bbox 96 2374 1827 2454; baseline 0.002 -20"><span class='ocrx_word' id='word_1_139' title='bbox 96 2374 209 2437; x_wconf 85' lang='lat' dir='ltr'>Patres</span> <span class='ocrx_word' id='word_1_140' title='bbox 223 2379 342 2451; x_wconf 84' lang='lat' dir='ltr'>nostri,</span> <span class='ocrx_word' id='word_1_141' title='bbox 359 2381 509 2439; x_wconf 87' lang='lat' dir='ltr'>nonium</span> <span class='ocrx_word' id='word_1_142' title='bbox 521 2375 621 2454; x_wconf 83' lang='lat' dir='ltr'>cheo</span> <span class='ocrx_word' id='word_1_143' title='bbox 639 2376 819 2441; x_wconf 83' lang='lat' dir='ltr'>hominurn.</span> <span class='ocrx_word' id='word_1_144' title='bbox 842 2389 942 2453; x_wconf 84' lang='lat' dir='ltr'>guum</span> <span class='ocrx_word' id='word_1_145' title='bbox 987 2386 1102 2454; x_wconf 89' lang='lat' dir='ltr'>partam</span> <span class='ocrx_word' id='word_1_146' title='bbox 1125 2383 1227 2442; x_wconf 92' lang='lat' dir='ltr'>omnis</span> <span class='ocrx_word' id='word_1_147' title='bbox 1251 2378 1387 2441; x_wconf 88' lang='lat' dir='ltr'>oriminis</span> <span class='ocrx_word' id='word_1_148' title='bbox 1412 2377 1546 2442; x_wconf 83' lang='lat' dir='ltr'>uixisse.</span> <span class='ocrx_word' id='word_1_149' title='bbox 1575 2377 1644 2449; x_wconf 87' lang='lat' dir='ltr'>cuia</span> <span class='ocrx_word' id='word_1_150' title='bbox 1671 2377 1827 2452; x_wconf 85' lang='lat' dir='ltr'>Scriptura</span> 
     </span>
     <span class='ocr_line' id='line_1_14' title="bbox 93 2457 1881 2542; baseline 0.002 -26"><span class='ocrx_word' id='word_1_151' title='bbox 93 2465 239 2534; x_wconf 86' lang='lat' dir='ltr'>pnstorea</span> <span class='ocrx_word' id='word_1_152' title='bbox 259 2473 412 2537; x_wconf 86' lang='lat' dir='ltr'>pecorum</span> <span class='ocrx_word' id='word_1_153' title='bbox 434 2458 533 2537; x_wconf 76' lang='lat' dir='ltr'>icisse</span> <span class='ocrx_word' id='word_1_154' title='bbox 561 2466 798 2542; x_wconf 80' lang='lat' dir='ltr'>memorantur.</span> <span class='ocrx_word' id='word_1_155' title='bbox 827 2457 940 2534; x_wconf 86' lang='lat' dir='ltr'>ioseph</span> <span class='ocrx_word' id='word_1_156' title='bbox 986 2471 1090 2522; x_wconf 85' lang='lat' dir='ltr'>sancta</span> <span class='ocrx_word' id='word_1_157' title='bbox 1106 2463 1224 2524; x_wconf 88' lang='lat' dir='ltr'>nullum</span> <span class='ocrx_word' id='word_1_158' title='bbox 1240 2465 1308 2522; x_wconf 92' lang='lat' dir='ltr'>eius</span> <span class='ocrx_word' id='word_1_159' title='bbox 1324 2462 1438 2522; x_wconf 79' lang='lat' dir='ltr'>crimen</span> <span class='ocrx_word' id='word_1_160' title='bbox 1455 2459 1580 2520; x_wconf 87' lang='lat' dir='ltr'>delexit:</span> <span class='ocrx_word' id='word_1_161' title='bbox 1597 2458 1728 2533; x_wconf 84' lang='lat' dir='ltr'>spirirca</span> <span class='ocrx_word' id='word_1_162' title='bbox 1746 2460 1826 2520; x_wconf 90' lang='lat' dir='ltr'>enim</span> <span class='ocrx_word' id='word_1_163' title='bbox 1880 2491 1881 2496; x_wconf 18' lang='grc' dir='ltr'><strong>κ</strong></span> 
     </span>
     <span class='ocr_line' id='line_1_15' title="bbox 95 2541 1827 2621; baseline 0.001 -21"><span class='ocrx_word' id='word_1_164' title='bbox 95 2549 199 2600; x_wconf 88' lang='lat' dir='ltr'>autern</span> <span class='ocrx_word' id='word_1_165' title='bbox 217 2541 353 2620; x_wconf 87' lang='lat' dir='ltr'>ilegnurn</span> <span class='ocrx_word' id='word_1_166' title='bbox 369 2541 510 2621; x_wconf 75' lang='lat' dir='ltr'>Aegypti,</span> <span class='ocrx_word' id='word_1_167' title='bbox 529 2541 596 2620; x_wconf 91' lang='lat' dir='ltr'>ipso</span> <span class='ocrx_word' id='word_1_168' title='bbox 612 2541 766 2603; x_wconf 75' lang='lat' dir='ltr'>Pharaone</span> <span class='ocrx_word' id='word_1_169' title='bbox 785 2541 866 2620; x_wconf 87' lang='lat' dir='ltr'>ilege</span> <span class='ocrx_word' id='word_1_170' title='bbox 889 2556 942 2618; x_wconf 93' lang='lat' dir='ltr'>po·</span> <span class='ocrx_word' id='word_1_171' title='bbox 985 2549 1110 2606; x_wconf 90' lang='lat' dir='ltr'>sanctus</span> <span class='ocrx_word' id='word_1_172' title='bbox 1125 2547 1154 2605; x_wconf 94' lang='lat' dir='ltr'>in</span> <span class='ocrx_word' id='word_1_173' title='bbox 1177 2543 1336 2620; x_wconf 89' lang='lat' dir='ltr'>scripturis</span> <span class='ocrx_word' id='word_1_174' title='bbox 1352 2543 1417 2605; x_wconf 90' lang='lat' dir='ltr'>suis</span> <span class='ocrx_word' id='word_1_175' title='bbox 1432 2559 1533 2621; x_wconf 90' lang='lat' dir='ltr'>neque</span> <span class='ocrx_word' id='word_1_176' title='bbox 1555 2542 1695 2601; x_wconf 87' lang='lat' dir='ltr'>aduletur</span> <span class='ocrx_word' id='word_1_177' title='bbox 1715 2541 1827 2618; x_wconf 91' lang='lat' dir='ltr'>impro-</span> 
     </span>
     <span class='ocr_line' id='line_1_16' title="bbox 97 2622 1826 2706; baseline 0.002 -27"><span class='ocrx_word' id='word_1_178' title='bbox 97 2629 237 2684; x_wconf 88' lang='lat' dir='ltr'>lestalcm</span> <span class='ocrx_word' id='word_1_179' title='bbox 261 2641 346 2684; x_wconf 91' lang='lat' dir='ltr'>suam</span> <span class='ocrx_word' id='word_1_180' title='bbox 375 2626 417 2685; x_wconf 91' lang='lat' dir='ltr'>illi</span> <span class='ocrx_word' id='word_1_181' title='bbox 446 2626 606 2691; x_wconf 79' lang='lat' dir='ltr'>tradente.</span> <span class='ocrx_word' id='word_1_182' title='bbox 634 2623 868 2684; x_wconf 85' lang='lat' dir='ltr'>administravit.</span> <span class='ocrx_word' id='word_1_183' title='bbox 891 2623 941 2684; x_wconf 87' lang='lat' dir='ltr'>Sic</span> <span class='ocrx_word' id='word_1_184' title='bbox 985 2626 1054 2701; x_wconf 83' lang='lat' dir='ltr'>his,</span> <span class='ocrx_word' id='word_1_185' title='bbox 1073 2641 1170 2706; x_wconf 88' lang='lat' dir='ltr'>noque</span> <span class='ocrx_word' id='word_1_186' title='bbox 1186 2631 1273 2689; x_wconf 89' lang='lat' dir='ltr'>iustis</span> <span class='ocrx_word' id='word_1_187' title='bbox 1289 2626 1488 2702; x_wconf 83' lang='lat' dir='ltr'>peccantibus</span> <span class='ocrx_word' id='word_1_188' title='bbox 1515 2627 1632 2701; x_wconf 90' lang='lat' dir='ltr'>parcit:</span> <span class='ocrx_word' id='word_1_189' title='bbox 1662 2622 1826 2697; x_wconf 84' lang='lat' dir='ltr'>eluhinua</span> 
     </span>
     <span class='ocr_line' id='line_1_17' title="bbox 97 2704 1827 2786; baseline 0.002 -22"><span class='ocrx_word' id='word_1_190' title='bbox 97 2704 327 2784; x_wconf 88' lang='lat' dir='ltr'>cnimlegimus</span> <span class='ocrx_word' id='word_1_191' title='bbox 341 2709 371 2766; x_wconf 91' lang='lat' dir='ltr'>in</span> <span class='ocrx_word' id='word_1_192' title='bbox 385 2707 463 2768; x_wconf 90' lang='lat' dir='ltr'>libro</span> <span class='ocrx_word' id='word_1_193' title='bbox 476 2707 606 2770; x_wconf 82' lang='lat' dir='ltr'>Genesis</span> <span class='ocrx_word' id='word_1_194' title='bbox 619 2706 805 2768; x_wconf 81' lang='lat' dir='ltr'>Pharaonem</span> <span class='ocrx_word' id='word_1_195' title='bbox 818 2705 941 2766; x_wconf 86' lang='lat' dir='ltr'>dicente</span> <span class='ocrx_word' id='word_1_196' title='bbox 985 2710 1151 2786; x_wconf 86' lang='lat' dir='ltr'>tamhooa,</span> <span class='ocrx_word' id='word_1_197' title='bbox 1171 2727 1257 2783; x_wconf 83' lang='lat' dir='ltr'>uuam</span> <span class='ocrx_word' id='word_1_198' title='bbox 1275 2710 1352 2770; x_wconf 89' lang='lat' dir='ltr'>mala</span> <span class='ocrx_word' id='word_1_199' title='bbox 1372 2723 1464 2783; x_wconf 90' lang='lat' dir='ltr'>opera</span> <span class='ocrx_word' id='word_1_200' title='bbox 1488 2708 1624 2784; x_wconf 81' lang='lat' dir='ltr'>detegit.</span> <span class='ocrx_word' id='word_1_201' title='bbox 1649 2712 1681 2766; x_wconf 93' lang='lat' dir='ltr'>ut</span> <span class='ocrx_word' id='word_1_202' title='bbox 1701 2712 1827 2768; x_wconf 89' lang='lat' dir='ltr'>sanctus</span> 
     </span>
     <span class='ocr_line' id='line_1_18' title="bbox 95 2787 1826 2868; baseline 0.001 -21"><span class='ocrx_word' id='word_1_203' title='bbox 95 2789 133 2847; x_wconf 88' lang='lat' dir='ltr'>nd</span> <span class='ocrx_word' id='word_1_204' title='bbox 150 2787 329 2864; x_wconf 78' lang='lat' dir='ltr'>insonnem,</span> <span class='ocrx_word' id='word_1_205' title='bbox 347 2791 426 2853; x_wconf 79' lang='lat' dir='ltr'>iicce</span> <span class='ocrx_word' id='word_1_206' title='bbox 440 2792 592 2852; x_wconf 82' lang='lat' dir='ltr'>constitui</span> <span class='ocrx_word' id='word_1_207' title='bbox 605 2794 634 2851; x_wconf 86' lang='lat' dir='ltr'>tc</span> <span class='ocrx_word' id='word_1_208' title='bbox 645 2805 742 2868; x_wconf 85' lang='lat' dir='ltr'>super</span> <span class='ocrx_word' id='word_1_209' title='bbox 753 2789 940 2851; x_wconf 84' lang='lat' dir='ltr'>uniuersum</span> <span class='ocrx_word' id='word_1_210' title='bbox 986 2790 1152 2868; x_wconf 80' lang='lat' dir='ltr'>Gregorius</span> <span class='ocrx_word' id='word_1_211' title='bbox 1164 2793 1195 2854; x_wconf 89' lang='lat' dir='ltr'>in</span> <span class='ocrx_word' id='word_1_212' title='bbox 1209 2791 1361 2868; x_wconf 89' lang='lat' dir='ltr'>principio</span> <span class='ocrx_word' id='word_1_213' title='bbox 1378 2791 1448 2851; x_wconf 92' lang='lat' dir='ltr'>iihri</span> <span class='ocrx_word' id='word_1_214' title='bbox 1461 2790 1589 2851; x_wconf 89' lang='lat' dir='ltr'>secundi</span> <span class='ocrx_word' id='word_1_215' title='bbox 1604 2788 1758 2848; x_wconf 88' lang='lat' dir='ltr'>lioralium</span> <span class='ocrx_word' id='word_1_216' title='bbox 1775 2791 1826 2850; x_wconf 91' lang='lat' dir='ltr'>do·</span> 
     </span>
     <span class='ocr_line' id='line_1_19' title="bbox 95 2870 1825 2952; baseline 0.002 -26"><span class='ocrx_word' id='word_1_217' title='bbox 95 2877 219 2930; x_wconf 82' lang='lat' dir='ltr'>terrum</span> <span class='ocrx_word' id='word_1_218' title='bbox 233 2870 385 2952; x_wconf 76' lang='lat' dir='ltr'>Aegypti:</span> <span class='ocrx_word' id='word_1_219' title='bbox 402 2873 517 2952; x_wconf 81' lang='lat' dir='ltr'>tuliig3</span> <span class='ocrx_word' id='word_1_220' title='bbox 533 2873 695 2934; x_wconf 83' lang='lat' dir='ltr'>annulum</span> <span class='ocrx_word' id='word_1_221' title='bbox 710 2873 749 2935; x_wconf 87' lang='lat' dir='ltr'>de</span> <span class='ocrx_word' id='word_1_222' title='bbox 763 2886 865 2933; x_wconf 83' lang='lat' dir='ltr'>muna</span> <span class='ocrx_word' id='word_1_223' title='bbox 878 2887 941 2932; x_wconf 85' lang='lat' dir='ltr'>aun</span> <span class='ocrx_word' id='word_1_224' title='bbox 985 2873 1126 2936; x_wconf 76' lang='lat' dir='ltr'>ceillinc</span> <span class='ocrx_word' id='word_1_225' title='bbox 1138 2891 1198 2935; x_wconf 92' lang='lat' dir='ltr'>non</span> <span class='ocrx_word' id='word_1_226' title='bbox 1211 2876 1309 2936; x_wconf 88' lang='lat' dir='ltr'>solum</span> <span class='ocrx_word' id='word_1_227' title='bbox 1320 2872 1440 2935; x_wconf 79' lang='lat' dir='ltr'>[invidis</span> <span class='ocrx_word' id='word_1_228' title='bbox 1454 2873 1620 2946; x_wconf 84' lang='lat' dir='ltr'>Prophetae</span> <span class='ocrx_word' id='word_1_229' title='bbox 1632 2872 1727 2952; x_wconf 84' lang='lat' dir='ltr'>sancii</span> <span class='ocrx_word' id='word_1_230' title='bbox 1741 2875 1825 2931; x_wconf 75' lang='grc'><strong>11111-</strong></span> 
     </span>
     <span class='ocr_line' id='line_1_20' title="bbox 96 2952 1825 3035; baseline -0.001 -22"><span class='ocrx_word' id='word_1_231' title='bbox 96 2961 125 3013; x_wconf 85' lang='grc'>11</span> <span class='ocrx_word' id='word_1_232' title='bbox 140 2954 277 3016; x_wconf 81' lang='lat' dir='ltr'>deditio</span> <span class='ocrx_word' id='word_1_233' title='bbox 292 2969 396 3016; x_wconf 85' lang='lat' dir='ltr'>rncnu</span> <span class='ocrx_word' id='word_1_234' title='bbox 410 2959 495 3017; x_wconf 83' lang='lat' dir='ltr'>aius:</span> <span class='ocrx_word' id='word_1_235' title='bbox 511 2957 669 3032; x_wconf 57' lang='lat' dir='ltr'>aestiuum</span> <span class='ocrx_word' id='word_1_236' title='bbox 683 2971 758 3024; x_wconf 12' lang='lat' dir='ltr'>*eum</span> <span class='ocrx_word' id='word_1_237' title='bbox 773 2955 856 3016; x_wconf 84' lang='lat' dir='ltr'>siolo</span> <span class='ocrx_word' id='word_1_238' title='bbox 871 2953 940 3035; x_wconf 73' lang='lat' dir='ltr'>bys·</span> <span class='ocrx_word' id='word_1_239' title='bbox 984 2957 1107 3033; x_wconf 90' lang='lat' dir='ltr'>terium,</span> <span class='ocrx_word' id='word_1_240' title='bbox 1122 2964 1152 3018; x_wconf 90' lang='lat' dir='ltr'>el</span> <span class='ocrx_word' id='word_1_241' title='bbox 1167 2957 1363 3018; x_wconf 86' lang='lat' dir='ltr'>homicidium</span> <span class='ocrx_word' id='word_1_242' title='bbox 1380 2963 1484 3033; x_wconf 88' lang='lat' dir='ltr'>aperte</span> <span class='ocrx_word' id='word_1_243' title='bbox 1500 2952 1657 3015; x_wconf 84' lang='lat' dir='ltr'>describit:</span> <span class='ocrx_word' id='word_1_244' title='bbox 1668 2957 1720 3013; x_wconf 85' lang='lat' dir='ltr'>sed</span> <span class='ocrx_word' id='word_1_245' title='bbox 1736 2955 1825 3012; x_wconf 76' lang='lat' dir='ltr'>aliam</span> 
     </span>
     <span class='ocr_line' id='line_1_21' title="bbox 99 3035 1824 3116; baseline 0 -21"><span class='ocrx_word' id='word_1_246' title='bbox 99 3037 186 3109; x_wconf 85' lang='lat' dir='ltr'>sinu,</span> <span class='ocrx_word' id='word_1_247' title='bbox 202 3043 231 3097; x_wconf 91' lang='lat' dir='ltr'>et</span> <span class='ocrx_word' id='word_1_248' title='bbox 247 3037 326 3098; x_wconf 89' lang='lat' dir='ltr'>collo</span> <span class='ocrx_word' id='word_1_249' title='bbox 339 3043 483 3116; x_wconf 86' lang='lat' dir='ltr'>torquem</span> <span class='ocrx_word' id='word_1_250' title='bbox 495 3053 632 3100; x_wconf 86' lang='lat' dir='ltr'>curcum</span> <span class='ocrx_word' id='word_1_251' title='bbox 645 3040 885 3115; x_wconf 79' lang='lat' dir='ltr'>circumposuit:</span> <span class='ocrx_word' id='word_1_252' title='bbox 897 3038 941 3112; x_wconf 72' lang='lat' dir='ltr'>se·</span> <span class='ocrx_word' id='word_1_253' title='bbox 985 3038 1083 3100; x_wconf 86' lang='lat' dir='ltr'>Saulis</span> <span class='ocrx_word' id='word_1_254' title='bbox 1098 3039 1220 3115; x_wconf 89' lang='lat' dir='ltr'>reprobi</span> <span class='ocrx_word' id='word_1_255' title='bbox 1247 3040 1393 3106; x_wconf 82' lang='lat' dir='ltr'>virtutes.</span> <span class='ocrx_word' id='word_1_256' title='bbox 1417 3037 1530 3114; x_wconf 84' lang='lat' dir='ltr'>quihus</span> <span class='ocrx_word' id='word_1_257' title='bbox 1551 3037 1636 3096; x_wconf 89' lang='lat' dir='ltr'>initio</span> <span class='ocrx_word' id='word_1_258' title='bbox 1659 3035 1754 3113; x_wconf 86' lang='lat' dir='ltr'>Regni</span> <span class='ocrx_word' id='word_1_259' title='bbox 1778 3041 1824 3096; x_wconf 80' lang='lat' dir='ltr'>sui</span> 
     </span>
     <span class='ocr_line' id='line_1_22' title="bbox 97 3117 1823 3197; baseline 0.001 -21"><span class='ocrx_word' id='word_1_260' title='bbox 97 3121 173 3192; x_wconf 83' lang='lat' dir='ltr'>citq3</span> <span class='ocrx_word' id='word_1_261' title='bbox 187 3121 382 3181; x_wconf 83' lang='lat' dir='ltr'>contaedere</span> <span class='ocrx_word' id='word_1_262' title='bbox 392 3135 490 3197; x_wconf 86' lang='lat' dir='ltr'>super</span> <span class='ocrx_word' id='word_1_263' title='bbox 500 3134 631 3182; x_wconf 72' lang='lat' dir='ltr'>numum</span> <span class='ocrx_word' id='word_1_264' title='bbox 642 3135 738 3180; x_wconf 80' lang='lat' dir='ltr'>sunni</span> <span class='ocrx_word' id='word_1_265' title='bbox 749 3120 939 3191; x_wconf 83' lang='lat' dir='ltr'>secundum,</span> <span class='ocrx_word' id='word_1_266' title='bbox 983 3119 1095 3195; x_wconf 89' lang='lat' dir='ltr'>iioruit,</span> <span class='ocrx_word' id='word_1_267' title='bbox 1114 3137 1173 3183; x_wconf 91' lang='lat' dir='ltr'>nnn</span> <span class='ocrx_word' id='word_1_268' title='bbox 1190 3125 1290 3183; x_wconf 91' lang='lat' dir='ltr'>minus</span> <span class='ocrx_word' id='word_1_269' title='bbox 1306 3119 1439 3181; x_wconf 91' lang='lat' dir='ltr'>dilucide</span> <span class='ocrx_word' id='word_1_270' title='bbox 1455 3119 1614 3180; x_wconf 86' lang='lat' dir='ltr'>enarraril.</span> <span class='ocrx_word' id='word_1_271' title='bbox 1627 3117 1663 3179; x_wconf 84' lang='lat' dir='ltr'>El</span> <span class='ocrx_word' id='word_1_272' title='bbox 1679 3121 1823 3192; x_wconf 81' lang='lat' dir='ltr'>quemad-</span> 
     </span>
     <span class='ocr_line' id='line_1_23' title="bbox 97 3199 1823 3282; baseline 0.001 -22"><span class='ocrx_word' id='word_1_273' title='bbox 97 3201 258 3264; x_wconf 87' lang='lat' dir='ltr'>ciomnnta</span> <span class='ocrx_word' id='word_1_274' title='bbox 273 3207 613 3273; x_wconf 79' lang='lat' dir='ltr'>praeconantoninea</span> <span class='ocrx_word' id='word_1_275' title='bbox 628 3215 736 3263; x_wconf 78' lang='lat' dir='ltr'>corono</span> <span class='ocrx_word' id='word_1_276' title='bbox 751 3200 941 3280; x_wconf 71' lang='grc'><strong>1191111111-</strong></span> <span class='ocrx_word' id='word_1_277' title='bbox 984 3204 1108 3264; x_wconf 89' lang='lat' dir='ltr'>modum</span> <span class='ocrx_word' id='word_1_278' title='bbox 1124 3207 1219 3282; x_wconf 88' lang='lat' dir='ltr'>sancti</span> <span class='ocrx_word' id='word_1_279' title='bbox 1235 3201 1314 3267; x_wconf 85' lang='lat' dir='ltr'>Petri</span> <span class='ocrx_word' id='word_1_280' title='bbox 1337 3201 1439 3269; x_wconf 86' lang='lat' dir='ltr'>iidem.</span> <span class='ocrx_word' id='word_1_281' title='bbox 1458 3206 1489 3263; x_wconf 86' lang='lat' dir='ltr'>et</span> <span class='ocrx_word' id='word_1_282' title='bbox 1502 3200 1676 3262; x_wconf 89' lang='lat' dir='ltr'>charitatem</span> <span class='ocrx_word' id='word_1_283' title='bbox 1692 3199 1724 3262; x_wconf 92' lang='lat' dir='ltr'>in</span> <span class='ocrx_word' id='word_1_284' title='bbox 1735 3202 1823 3268; x_wconf 50' lang='lat' dir='ltr'>¹Chri·</span> 
     </span>
     <span class='ocr_line' id='line_1_24' title="bbox 96 3281 1822 3368; baseline 0.001 -26"><span class='ocrx_word' id='word_1_285' title='bbox 96 3284 486 3368; x_wconf 84' lang='lat' dir='ltr'>clerenl.etPrnepoaitum</span> <span class='ocrx_word' id='word_1_286' title='bbox 497 3300 562 3346; x_wconf 85' lang='lat' dir='ltr'>cese</span> <span class='ocrx_word' id='word_1_287' title='bbox 573 3281 690 3346; x_wconf 71' lang='lat' dir='ltr'>serani</span> <span class='ocrx_word' id='word_1_288' title='bbox 702 3286 940 3346; x_wconf 83' lang='lat' dir='ltr'>uniueraoeler·</span> <span class='ocrx_word' id='word_1_289' title='bbox 984 3292 1064 3346; x_wconf 88' lang='lat' dir='ltr'>stum</span> <span class='ocrx_word' id='word_1_290' title='bbox 1081 3285 1220 3351; x_wconf 83' lang='lat' dir='ltr'>eximiam</span> <span class='ocrx_word' id='word_1_291' title='bbox 1237 3285 1443 3363; x_wconf 87' lang='lat' dir='ltr'>praedicavit:</span> <span class='ocrx_word' id='word_1_292' title='bbox 1460 3283 1506 3346; x_wconf 91' lang='lat' dir='ltr'>sie</span> <span class='ocrx_word' id='word_1_293' title='bbox 1521 3285 1609 3345; x_wconf 91' lang='lat' dir='ltr'>etiam</span> <span class='ocrx_word' id='word_1_294' title='bbox 1628 3285 1822 3358; x_wconf 86' lang='lat' dir='ltr'>negationem</span> 
     </span>
     <span class='ocr_line' id='line_1_25' title="bbox 97 3363 1821 3444; baseline 0.001 -20"><span class='ocrx_word' id='word_1_295' title='bbox 97 3380 157 3425; x_wconf 88' lang='lat' dir='ltr'>rue</span> <span class='ocrx_word' id='word_1_296' title='bbox 170 3363 316 3444; x_wconf 81' lang='lat' dir='ltr'>Aegypti.</span> <span class='ocrx_word' id='word_1_297' title='bbox 335 3367 371 3428; x_wconf 83' lang='lat' dir='ltr'>lit</span> <span class='ocrx_word' id='word_1_298' title='bbox 386 3369 528 3442; x_wconf 85' lang='lat' dir='ltr'>nunciam</span> <span class='ocrx_word' id='word_1_299' title='bbox 546 3367 660 3428; x_wconf 79' lang='lat' dir='ltr'>Pharao</span> <span class='ocrx_word' id='word_1_300' title='bbox 675 3365 737 3428; x_wconf 84' lang='lat' dir='ltr'>lien</span> <span class='ocrx_word' id='word_1_301' title='bbox 759 3372 938 3442; x_wconf 85' lang='lat' dir='ltr'>potestatem</span> <span class='ocrx_word' id='word_1_302' title='bbox 985 3366 1092 3428; x_wconf 89' lang='lat' dir='ltr'>lrinam</span> <span class='ocrx_word' id='word_1_303' title='bbox 1115 3384 1183 3430; x_wconf 89' lang='lat' dir='ltr'>num</span> <span class='ocrx_word' id='word_1_304' title='bbox 1196 3371 1366 3430; x_wconf 89' lang='lat' dir='ltr'>iuramento</span> <span class='ocrx_word' id='word_1_305' title='bbox 1383 3367 1508 3429; x_wconf 91' lang='lat' dir='ltr'>minime</span> <span class='ocrx_word' id='word_1_306' title='bbox 1524 3365 1625 3428; x_wconf 88' lang='lat' dir='ltr'>lacuit.</span> <span class='ocrx_word' id='word_1_307' title='bbox 1642 3364 1737 3444; x_wconf 86' lang='lat' dir='ltr'>igilur</span> <span class='ocrx_word' id='word_1_308' title='bbox 1752 3384 1821 3426; x_wconf 93' lang='lat' dir='ltr'>cum</span> 
     </span>
     <span class='ocr_line' id='line_1_26' title="bbox 98 3448 1822 3528; baseline -0.001 -20"><span class='ocrx_word' id='word_1_309' title='bbox 98 3461 185 3508; x_wconf 89' lang='lat' dir='ltr'>suam</span> <span class='ocrx_word' id='word_1_310' title='bbox 202 3464 324 3510; x_wconf 91' lang='lat' dir='ltr'>omnem</span> <span class='ocrx_word' id='word_1_311' title='bbox 341 3468 409 3508; x_wconf 88' lang='lat' dir='ltr'>curn</span> <span class='ocrx_word' id='word_1_312' title='bbox 426 3449 560 3527; x_wconf 91' lang='lat' dir='ltr'>iosepho</span> <span class='ocrx_word' id='word_1_313' title='bbox 573 3451 861 3520; x_wconf 61' lang='lat' dir='ltr'>communicaveram</span> <span class='ocrx_word' id='word_1_314' title='bbox 878 3465 939 3510; x_wconf 91' lang='lat' dir='ltr'>non</span> <span class='ocrx_word' id='word_1_315' title='bbox 985 3449 1130 3527; x_wconf 83' lang='lat' dir='ltr'>ueridica,</span> <span class='ocrx_word' id='word_1_316' title='bbox 1144 3459 1173 3513; x_wconf 88' lang='lat' dir='ltr'>el</span> <span class='ocrx_word' id='word_1_317' title='bbox 1189 3452 1342 3514; x_wconf 86' lang='lat' dir='ltr'>liberrima</span> <span class='ocrx_word' id='word_1_318' title='bbox 1357 3448 1489 3528; x_wconf 84' lang='lat' dir='ltr'>Spirilus</span> <span class='ocrx_word' id='word_1_319' title='bbox 1504 3448 1602 3510; x_wconf 87' lang='lat' dir='ltr'>saneti</span> <span class='ocrx_word' id='word_1_320' title='bbox 1618 3463 1685 3517; x_wconf 83' lang='lat' dir='ltr'>uox,</span> <span class='ocrx_word' id='word_1_321' title='bbox 1701 3455 1822 3522; x_wconf 88' lang='lat' dir='ltr'>peccata</span> 
     </span>
     <span class='ocr_line' id='line_1_27' title="bbox 98 3531 1822 3610; baseline 0.001 -22"><span class='ocrx_word' id='word_1_322' title='bbox 98 3534 136 3588; x_wconf 88' lang='lat' dir='ltr'>ud</span> <span class='ocrx_word' id='word_1_323' title='bbox 154 3537 286 3606; x_wconf 88' lang='lat' dir='ltr'>tempus.</span> <span class='ocrx_word' id='word_1_324' title='bbox 305 3535 338 3593; x_wconf 88' lang='lat' dir='ltr'>ci</span> <span class='ocrx_word' id='word_1_325' title='bbox 351 3549 419 3593; x_wconf 90' lang='lat' dir='ltr'>curn</span> <span class='ocrx_word' id='word_1_326' title='bbox 437 3531 599 3594; x_wconf 86' lang='lat' dir='ltr'>Praelectis</span> <span class='ocrx_word' id='word_1_327' title='bbox 614 3531 679 3594; x_wconf 90' lang='lat' dir='ltr'>lieri</span> <span class='ocrx_word' id='word_1_328' title='bbox 695 3531 791 3607; x_wconf 82' lang='lat' dir='ltr'>solet,</span> <span class='ocrx_word' id='word_1_329' title='bbox 809 3531 863 3592; x_wconf 92' lang='lat' dir='ltr'>sed</span> <span class='ocrx_word' id='word_1_330' title='bbox 886 3547 940 3610; x_wconf 89' lang='lat' dir='ltr'>per</span> <span class='ocrx_word' id='word_1_331' title='bbox 984 3532 1115 3596; x_wconf 89' lang='lat' dir='ltr'>liliorum</span> <span class='ocrx_word' id='word_1_332' title='bbox 1129 3533 1221 3596; x_wconf 87' lang='lat' dir='ltr'>inach</span> <span class='ocrx_word' id='word_1_333' title='bbox 1236 3532 1266 3594; x_wconf 90' lang='lat' dir='ltr'>in</span> <span class='ocrx_word' id='word_1_334' title='bbox 1284 3533 1419 3593; x_wconf 90' lang='lat' dir='ltr'>medium</span> <span class='ocrx_word' id='word_1_335' title='bbox 1431 3531 1605 3609; x_wconf 87' lang='lat' dir='ltr'>protulerit,</span> <span class='ocrx_word' id='word_1_336' title='bbox 1625 3537 1656 3590; x_wconf 92' lang='lat' dir='ltr'>ul</span> <span class='ocrx_word' id='word_1_337' title='bbox 1672 3533 1822 3591; x_wconf 89' lang='lat' dir='ltr'>incestum</span> 
     </span>
     <span class='ocr_line' id='line_1_28' title="bbox 97 3613 1825 3690; baseline 0 -17"><span class='ocrx_word' id='word_1_338' title='bbox 97 3627 218 3673; x_wconf 87' lang='lat' dir='ltr'>omnem</span> <span class='ocrx_word' id='word_1_339' title='bbox 232 3616 334 3678; x_wconf 81' lang='lat' dir='ltr'>uitam:</span> <span class='ocrx_word' id='word_1_340' title='bbox 350 3617 417 3676; x_wconf 88' lang='lat' dir='ltr'>iden</span> <span class='ocrx_word' id='word_1_341' title='bbox 430 3615 523 3676; x_wconf 85' lang='lat' dir='ltr'>Dauid</span> <span class='ocrx_word' id='word_1_342' title='bbox 537 3616 577 3677; x_wconf 90' lang='lat' dir='ltr'>de</span> <span class='ocrx_word' id='word_1_343' title='bbox 587 3631 624 3676; x_wconf 87' lang='grc' dir='ltr'>1ο</span> <span class='ocrx_word' id='word_1_344' title='bbox 637 3615 749 3675; x_wconf 89' lang='lat' dir='ltr'>cecinit</span> <span class='ocrx_word' id='word_1_345' title='bbox 761 3613 937 3690; x_wconf 90' lang='lat' dir='ltr'>inpsalmis,</span> <span class='ocrx_word' id='word_1_346' title='bbox 983 3615 1108 3686; x_wconf 80' lang='lat' dir='ltr'>lichen,</span> <span class='ocrx_word' id='word_1_347' title='bbox 1127 3618 1335 3686; x_wconf 88' lang='lat' dir='ltr'>crudelilalem</span> <span class='ocrx_word' id='word_1_348' title='bbox 1353 3616 1527 3690; x_wconf 83' lang='lat' dir='ltr'>Simeonis,</span> <span class='ocrx_word' id='word_1_349' title='bbox 1544 3621 1574 3674; x_wconf 92' lang='lat' dir='ltr'>el</span> <span class='ocrx_word' id='word_1_350' title='bbox 1587 3613 1679 3679; x_wconf 78' lang='lat' dir='ltr'>Levi.</span> <span class='ocrx_word' id='word_1_351' title='bbox 1696 3613 1825 3675; x_wconf 87' lang='lat' dir='ltr'>lornrca-</span> 
     </span>
     <span class='ocr_line' id='line_1_29' title="bbox 99 3692 1823 3775; baseline 0 -20"><span class='ocrx_word' id='word_1_352' title='bbox 99 3692 269 3756; x_wconf 64' lang='lat' dir='ltr'>Constituit</span> <span class='ocrx_word' id='word_1_353' title='bbox 283 3712 356 3756; x_wconf 76' lang='lat' dir='ltr'>curn</span> <span class='ocrx_word' id='word_1_354' title='bbox 371 3697 540 3759; x_wconf 82' lang='lat' dir='ltr'>dominum</span> <span class='ocrx_word' id='word_1_355' title='bbox 555 3699 669 3760; x_wconf 82' lang='lat' dir='ltr'>domus</span> <span class='ocrx_word' id='word_1_356' title='bbox 682 3713 780 3772; x_wconf 84' lang='lat' dir='ltr'>enoc,</span> <span class='ocrx_word' id='word_1_357' title='bbox 797 3700 826 3758; x_wconf 90' lang='lat' dir='ltr'>et</span> <span class='ocrx_word' id='word_1_358' title='bbox 846 3695 939 3760; x_wconf 76' lang='lat' dir='ltr'>Prin·</span> <span class='ocrx_word' id='word_1_359' title='bbox 984 3700 1098 3760; x_wconf 89' lang='lat' dir='ltr'>liccem</span> <span class='ocrx_word' id='word_1_360' title='bbox 1114 3698 1219 3775; x_wconf 90' lang='lat' dir='ltr'>iudae,</span> <span class='ocrx_word' id='word_1_361' title='bbox 1237 3707 1267 3760; x_wconf 92' lang='lat' dir='ltr'>et</span> <span class='ocrx_word' id='word_1_362' title='bbox 1288 3699 1390 3760; x_wconf 88' lang='lat' dir='ltr'>odium</span> <span class='ocrx_word' id='word_1_363' title='bbox 1407 3697 1537 3759; x_wconf 91' lang='lat' dir='ltr'>illiorum</span> <span class='ocrx_word' id='word_1_364' title='bbox 1554 3695 1697 3757; x_wconf 83' lang='lat' dir='ltr'>iacchin</span> <span class='ocrx_word' id='word_1_365' title='bbox 1723 3697 1823 3773; x_wconf 87' lang='lat' dir='ltr'>ipsum</span> 
     </span>
     <span class='ocr_line' id='line_1_30' title="bbox 96 3776 1821 3858; baseline 0.002 -21"><span class='ocrx_word' id='word_1_366' title='bbox 96 3778 202 3854; x_wconf 83' lang='lat' dir='ltr'>cipom</span> <span class='ocrx_word' id='word_1_367' title='bbox 216 3779 321 3840; x_wconf 83' lang='lat' dir='ltr'>ornnt&#39;a</span> <span class='ocrx_word' id='word_1_368' title='bbox 333 3781 542 3856; x_wconf 80' lang='lat' dir='ltr'>possessionis</span> <span class='ocrx_word' id='word_1_369' title='bbox 556 3796 635 3842; x_wconf 80' lang='lat' dir='ltr'>sance</span> <span class='ocrx_word' id='word_1_370' title='bbox 649 3797 657 3840; x_wconf 76' lang='grc' dir='ltr'>ε</span> <span class='ocrx_word' id='word_1_371' title='bbox 680 3786 709 3841; x_wconf 90' lang='grc'>11</span> <span class='ocrx_word' id='word_1_372' title='bbox 723 3779 810 3841; x_wconf 88' lang='lat' dir='ltr'>Philo</span> <span class='ocrx_word' id='word_1_373' title='bbox 825 3780 938 3841; x_wconf 88' lang='lat' dir='ltr'>liobra-</span> <span class='ocrx_word' id='word_1_374' title='bbox 982 3780 1177 3858; x_wconf 86' lang='lat' dir='ltr'>innocentem</span> <span class='ocrx_word' id='word_1_375' title='bbox 1192 3783 1312 3844; x_wconf 88' lang='lat' dir='ltr'>lralrem</span> <span class='ocrx_word' id='word_1_376' title='bbox 1325 3796 1429 3842; x_wconf 90' lang='lat' dir='ltr'>eorum</span> <span class='ocrx_word' id='word_1_377' title='bbox 1442 3778 1655 3856; x_wconf 87' lang='lat' dir='ltr'>loseph:ccnc</span> <span class='ocrx_word' id='word_1_378' title='bbox 1671 3783 1695 3838; x_wconf 90' lang='lat' dir='ltr'>si</span> <span class='ocrx_word' id='word_1_379' title='bbox 1709 3776 1821 3856; x_wconf 86' lang='lat' dir='ltr'>loseplr</span> 
     </span>
     <span class='ocr_line' id='line_1_31' title="bbox 97 3861 1822 3941; baseline 0.001 -22"><span class='ocrx_word' id='word_1_380' title='bbox 97 3875 202 3919; x_wconf 90' lang='lat' dir='ltr'>eorum</span> <span class='ocrx_word' id='word_1_381' title='bbox 219 3862 428 3934; x_wconf 87' lang='lat' dir='ltr'>doctissimus,</span> <span class='ocrx_word' id='word_1_382' title='bbox 448 3864 476 3923; x_wconf 93' lang='lat' dir='ltr'>in</span> <span class='ocrx_word' id='word_1_383' title='bbox 493 3863 571 3924; x_wconf 90' lang='lat' dir='ltr'>lihro</span> <span class='ocrx_word' id='word_1_384' title='bbox 587 3864 626 3924; x_wconf 92' lang='lat' dir='ltr'>de</span> <span class='ocrx_word' id='word_1_385' title='bbox 642 3861 698 3924; x_wconf 85' lang='lat' dir='ltr'>aila</span> <span class='ocrx_word' id='word_1_386' title='bbox 715 3862 847 3940; x_wconf 81' lang='lat' dir='ltr'>ioseph,</span> <span class='ocrx_word' id='word_1_387' title='bbox 864 3862 939 3924; x_wconf 89' lang='lat' dir='ltr'>scri·</span> <span class='ocrx_word' id='word_1_388' title='bbox 983 3863 1051 3939; x_wconf 88' lang='lat' dir='ltr'>lpse</span> <span class='ocrx_word' id='word_1_389' title='bbox 1073 3862 1103 3924; x_wconf 92' lang='lat' dir='ltr'>ln</span> <span class='ocrx_word' id='word_1_390' title='bbox 1129 3864 1232 3939; x_wconf 78' lang='lat' dir='ltr'>aliquo</span> <span class='ocrx_word' id='word_1_391' title='bbox 1257 3864 1463 3941; x_wconf 82' lang='lat' dir='ltr'>deliquisset,</span> <span class='ocrx_word' id='word_1_392' title='bbox 1488 3861 1618 3939; x_wconf 83' lang='lat' dir='ltr'>Spiritus</span> <span class='ocrx_word' id='word_1_393' title='bbox 1644 3866 1767 3921; x_wconf 89' lang='lat' dir='ltr'>sanctus</span> <span class='ocrx_word' id='word_1_394' title='bbox 1792 3864 1822 3924; x_wconf 93' lang='lat' dir='ltr'>in</span> 
     </span>
     <span class='ocr_line' id='line_1_32' title="bbox 97 3940 1822 4024; baseline 0.001 -22"><span class='ocrx_word' id='word_1_395' title='bbox 97 3940 161 4014; x_wconf 92' lang='lat' dir='ltr'>hit,</span> <span class='ocrx_word' id='word_1_396' title='bbox 178 3941 345 4020; x_wconf 89' lang='lat' dir='ltr'>loseplrnm</span> <span class='ocrx_word' id='word_1_397' title='bbox 360 3961 375 4002; x_wconf 92' lang='lat' dir='ltr'>a</span> <span class='ocrx_word' id='word_1_398' title='bbox 389 3945 544 4006; x_wconf 89' lang='lat' dir='ltr'>Pharaone</span> <span class='ocrx_word' id='word_1_399' title='bbox 560 3952 694 4006; x_wconf 90' lang='lat' dir='ltr'>creatum</span> <span class='ocrx_word' id='word_1_400' title='bbox 717 3944 812 4006; x_wconf 88' lang='lat' dir='ltr'>luisse</span> <span class='ocrx_word' id='word_1_401' title='bbox 836 3945 939 4008; x_wconf 89' lang='lat' dir='ltr'>Prore·</span> <span class='ocrx_word' id='word_1_402' title='bbox 983 3944 1138 4020; x_wconf 85' lang='lat' dir='ltr'>Scriptura</span> <span class='ocrx_word' id='word_1_403' title='bbox 1155 3963 1209 4009; x_wconf 91' lang='lat' dir='ltr'>sua</span> <span class='ocrx_word' id='word_1_404' title='bbox 1232 3948 1262 4009; x_wconf 93' lang='lat' dir='ltr'>id</span> <span class='ocrx_word' id='word_1_405' title='bbox 1278 3945 1402 4007; x_wconf 88' lang='lat' dir='ltr'>minime</span> <span class='ocrx_word' id='word_1_406' title='bbox 1419 3949 1581 4024; x_wconf 77' lang='grc' dir='ltr'>1111111111.Ι</span> <span class='ocrx_word' id='word_1_407' title='bbox 1592 3943 1709 4004; x_wconf 86' lang='lat' dir='ltr'>lianeat</span> <span class='ocrx_word' id='word_1_408' title='bbox 1729 3945 1822 4021; x_wconf 89' lang='lat' dir='ltr'>igitur</span> 
     </span>
     <span class='ocr_line' id='line_1_33' title="bbox 98 4026 1823 4105; baseline 0 -21"><span class='ocrx_word' id='word_1_409' title='bbox 98 4040 167 4102; x_wconf 88' lang='lat' dir='ltr'>gem</span> <span class='ocrx_word' id='word_1_410' title='bbox 185 4029 276 4086; x_wconf 89' lang='lat' dir='ltr'>lolius</span> <span class='ocrx_word' id='word_1_411' title='bbox 292 4029 431 4104; x_wconf 59' lang='lat' dir='ltr'>aegyptu</span> <span class='ocrx_word' id='word_1_412' title='bbox 448 4029 517 4104; x_wconf 82' lang='lat' dir='ltr'>quia</span> <span class='ocrx_word' id='word_1_413' title='bbox 532 4029 677 4090; x_wconf 83' lang='lat' dir='ltr'>ridelicel</span> <span class='ocrx_word' id='word_1_414' title='bbox 692 4034 871 4105; x_wconf 84' lang='lat' dir='ltr'>potestatem</span> <span class='ocrx_word' id='word_1_415' title='bbox 887 4028 938 4088; x_wconf 90' lang='lat' dir='ltr'>ab·</span> <span class='ocrx_word' id='word_1_416' title='bbox 983 4033 1079 4090; x_wconf 89' lang='lat' dir='ltr'>ratum</span> <span class='ocrx_word' id='word_1_417' title='bbox 1096 4035 1125 4090; x_wconf 91' lang='lat' dir='ltr'>et</span> <span class='ocrx_word' id='word_1_418' title='bbox 1137 4027 1269 4102; x_wconf 85' lang='lat' dir='ltr'>llrmum,</span> <span class='ocrx_word' id='word_1_419' title='bbox 1283 4029 1447 4105; x_wconf 87' lang='lat' dir='ltr'>losephuur</span> <span class='ocrx_word' id='word_1_420' title='bbox 1465 4028 1637 4088; x_wconf 88' lang='lat' dir='ltr'>innccenlia</span> <span class='ocrx_word' id='word_1_421' title='bbox 1650 4029 1726 4086; x_wconf 82' lang='lat' dir='ltr'>ritae</span> <span class='ocrx_word' id='word_1_422' title='bbox 1740 4026 1823 4088; x_wconf 91' lang='lat' dir='ltr'>miri·</span> 
     </span>
     <span class='ocr_line' id='line_1_34' title="bbox 95 4107 1215 4188; baseline 0.008 -23"><span class='ocrx_word' id='word_1_423' title='bbox 95 4108 225 4168; x_wconf 89' lang='lat' dir='ltr'>solutum</span> <span class='ocrx_word' id='word_1_424' title='bbox 242 4155 247 4172; x_wconf 82' lang='lat'>.</span> <span class='ocrx_word' id='word_1_425' title='bbox 266 4115 295 4170; x_wconf 91' lang='lat' dir='ltr'>et</span> <span class='ocrx_word' id='word_1_426' title='bbox 311 4107 402 4185; x_wconf 88' lang='lat' dir='ltr'>piane</span> <span class='ocrx_word' id='word_1_427' title='bbox 414 4110 535 4188; x_wconf 90' lang='lat' dir='ltr'>ilegiam</span> <span class='ocrx_word' id='word_1_428' title='bbox 552 4127 621 4172; x_wconf 90' lang='lat' dir='ltr'>cum</span> <span class='ocrx_word' id='word_1_429' title='bbox 643 4111 798 4188; x_wconf 84' lang='lat' dir='ltr'>iosepho,</span> <span class='ocrx_word' id='word_1_430' title='bbox 823 4109 938 4173; x_wconf 85' lang='lat' dir='ltr'>Pharao</span> <span class='ocrx_word' id='word_1_431' title='bbox 983 4109 1039 4173; x_wconf 89' lang='lat' dir='ltr'>lica</span> <span class='ocrx_word' id='word_1_432' title='bbox 1054 4111 1215 4174; x_wconf 85' lang='lat' dir='ltr'>claruisse.</span> 
     </span>
     <span class='ocr_line' id='line_1_35' title="bbox 99 4191 1821 4269; baseline 0.003 -21"><span class='ocrx_word' id='word_1_433' title='bbox 99 4198 387 4251; x_wconf 82' lang='lat' dir='ltr'>communlotrveliii.</span> <span class='ocrx_word' id='word_1_434' title='bbox 1023 4193 1126 4269; x_wconf 82' lang='lat' dir='ltr'>Neque</span> <span class='ocrx_word' id='word_1_435' title='bbox 1149 4209 1218 4256; x_wconf 87' lang='lat' dir='ltr'>vero</span> <span class='ocrx_word' id='word_1_436' title='bbox 1240 4195 1305 4256; x_wconf 89' lang='lat' dir='ltr'>sola</span> <span class='ocrx_word' id='word_1_437' title='bbox 1329 4193 1526 4266; x_wconf 87' lang='lat' dir='ltr'>innocentia,</span> <span class='ocrx_word' id='word_1_438' title='bbox 1552 4205 1629 4268; x_wconf 83' lang='lat' dir='ltr'>guae</span> <span class='ocrx_word' id='word_1_439' title='bbox 1652 4191 1821 4253; x_wconf 88' lang='lat' dir='ltr'>declinata</span> 
     </span>
     <span class='ocr_line' id='line_1_36' title="bbox 137 4271 1822 4354; baseline 0 -22"><span class='ocrx_word' id='word_1_440' title='bbox 137 4271 235 4334; x_wconf 87' lang='lat' dir='ltr'>liuius</span> <span class='ocrx_word' id='word_1_441' title='bbox 251 4276 343 4350; x_wconf 86' lang='lat' dir='ltr'>igitur</span> <span class='ocrx_word' id='word_1_442' title='bbox 359 4273 448 4352; x_wconf 88' lang='lat' dir='ltr'>primi</span> <span class='ocrx_word' id='word_1_443' title='bbox 463 4274 614 4351; x_wconf 87' lang='lat' dir='ltr'>Principis</span> <span class='ocrx_word' id='word_1_444' title='bbox 628 4275 725 4339; x_wconf 75' lang='lat' dir='ltr'>uitam·</span> <span class='ocrx_word' id='word_1_445' title='bbox 741 4273 859 4352; x_wconf 88' lang='lat' dir='ltr'>magnis</span> <span class='ocrx_word' id='word_1_446' title='bbox 882 4277 939 4337; x_wconf 83' lang='lat' dir='ltr'>uir·</span> <span class='ocrx_word' id='word_1_447' title='bbox 983 4275 1075 4348; x_wconf 86' lang='lat' dir='ltr'>malo,</span> <span class='ocrx_word' id='word_1_448' title='bbox 1090 4279 1119 4336; x_wconf 92' lang='lat' dir='ltr'>in</span> <span class='ocrx_word' id='word_1_449' title='bbox 1136 4276 1269 4354; x_wconf 89' lang='lat' dir='ltr'>Iosepho</span> <span class='ocrx_word' id='word_1_450' title='bbox 1286 4278 1352 4344; x_wconf 86' lang='lat' dir='ltr'>init:¹</span> <span class='ocrx_word' id='word_1_451' title='bbox 1368 4277 1422 4336; x_wconf 84' lang='lat' dir='ltr'>aeri</span> <span class='ocrx_word' id='word_1_452' title='bbox 1439 4276 1528 4335; x_wconf 89' lang='lat' dir='ltr'>etiarn</span> <span class='ocrx_word' id='word_1_453' title='bbox 1542 4276 1680 4348; x_wconf 79' lang='lat' dir='ltr'>reliquae</span> <span class='ocrx_word' id='word_1_454' title='bbox 1697 4273 1822 4336; x_wconf 83' lang='lat' dir='ltr'>virtutes</span> 
     </span>
     <span class='ocr_line' id='line_1_37' title="bbox 98 4356 1822 4437; baseline 0.002 -26"><span class='ocrx_word' id='word_1_455' title='bbox 98 4357 215 4416; x_wconf 90' lang='lat' dir='ltr'>tutihus</span> <span class='ocrx_word' id='word_1_456' title='bbox 231 4356 364 4433; x_wconf 89' lang='lat' dir='ltr'>plenam,</span> <span class='ocrx_word' id='word_1_457' title='bbox 381 4363 412 4419; x_wconf 89' lang='lat' dir='ltr'>el</span> <span class='ocrx_word' id='word_1_458' title='bbox 428 4359 517 4434; x_wconf 89' lang='lat' dir='ltr'>plane</span> <span class='ocrx_word' id='word_1_459' title='bbox 534 4359 763 4437; x_wconf 89' lang='lat' dir='ltr'>dignissimam,</span> <span class='ocrx_word' id='word_1_460' title='bbox 779 4359 810 4418; x_wconf 93' lang='lat' dir='ltr'>iu</span> <span class='ocrx_word' id='word_1_461' title='bbox 835 4375 936 4436; x_wconf 84' lang='lat' dir='ltr'>quam,</span> <span class='ocrx_word' id='word_1_462' title='bbox 982 4372 1196 4436; x_wconf 68' lang='lat' dir='ltr'>omnesquae</span> <span class='ocrx_word' id='word_1_463' title='bbox 1218 4358 1330 4420; x_wconf 90' lang='lat' dir='ltr'>iaciunt</span> <span class='ocrx_word' id='word_1_464' title='bbox 1345 4358 1472 4418; x_wconf 91' lang='lat' dir='ltr'>honum.</span> <span class='ocrx_word' id='word_1_465' title='bbox 1501 4357 1592 4417; x_wconf 92' lang='lat' dir='ltr'>Porro</span> <span class='ocrx_word' id='word_1_466' title='bbox 1614 4359 1739 4417; x_wconf 85' lang='lat' dir='ltr'>rirlules</span> <span class='ocrx_word' id='word_1_467' title='bbox 1762 4359 1822 4432; x_wconf 93' lang='lat' dir='ltr'>pri-</span> 
     </span>
     <span class='ocr_line' id='line_1_38' title="bbox 98 4436 1820 4517; baseline 0.001 -22"><span class='ocrx_word' id='word_1_468' title='bbox 98 4436 180 4498; x_wconf 85' lang='lat' dir='ltr'>relul</span> <span class='ocrx_word' id='word_1_469' title='bbox 197 4440 226 4500; x_wconf 94' lang='lat' dir='ltr'>in</span> <span class='ocrx_word' id='word_1_470' title='bbox 248 4441 403 4517; x_wconf 83' lang='lat' dir='ltr'>exemplar</span> <span class='ocrx_word' id='word_1_471' title='bbox 417 4455 557 4514; x_wconf 87' lang='lat' dir='ltr'>morum,</span> <span class='ocrx_word' id='word_1_472' title='bbox 586 4439 743 4517; x_wconf 82' lang='lat' dir='ltr'>Principes</span> <span class='ocrx_word' id='word_1_473' title='bbox 764 4456 872 4502; x_wconf 90' lang='lat' dir='ltr'>omnes</span> <span class='ocrx_word' id='word_1_474' title='bbox 895 4442 939 4501; x_wconf 91' lang='lat' dir='ltr'>in·</span> <span class='ocrx_word' id='word_1_475' title='bbox 984 4438 1094 4500; x_wconf 89' lang='lat' dir='ltr'>mariae</span> <span class='ocrx_word' id='word_1_476' title='bbox 1116 4447 1209 4513; x_wconf 84' lang='lat' dir='ltr'>sunl,</span> <span class='ocrx_word' id='word_1_477' title='bbox 1225 4441 1387 4503; x_wconf 89' lang='lat' dir='ltr'>Prudentia</span> <span class='ocrx_word' id='word_1_478' title='bbox 1403 4487 1409 4509; x_wconf 88' lang='grc'><em>,</em></span> <span class='ocrx_word' id='word_1_479' title='bbox 1433 4440 1547 4500; x_wconf 86' lang='lat' dir='ltr'>iustitia</span> <span class='ocrx_word' id='word_1_480' title='bbox 1563 4485 1571 4510; x_wconf 84' lang='lat'>,</span> <span class='ocrx_word' id='word_1_481' title='bbox 1587 4438 1796 4514; x_wconf 84' lang='lat' dir='ltr'>Temperantia</span> <span class='ocrx_word' id='word_1_482' title='bbox 1813 4487 1820 4510; x_wconf 86' lang='lat'>‚</span> 
     </span>
     <span class='ocr_line' id='line_1_39' title="bbox 99 4521 1821 4602; baseline 0.003 -26"><span class='ocrx_word' id='word_1_483' title='bbox 99 4526 253 4600; x_wconf 82' lang='lat' dir='ltr'>tueantur3</span> <span class='ocrx_word' id='word_1_484' title='bbox 269 4523 455 4600; x_wconf 85' lang='lat' dir='ltr'>descriptam</span> <span class='ocrx_word' id='word_1_485' title='bbox 472 4521 623 4584; x_wconf 87' lang='lat' dir='ltr'>hahemus</span> <span class='ocrx_word' id='word_1_486' title='bbox 637 4523 768 4602; x_wconf 89' lang='lat' dir='ltr'>primum</span> <span class='ocrx_word' id='word_1_487' title='bbox 781 4539 796 4584; x_wconf 90' lang='lat' dir='ltr'>a</span> <span class='ocrx_word' id='word_1_488' title='bbox 810 4522 894 4585; x_wconf 86' lang='lat' dir='ltr'>iiuse</span> <span class='ocrx_word' id='word_1_489' title='bbox 906 4525 936 4586; x_wconf 91' lang='lat' dir='ltr'>iu</span> <span class='ocrx_word' id='word_1_490' title='bbox 982 4521 1148 4584; x_wconf 76' lang='lat' dir='ltr'>Fortitudo.</span> <span class='ocrx_word' id='word_1_491' title='bbox 1164 4523 1323 4585; x_wconf 74' lang='lat' dir='ltr'>Prudentia</span> <span class='ocrx_word' id='word_1_492' title='bbox 1348 4539 1407 4583; x_wconf 91' lang='lat' dir='ltr'>non</span> <span class='ocrx_word' id='word_1_493' title='bbox 1430 4523 1559 4583; x_wconf 89' lang='lat' dir='ltr'>humana</span> <span class='ocrx_word' id='word_1_494' title='bbox 1575 4521 1673 4582; x_wconf 91' lang='lat' dir='ltr'>solnm</span> <span class='ocrx_word' id='word_1_495' title='bbox 1688 4567 1695 4592; x_wconf 82' lang='lat'>,</span> <span class='ocrx_word' id='word_1_496' title='bbox 1712 4523 1767 4581; x_wconf 89' lang='lat' dir='ltr'>sed</span> <span class='ocrx_word' id='word_1_497' title='bbox 1791 4537 1821 4582; x_wconf 91' lang='lat' dir='ltr'>c·</span> 
     </span>
     <span class='ocr_line' id='line_1_40' title="bbox 97 4601 1820 4686; baseline 0.003 -26"><span class='ocrx_word' id='word_1_498' title='bbox 97 4601 176 4662; x_wconf 90' lang='lat' dir='ltr'>iihro</span> <span class='ocrx_word' id='word_1_499' title='bbox 189 4601 360 4675; x_wconf 75' lang='lat' dir='ltr'>Geneseos,</span> <span class='ocrx_word' id='word_1_500' title='bbox 372 4603 486 4666; x_wconf 90' lang='lat' dir='ltr'>deinde</span> <span class='ocrx_word' id='word_1_501' title='bbox 497 4622 512 4665; x_wconf 92' lang='lat' dir='ltr'>a</span> <span class='ocrx_word' id='word_1_502' title='bbox 524 4604 938 4679; x_wconf 79' lang='lat' dir='ltr'>Purtcnelieuracnposne·</span> <span class='ocrx_word' id='word_1_503' title='bbox 984 4607 1052 4665; x_wconf 92' lang='lat' dir='ltr'>tiam</span> <span class='ocrx_word' id='word_1_504' title='bbox 1069 4605 1169 4666; x_wconf 82' lang='lat' dir='ltr'>diuina</span> <span class='ocrx_word' id='word_1_505' title='bbox 1187 4606 1216 4666; x_wconf 93' lang='lat' dir='ltr'>in</span> <span class='ocrx_word' id='word_1_506' title='bbox 1233 4607 1366 4686; x_wconf 90' lang='lat' dir='ltr'>iosepho</span> <span class='ocrx_word' id='word_1_507' title='bbox 1380 4612 1482 4682; x_wconf 88' lang='lat' dir='ltr'>aperte</span> <span class='ocrx_word' id='word_1_508' title='bbox 1499 4604 1630 4680; x_wconf 71' lang='lat' dir='ltr'>relulsiu</span> <span class='ocrx_word' id='word_1_509' title='bbox 1645 4609 1738 4680; x_wconf 51' lang='lat' dir='ltr'>¹alque</span> <span class='ocrx_word' id='word_1_510' title='bbox 1754 4619 1820 4666; x_wconf 85' lang='lat' dir='ltr'>eam</span> 
     </span>
     <span class='ocr_line' id='line_1_41' title="bbox 98 4686 1819 4768; baseline 0.003 -24"><span class='ocrx_word' id='word_1_511' title='bbox 98 4700 147 4744; x_wconf 91' lang='lat' dir='ltr'>mo</span> <span class='ocrx_word' id='word_1_512' title='bbox 163 4703 179 4745; x_wconf 88' lang='lat' dir='ltr'>a</span> <span class='ocrx_word' id='word_1_513' title='bbox 195 4693 302 4749; x_wconf 90' lang='lat' dir='ltr'>sancto</span> <span class='ocrx_word' id='word_1_514' title='bbox 317 4686 488 4750; x_wconf 85' lang='lat' dir='ltr'>lmhrnsrc.</span> <span class='ocrx_word' id='word_1_515' title='bbox 505 4687 541 4749; x_wconf 82' lang='lat' dir='ltr'>lit</span> <span class='ocrx_word' id='word_1_516' title='bbox 556 4690 699 4766; x_wconf 83' lang='lat' dir='ltr'>quoniam</span> <span class='ocrx_word' id='word_1_517' title='bbox 717 4689 795 4749; x_wconf 90' lang='lat' dir='ltr'>liber</span> <span class='ocrx_word' id='word_1_518' title='bbox 809 4686 939 4751; x_wconf 88' lang='lat' dir='ltr'>Genesis</span> <span class='ocrx_word' id='word_1_519' title='bbox 981 4687 1174 4768; x_wconf 89' lang='lat' dir='ltr'>potissimum</span> <span class='ocrx_word' id='word_1_520' title='bbox 1197 4689 1236 4750; x_wconf 91' lang='lat' dir='ltr'>oh</span> <span class='ocrx_word' id='word_1_521' title='bbox 1253 4705 1406 4751; x_wconf 86' lang='lat' dir='ltr'>causamn</span> <span class='ocrx_word' id='word_1_522' title='bbox 1426 4687 1580 4749; x_wconf 91' lang='lat' dir='ltr'>Pharaone</span> <span class='ocrx_word' id='word_1_523' title='bbox 1602 4703 1696 4760; x_wconf 89' lang='lat' dir='ltr'>super</span> <span class='ocrx_word' id='word_1_524' title='bbox 1711 4701 1819 4750; x_wconf 90' lang='lat' dir='ltr'>omnes</span> 
     </span>
     <span class='ocr_line' id='line_1_42' title="bbox 98 4765 1820 4851; baseline 0.002 -25"><span class='ocrx_word' id='word_1_525' title='bbox 98 4765 279 4832; x_wconf 81' lang='lat' dir='ltr'>notissimus</span> <span class='ocrx_word' id='word_1_526' title='bbox 294 4769 436 4832; x_wconf 87' lang='lat' dir='ltr'>omnibus</span> <span class='ocrx_word' id='word_1_527' title='bbox 451 4778 520 4838; x_wconf 80' lang='lat' dir='ltr'>esi.</span> <span class='ocrx_word' id='word_1_528' title='bbox 541 4777 572 4833; x_wconf 85' lang='lat' dir='ltr'>ol</span> <span class='ocrx_word' id='word_1_529' title='bbox 585 4769 708 4834; x_wconf 87' lang='lat' dir='ltr'>assidue</span> <span class='ocrx_word' id='word_1_530' title='bbox 722 4772 768 4834; x_wconf 82' lang='lat' dir='ltr'>val</span> <span class='ocrx_word' id='word_1_531' title='bbox 786 4771 816 4831; x_wconf 89' lang='lat' dir='ltr'>in</span> <span class='ocrx_word' id='word_1_532' title='bbox 831 4769 937 4832; x_wconf 86' lang='lat' dir='ltr'>iicnle-</span> <span class='ocrx_word' id='word_1_533' title='bbox 982 4770 1125 4831; x_wconf 90' lang='lat' dir='ltr'>homines</span> <span class='ocrx_word' id='word_1_534' title='bbox 1140 4771 1292 4834; x_wconf 86' lang='lat' dir='ltr'>iudicatus</span> <span class='ocrx_word' id='word_1_535' title='bbox 1307 4779 1352 4834; x_wconf 90' lang='lat' dir='ltr'>est</span> <span class='ocrx_word' id='word_1_536' title='bbox 1367 4772 1489 4851; x_wconf 84' lang='lat' dir='ltr'>dignus,</span> <span class='ocrx_word' id='word_1_537' title='bbox 1503 4769 1554 4847; x_wconf 87' lang='lat' dir='ltr'>qui</span> <span class='ocrx_word' id='word_1_538' title='bbox 1570 4769 1708 4844; x_wconf 84' lang='lat' dir='ltr'>Regnum</span> <span class='ocrx_word' id='word_1_539' title='bbox 1725 4770 1820 4831; x_wconf 90' lang='lat' dir='ltr'>adrni-</span> 
     </span>
     <span class='ocr_line' id='line_1_43' title="bbox 98 4849 1821 4934; baseline 0.001 -24"><span class='ocrx_word' id='word_1_540' title='bbox 98 4849 153 4928; x_wconf 89' lang='lat' dir='ltr'>sijs</span> <span class='ocrx_word' id='word_1_541' title='bbox 181 4851 313 4930; x_wconf 85' lang='lat' dir='ltr'>legitur.</span> <span class='ocrx_word' id='word_1_542' title='bbox 340 4855 387 4914; x_wconf 84' lang='lat' dir='ltr'>rel</span> <span class='ocrx_word' id='word_1_543' title='bbox 417 4871 432 4915; x_wconf 92' lang='lat' dir='ltr'>a</span> <span class='ocrx_word' id='word_1_544' title='bbox 460 4853 729 4916; x_wconf 89' lang='lat' dir='ltr'>concionatoribus</span> <span class='ocrx_word' id='word_1_545' title='bbox 757 4853 937 4932; x_wconf 67' lang='lat' dir='ltr'>explicatum</span> <span class='ocrx_word' id='word_1_546' title='bbox 982 4856 1135 4922; x_wconf 75' lang='lat' dir='ltr'>hiemaret,</span> <span class='ocrx_word' id='word_1_547' title='bbox 1153 4861 1184 4914; x_wconf 92' lang='lat' dir='ltr'>ut</span> <span class='ocrx_word' id='word_1_548' title='bbox 1200 4854 1327 4934; x_wconf 87' lang='lat' dir='ltr'>intelligi</span> <span class='ocrx_word' id='word_1_549' title='bbox 1345 4857 1495 4931; x_wconf 81' lang='lat' dir='ltr'>potestur</span> <span class='ocrx_word' id='word_1_550' title='bbox 1510 4855 1609 4928; x_wconf 89' lang='lat' dir='ltr'>eapite</span> <span class='ocrx_word' id='word_1_551' title='bbox 1624 4851 1821 4930; x_wconf 84' lang='lat' dir='ltr'>quadragesi·</span> 
     </span>
     <span class='ocr_line' id='line_1_44' title="bbox 98 4931 1820 5013; baseline 0.003 -22"><span class='ocrx_word' id='word_1_552' title='bbox 98 4931 209 4996; x_wconf 88' lang='lat' dir='ltr'>omissa</span> <span class='ocrx_word' id='word_1_553' title='bbox 228 4939 304 4997; x_wconf 86' lang='lat' dir='ltr'>ritae</span> <span class='ocrx_word' id='word_1_554' title='bbox 319 4940 415 5010; x_wconf 88' lang='lat' dir='ltr'>serie,</span> <span class='ocrx_word' id='word_1_555' title='bbox 433 4935 673 4999; x_wconf 68' lang='lat' dir='ltr'>rirlules&#39;solum</span> <span class='ocrx_word' id='word_1_556' title='bbox 688 4936 781 4998; x_wconf 90' lang='lat' dir='ltr'>huius</span> <span class='ocrx_word' id='word_1_557' title='bbox 803 4939 938 5013; x_wconf 88' lang='lat' dir='ltr'>praecla-</span> <span class='ocrx_word' id='word_1_558' title='bbox 985 4935 1134 5012; x_wconf 89' lang='lat' dir='ltr'>moprimo</span> <span class='ocrx_word' id='word_1_559' title='bbox 1150 4935 1219 4997; x_wconf 86' lang='lat' dir='ltr'>lihri</span> <span class='ocrx_word' id='word_1_560' title='bbox 1231 4937 1400 4999; x_wconf 87' lang='lat' dir='ltr'>Geneseos.</span> <span class='ocrx_word' id='word_1_561' title='bbox 1414 4937 1483 4997; x_wconf 91' lang='lat' dir='ltr'>llam</span> <span class='ocrx_word' id='word_1_562' title='bbox 1500 4952 1568 4996; x_wconf 93' lang='lat' dir='ltr'>cum</span> <span class='ocrx_word' id='word_1_563' title='bbox 1585 4934 1709 5009; x_wconf 91' lang='lat' dir='ltr'>ioseph,</span> <span class='ocrx_word' id='word_1_564' title='bbox 1725 4951 1761 4997; x_wconf 84' lang='lat' dir='ltr'>ex</span> <span class='ocrx_word' id='word_1_565' title='bbox 1775 4936 1820 4997; x_wconf 90' lang='lat' dir='ltr'>di·</span> 
     </span>
     <span class='ocr_line' id='line_1_45' title="bbox 98 5016 1820 5098; baseline 0.003 -24"><span class='ocrx_word' id='word_1_566' title='bbox 98 5017 210 5076; x_wconf 88' lang='lat' dir='ltr'>rissimi</span> <span class='ocrx_word' id='word_1_567' title='bbox 227 5019 279 5079; x_wconf 90' lang='lat' dir='ltr'>riri</span> <span class='ocrx_word' id='word_1_568' title='bbox 299 5016 487 5097; x_wconf 89' lang='lat' dir='ltr'>Principibus</span> <span class='ocrx_word' id='word_1_569' title='bbox 509 5020 709 5098; x_wconf 87' lang='lat' dir='ltr'>inspiciedas‚</span> <span class='ocrx_word' id='word_1_570' title='bbox 733 5025 763 5080; x_wconf 88' lang='lat' dir='ltr'>et</span> <span class='ocrx_word' id='word_1_571' title='bbox 778 5020 939 5081; x_wconf 85' lang='lat' dir='ltr'>imitandas</span> <span class='ocrx_word' id='word_1_572' title='bbox 987 5020 1052 5078; x_wconf 89' lang='lat' dir='ltr'>rina</span> <span class='ocrx_word' id='word_1_573' title='bbox 1070 5018 1280 5088; x_wconf 88' lang='lat' dir='ltr'>illustratione.</span> <span class='ocrx_word' id='word_1_574' title='bbox 1293 5021 1409 5082; x_wconf 89' lang='lat' dir='ltr'>somnia</span> <span class='ocrx_word' id='word_1_575' title='bbox 1423 5019 1514 5098; x_wconf 87' lang='lat' dir='ltr'>Regis</span> <span class='ocrx_word' id='word_1_576' title='bbox 1529 5019 1672 5078; x_wconf 87' lang='lat' dir='ltr'>divinitus</span> <span class='ocrx_word' id='word_1_577' title='bbox 1685 5019 1820 5080; x_wconf 86' lang='lat' dir='ltr'>immisso</span> 
     </span>
     <span class='ocr_line' id='line_1_46' title="bbox 98 5099 1821 5181; baseline 0.002 -22"><span class='ocrx_word' id='word_1_578' title='bbox 98 5112 277 5175; x_wconf 89' lang='lat' dir='ltr'>proponam.</span> <span class='ocrx_word' id='word_1_579' title='bbox 985 5101 1023 5162; x_wconf 90' lang='lat' dir='ltr'>de</span> <span class='ocrx_word' id='word_1_580' title='bbox 1044 5106 1161 5176; x_wconf 91' lang='lat' dir='ltr'>sepiam</span> <span class='ocrx_word' id='word_1_581' title='bbox 1178 5102 1272 5181; x_wconf 88' lang='lat' dir='ltr'>spicis</span> <span class='ocrx_word' id='word_1_582' title='bbox 1295 5103 1405 5181; x_wconf 91' lang='lat' dir='ltr'>plenis,</span> <span class='ocrx_word' id='word_1_583' title='bbox 1423 5107 1592 5180; x_wconf 87' lang='lat' dir='ltr'>elseptcm</span> <span class='ocrx_word' id='word_1_584' title='bbox 1609 5099 1751 5161; x_wconf 89' lang='lat' dir='ltr'>tenuibus</span> <span class='ocrx_word' id='word_1_585' title='bbox 1766 5119 1773 5179; x_wconf 93' lang='grc'><strong>;</strong></span> <span class='ocrx_word' id='word_1_586' title='bbox 1790 5105 1821 5162; x_wconf 86' lang='grc'>11</span> 
     </span>
     <span class='ocr_line' id='line_1_47' title="bbox 139 5177 1816 5264; baseline 0.003 -24"><span class='ocrx_word' id='word_1_587' title='bbox 139 5177 235 5243; x_wconf 87' lang='lat' dir='ltr'>Primo</span> <span class='ocrx_word' id='word_1_588' title='bbox 253 5184 355 5264; x_wconf 89' lang='lat' dir='ltr'>igitur,</span> <span class='ocrx_word' id='word_1_589' title='bbox 374 5200 409 5246; x_wconf 89' lang='lat' dir='ltr'>au</span> <span class='ocrx_word' id='word_1_590' title='bbox 425 5200 504 5262; x_wconf 89' lang='lat' dir='ltr'>pene</span> <span class='ocrx_word' id='word_1_591' title='bbox 520 5185 687 5264; x_wconf 90' lang='lat' dir='ltr'>singularis</span> <span class='ocrx_word' id='word_1_592' title='bbox 701 5183 825 5263; x_wconf 89' lang='lat' dir='ltr'>iosephi</span> <span class='ocrx_word' id='word_1_593' title='bbox 843 5185 937 5246; x_wconf 89' lang='lat' dir='ltr'>noslri</span> <span class='ocrx_word' id='word_1_594' title='bbox 985 5191 1102 5259; x_wconf 87' lang='lat' dir='ltr'>septem</span> <span class='ocrx_word' id='word_1_595' title='bbox 1126 5189 1225 5246; x_wconf 84' lang='lat' dir='ltr'>vaccis</span> <span class='ocrx_word' id='word_1_596' title='bbox 1241 5186 1424 5264; x_wconf 83' lang='lat' dir='ltr'>pinguibus.</span> <span class='ocrx_word' id='word_1_597' title='bbox 1440 5189 1472 5246; x_wconf 89' lang='lat' dir='ltr'>et</span> <span class='ocrx_word' id='word_1_598' title='bbox 1485 5189 1600 5259; x_wconf 88' lang='lat' dir='ltr'>septem</span> <span class='ocrx_word' id='word_1_599' title='bbox 1626 5183 1816 5245; x_wconf 87' lang='lat' dir='ltr'>macilentis.</span> 
     </span>
     <span class='ocr_line' id='line_1_48' title="bbox 99 5263 1817 5343; baseline 0.001 -21"><span class='ocrx_word' id='word_1_600' title='bbox 99 5263 204 5334; x_wconf 83' lang='lat' dir='ltr'>rirlus.</span> <span class='ocrx_word' id='word_1_601' title='bbox 222 5265 399 5330; x_wconf 79' lang='lat' dir='ltr'>intrarentin</span> <span class='ocrx_word' id='word_1_602' title='bbox 415 5269 511 5338; x_wconf 84' lang='lat' dir='ltr'>ritae,</span> <span class='ocrx_word' id='word_1_603' title='bbox 534 5274 564 5332; x_wconf 92' lang='lat' dir='ltr'>el</span> <span class='ocrx_word' id='word_1_604' title='bbox 578 5284 695 5329; x_wconf 91' lang='lat' dir='ltr'>murum</span> <span class='ocrx_word' id='word_1_605' title='bbox 710 5267 777 5330; x_wconf 89' lang='lat' dir='ltr'>lull.</span> <span class='ocrx_word' id='word_1_606' title='bbox 793 5266 872 5330; x_wconf 81' lang='lat' dir='ltr'>Vixit</span> <span class='ocrx_word' id='word_1_607' title='bbox 886 5283 938 5329; x_wconf 90' lang='lat' dir='ltr'>au·</span> <span class='ocrx_word' id='word_1_608' title='bbox 984 5267 1198 5343; x_wconf 86' lang='lat' dir='ltr'>interpretatus</span> <span class='ocrx_word' id='word_1_609' title='bbox 1213 5268 1338 5343; x_wconf 86' lang='lat' dir='ltr'>luisset,</span> <span class='ocrx_word' id='word_1_610' title='bbox 1356 5267 1435 5338; x_wconf 87' lang='lat' dir='ltr'>illis,</span> <span class='ocrx_word' id='word_1_611' title='bbox 1452 5265 1616 5343; x_wconf 88' lang='lat' dir='ltr'>signillcari</span> <span class='ocrx_word' id='word_1_612' title='bbox 1633 5273 1749 5341; x_wconf 87' lang='lat' dir='ltr'>septem</span> <span class='ocrx_word' id='word_1_613' title='bbox 1764 5281 1817 5326; x_wconf 87' lang='lat' dir='ltr'>an·</span> 
     </span>
     <span class='ocr_line' id='line_1_49' title="bbox 100 5346 1817 5430; baseline 0.001 -24"><span class='ocrx_word' id='word_1_614' title='bbox 100 5361 155 5407; x_wconf 92' lang='lat' dir='ltr'>uos</span> <span class='ocrx_word' id='word_1_615' title='bbox 170 5357 292 5412; x_wconf 86' lang='lat' dir='ltr'>ceolum</span> <span class='ocrx_word' id='word_1_616' title='bbox 308 5358 338 5411; x_wconf 91' lang='lat' dir='ltr'>at</span> <span class='ocrx_word' id='word_1_617' title='bbox 350 5350 471 5426; x_wconf 87' lang='lat' dir='ltr'>decem;</span> <span class='ocrx_word' id='word_1_618' title='bbox 483 5366 518 5410; x_wconf 83' lang='lat' dir='ltr'>cx</span> <span class='ocrx_word' id='word_1_619' title='bbox 530 5350 643 5429; x_wconf 80' lang='lat' dir='ltr'>quihus</span> <span class='ocrx_word' id='word_1_620' title='bbox 655 5352 769 5430; x_wconf 92' lang='lat' dir='ltr'>primos</span> <span class='ocrx_word' id='word_1_621' title='bbox 782 5350 937 5412; x_wconf 86' lang='lat' dir='ltr'>sexdecim</span> <span class='ocrx_word' id='word_1_622' title='bbox 957 5369 960 5376; x_wconf 68' lang='grc'><em>’</em></span> <span class='ocrx_word' id='word_1_623' title='bbox 985 5365 1041 5410; x_wconf 94' lang='lat' dir='ltr'>nos</span> <span class='ocrx_word' id='word_1_624' title='bbox 1055 5347 1216 5411; x_wconf 87' lang='lat' dir='ltr'>lartilltalis</span> <span class='ocrx_word' id='word_1_625' title='bbox 1232 5354 1371 5424; x_wconf 86' lang='lat' dir='ltr'>eximiae,</span> <span class='ocrx_word' id='word_1_626' title='bbox 1388 5356 1418 5411; x_wconf 92' lang='lat' dir='ltr'>el</span> <span class='ocrx_word' id='word_1_627' title='bbox 1432 5357 1549 5424; x_wconf 85' lang='lat' dir='ltr'>septem</span> <span class='ocrx_word' id='word_1_628' title='bbox 1566 5350 1642 5410; x_wconf 86' lang='lat' dir='ltr'>elios</span> <span class='ocrx_word' id='word_1_629' title='bbox 1664 5346 1817 5409; x_wconf 87' lang='lat' dir='ltr'>inauditae</span> 
     </span>
     <span class='ocr_line' id='line_1_50' title="bbox 100 5430 1818 5511; baseline 0.002 -22"><span class='ocrx_word' id='word_1_630' title='bbox 100 5434 128 5490; x_wconf 87' lang='lat' dir='ltr'>in</span> <span class='ocrx_word' id='word_1_631' title='bbox 146 5438 269 5507; x_wconf 88' lang='lat' dir='ltr'>paterna</span> <span class='ocrx_word' id='word_1_632' title='bbox 293 5434 385 5494; x_wconf 90' lang='lat' dir='ltr'>domo</span> <span class='ocrx_word' id='word_1_633' title='bbox 405 5434 617 5506; x_wconf 85' lang='lat' dir='ltr'>consumpsit:</span> <span class='ocrx_word' id='word_1_634' title='bbox 641 5435 869 5511; x_wconf 79' lang='lat' dir='ltr'>quatuordeeim</span> <span class='ocrx_word' id='word_1_635' title='bbox 891 5447 939 5495; x_wconf 87' lang='lat' dir='ltr'>se·</span> <span class='ocrx_word' id='word_1_636' title='bbox 985 5430 1175 5495; x_wconf 88' lang='lat' dir='ltr'>sterililaiis:</span> <span class='ocrx_word' id='word_1_637' title='bbox 1191 5433 1303 5494; x_wconf 90' lang='lat' dir='ltr'>adiecit</span> <span class='ocrx_word' id='word_1_638' title='bbox 1323 5433 1412 5494; x_wconf 85' lang='lat' dir='ltr'>eliaca</span> <span class='ocrx_word' id='word_1_639' title='bbox 1429 5431 1699 5507; x_wconf 85' lang='lat' dir='ltr'>prudentissimum</span> <span class='ocrx_word' id='word_1_640' title='bbox 1716 5433 1818 5492; x_wconf 89' lang='lat' dir='ltr'>consi-</span> 
     </span>
     <span class='ocr_line' id='line_1_51' title="bbox 100 5513 1815 5596; baseline 0.001 -24"><span class='ocrx_word' id='word_1_641' title='bbox 100 5523 229 5586; x_wconf 85' lang='lat' dir='ltr'>cueoles</span> <span class='ocrx_word' id='word_1_642' title='bbox 246 5519 275 5577; x_wconf 93' lang='lat' dir='ltr'>in</span> <span class='ocrx_word' id='word_1_643' title='bbox 293 5516 421 5576; x_wconf 91' lang='lat' dir='ltr'>summis</span> <span class='ocrx_word' id='word_1_644' title='bbox 436 5514 599 5596; x_wconf 73' lang='lat' dir='ltr'>angustiis,</span> <span class='ocrx_word' id='word_1_645' title='bbox 612 5517 779 5579; x_wconf 89' lang='lat' dir='ltr'>aerumnis.</span> <span class='ocrx_word' id='word_1_646' title='bbox 796 5522 825 5578; x_wconf 86' lang='lat' dir='ltr'>at</span> <span class='ocrx_word' id='word_1_647' title='bbox 838 5529 939 5577; x_wconf 88' lang='lat' dir='ltr'>narce·</span> <span class='ocrx_word' id='word_1_648' title='bbox 984 5516 1080 5582; x_wconf 81' lang='lat' dir='ltr'>lium.</span> <span class='ocrx_word' id='word_1_649' title='bbox 1098 5531 1159 5594; x_wconf 87' lang='lat' dir='ltr'>quo</span> <span class='ocrx_word' id='word_1_650' title='bbox 1175 5515 1282 5588; x_wconf 79' lang='lat' dir='ltr'>derel,</span> <span class='ocrx_word' id='word_1_651' title='bbox 1300 5522 1332 5578; x_wconf 94' lang='lat' dir='ltr'>ul</span> <span class='ocrx_word' id='word_1_652' title='bbox 1347 5515 1489 5578; x_wconf 91' lang='lat' dir='ltr'>sterilitas</span> <span class='ocrx_word' id='word_1_653' title='bbox 1504 5513 1599 5576; x_wconf 85' lang='lat' dir='ltr'>lutura</span> <span class='ocrx_word' id='word_1_654' title='bbox 1615 5560 1622 5583; x_wconf 84' lang='lat'>,</span> <span class='ocrx_word' id='word_1_655' title='bbox 1640 5527 1700 5573; x_wconf 91' lang='lat' dir='ltr'>uon</span> <span class='ocrx_word' id='word_1_656' title='bbox 1716 5514 1815 5576; x_wconf 90' lang='lat' dir='ltr'>solurn</span> 
     </span>
     <span class='ocr_line' id='line_1_52' title="bbox 98 5597 1819 5683; baseline 0 -24"><span class='ocrx_word' id='word_1_657' title='bbox 98 5597 181 5662; x_wconf 88' lang='lat' dir='ltr'>ribus</span> <span class='ocrx_word' id='word_1_658' title='bbox 194 5599 290 5679; x_wconf 84' lang='lat' dir='ltr'>duxil;</span> <span class='ocrx_word' id='word_1_659' title='bbox 303 5598 634 5679; x_wconf 88' lang='lat' dir='ltr'>reliquosooioginlain</span> <span class='ocrx_word' id='word_1_660' title='bbox 646 5615 763 5668; x_wconf 84' lang='lat' dir='ltr'>summa</span> <span class='ocrx_word' id='word_1_661' title='bbox 773 5603 935 5680; x_wconf 88' lang='lat' dir='ltr'>potestate,</span> <span class='ocrx_word' id='word_1_662' title='bbox 983 5597 1075 5676; x_wconf 88' lang='lat' dir='ltr'>Regis</span> <span class='ocrx_word' id='word_1_663' title='bbox 1090 5598 1216 5677; x_wconf 81' lang='lat' dir='ltr'>Aegypti</span> <span class='ocrx_word' id='word_1_664' title='bbox 1231 5599 1379 5663; x_wconf 89' lang='lat' dir='ltr'>aerarium</span> <span class='ocrx_word' id='word_1_665' title='bbox 1396 5613 1455 5661; x_wconf 92' lang='lat' dir='ltr'>noo</span> <span class='ocrx_word' id='word_1_666' title='bbox 1471 5597 1634 5672; x_wconf 86' lang='lat' dir='ltr'>minueret,</span> <span class='ocrx_word' id='word_1_667' title='bbox 1645 5598 1704 5683; x_wconf 78' lang='lat' dir='ltr'>¹seri</span> <span class='ocrx_word' id='word_1_668' title='bbox 1717 5597 1819 5660; x_wconf 90' lang='lat' dir='ltr'>incre·</span> 
     </span>
    </p>
   </div>
   <div class='ocr_carea' id='block_1_7' title="bbox 0 0 2026 6256">
    <p class='ocr_par' dir='ltr' id='par_1_7' title="bbox 0 0 2026 6256">
     <span class='ocr_line' id='line_1_53' title="bbox 0 0 2026 6256; baseline 0 0"><span class='ocrx_word' id='word_1_669' title='bbox 0 0 2026 6256; x_wconf 95' lang='lat' dir='ltr'> </span> 
     </span>
    </p>
   </div>
  </div>
 </body>
</html>
