4048 6242
765 302 905 364 natans
925 305 1079 366 TERTIUS
1637 309 1688 370 221

14 445 122 513 gaeum
139 429 230 496 dicit:
253 435 357 500 ideam
371 438 418 498 eat
431 449 563 508 earnm,
586 439 616 498 et
629 447 737 497 meum
758 440 805 500 eat
818 451 871 499 ar·
914 437 1024 502 divites
1039 439 1251 520 collegerant,
1274 437 1312 502 ad
1327 437 1478 505 haeredes
1493 439 1637 522 prodigos
1653 461 1756 523 perve-

14 523 156 595 gentum.
175 515 199 584 0
215 525 329 580 amator
344 516 515 590 bominum,
529 519 611 580 itane
626 517 685 579 bno
700 517 790 580 etiem
807 520 870 598 pla·
915 520 1049 600 otranni
1061 522 1156 586 mutto
1168 521 1307 585 breviore
1320 527 1457 602 tempere
1468 523 1760 606 profunduntquam

14 600 78 660 caii
93 600 251 662 dulcedini
270 608 349 682 tuae,
367 605 400 662 ut
414 615 475 662 nun
491 600 591 663 solnm
609 604 799 680 produceres
816 605 870 663 bu·
914 603 994 665 avari
1006 613 1147 688 parentes
1160 605 1456 686 collegerunt,atqnc
1469 607 1589 669 interim
1602 615 1760 687 peecatum

14 697 105 742 niano
121 685 228 762 generi
245 681 375 760 lapides,
392 688 423 745 et
436 683 530 762 ligna,
553 681 722 764 etnlerrnm,
739 691 768 747 et
792 700 868 760 aes,
914 685 1056 750 avaritiae
1070 695 1184 762 manci,
1201 700 1422 770 aeternumque
1436 689 1582 768 mauebit,
1599 697 1630 754 et
1650 691 1762 754 vermis

14 770 40 825 ct
56 763 235 842 plumbum,
251 773 281 826 et
296 765 353 827 alia
369 764 402 848 id
415 782 514 846 genus
527 764 698 828 necessaria
713 765 750 829 ad
762 768 870 830 domos
916 769 1124 836 eonscientiae
1149 787 1211 834 noa
1228 771 1396 847 morietur,
1422 777 1454 836 ai
1466 772 1547 854 ignis
1573 773 1684 836 interni
1700 789 1762 836 non

14 855 40 909 et
56 863 157 910 naves
172 845 400 924 aedificandas,
428 853 459 910 ct
474 850 673 912 instrumenta
690 848 770 910 varia
796 865 869 910 con·
915 853 1120 929 extinguetur.

14 931 163 992 struenda
178 947 187 990 :
203 933 258 992 sed
274 931 365 992 etiam
380 947 500 1000 auram,
517 937 547 992 et
562 939 733 1008 argentum,
751 936 781 994 et
795 931 871 1010 lapi·
912 981 915 988 λ
958 932 1158 1014 ilrg0‚enima
1172 936 1387 1013 mea,aiicmm
1403 934 1578 1016 insipientia
1592 942 1621 1001 te
1632 936 1764 1012 eradiat,

14 1013 68 1074 des
87 1011 242 1091 pretiosos
256 1012 294 1076 ad
310 1020 461 1088 ornatum,
477 1020 508 1076 et
522 1011 688 1076 decorem?
703 1015 736 1076 tir
751 1015 776 1076 si
787 1016 870 1087 ,baec
915 1019 947 1078 et
961 1019 1030 1079 audi
1048 1015 1210 1082 Dominum
1232 1027 1261 1080 et
1276 1017 1448 1098 blagistrnm
1470 1025 1556 1081 tunm
1581 1021 1765 1083 concionan-

14 1093 128 1158 tribuis
144 1095 413 1175 peregrinantibus
434 1097 464 1158 in
481 1102 584 1167 terra,
612 1102 643 1158 et
668 1111 763 1174 saepe
779 1096 870 1159 etiam
918 1108 1000 1161 tem:
1027 1099 1143 1176 traete,
1160 1107 1190 1162 et
1203 1107 1310 1164 cenete
1325 1100 1366 1164 ub
1393 1102 1483 1164 omni
1496 1104 1660 1176 auaritia,
1684 1104 1767 1183 pato

14 1177 152 1240 inimicis
165 1179 228 1240 tuis
243 1177 529 1258 blasphemantibus
546 1193 657 1242 nomen
676 1186 772 1254 tuum,
797 1179 871 1256 auid
916 1197 984 1245 non
998 1183 1036 1244 in
1050 1181 1255 1246 abnndantia
1269 1185 1462 1264 anteaquam
1481 1187 1550 1248 uita
1563 1187 1633 1248 eius
1657 1191 1703 1248 eat
1722 1199 1765 1247 aaa

14 1260 104 1323 dabis
121 1259 245 1326 dilectis
261 1262 336 1339 tuis,
347 1268 376 1325 te
389 1261 656 1339 benedicentibus,
670 1264 701 1322 et
713 1270 812 1326 tecam
826 1279 874 1324 rc·
917 1263 1080 1342 biegnae
1093 1265 1243 1344 possidet.
1259 1267 1371 1329 avarus
1385 1274 1571 1348 congregat„
1599 1274 1629 1331 et
1642 1280 1766 1330 censer·

14 1343 184 1422 gnaatibns
199 1344 230 1407 in
246 1343 356 1411 coelet
370 1343 464 1408 Ilabis
481 1345 585 1424 utique
601 1361 662 1406 aon
678 1344 805 1408 trastula
821 1362 871 1408 au·
918 1357 977 1423 vat,
994 1355 1026 1408 ui
1040 1347 1161 1418 babeat,
1176 1349 1258 1410 unde
1273 1349 1325 1410 diu
1341 1349 1431 1426 vivat,
1443 1351 1497 1412 scd
1514 1356 1615 1415 eontra
1631 1351 1765 1412 accidit:

15 1427 52 1504 ri,
68 1426 121 1489 vci
138 1427 279 1507 argenti.
303 1443 361 1495 nee
383 1427 531 1507 pauculas
546 1442 684 1506 gemmas
700 1431 873 1505 pretiosas,
918 1445 987 1491 nam
1002 1432 1125 1508 quando
1141 1430 1243 1494 miuus
1264 1430 1376 1510 cogitat
1391 1433 1528 1506 moritur,
1551 1440 1582 1496 ct
1597 1431 1767 1496 substantie

14 1511 68 1570 scd
88 1509 242 1574 civitatem
260 1511 343 1573 illam
366 1511 404 1573 de
421 1528 479 1586 ena
496 1511 630 1589 loquitur
645 1509 779 1572 Ioannes
794 1510 874 1588 dpa-
917 1526 1007 1574 avare
1019 1517 1203 1592 congregata
1225 1519 1254 1576 et
1276 1519 1454 1576 conserente
1469 1521 1595 1594 generat
1610 1530 1768 1588 vermem,

15 1593 117 1654 stolus
135 1595 165 1652 in
180 1592 377 1674 apocalypsi.
394 1610 463 1654 cum
486 1595 550 1655 ait:
575 1594 613 1654 at
627 1600 697 1655 evat
711 1600 874 1656 atrectare
918 1594 970 1672 nai
988 1610 1048 1657 non
1065 1595 1222 1672 morietur,
1237 1603 1267 1658 et
1283 1596 1391 1658 excitat
1407 1596 1521 1674 ignem,
1556 1598 1586 1659 ni
1599 1610 1660 1659 noa
1672 1598 1769 1660 extin-

14 1675 104 1739 mnri
116 1675 188 1740 aina
200 1693 243 1738 cm
253 1678 361 1756 lapide
372 1675 592 1756 lapidatam
603 1691 679 1739 uero
693 1679 805 1740 ctetica
817 1691 875 1739 ert·
918 1677 1077 1759 gaetano
1089 1694 1178 1741 avare
1189 1677 1424 1755 inlelixcrgane
1437 1688 1496 1740 taur
1512 1615 1652 1743 sollecite
1664 1695 1770 1760 aggre-

15 1760 536 1836 rnmmnndum,eilnndamenta
547 1757 877 1823 marieioitatieamni
921 1763 998 1840 gasti
1015 1763 1175 1839 pecuinis,
1192 1768 1224 1824 ut
1239 1761 1406 1823 tomentum
1429 1777 1553 1839 parares
1569 1761 1632 1840 igni
1654 1765 1769 1840 gelren·

15 1843 131 1922 lupide
146 1843 284 1920 pretioso
301 1851 430 1918 ornato,
444 1847 474 1906 ct
488 1842 782 1924 duodecimportne
796 1843 876 1921 deo·
920 1859 1000 1919 nae,
1028 1860 1088 1920 quo
1105 1849 1267 1921 numquam
1295 1843 1516 1923 extinguatur?
1537 1843 1614 1910 Audi
1637 1843 1670 1906 ti.
1685 1843 1771 1906 leco·

15 1927 124 1988 decim
142 1927 344 2004 incapacitate
357 1925 444 1988 enat.
460 1923 522 1988 llee
542 1940 615 1988 tero
640 1924 850 1998 existimamus
866 1971 874 2000 ,
921 1926 993 1989 burn
1011 1927 1041 1986 in
1057 1933 1190 1988 extrema
1206 1926 1335 2003 epistole
1351 1943 1419 1988 sua.
1435 1925 1537 2006 Agita,
1554 1927 1664 2006 inquii,
1680 1942 1771 2006 nane

15 2009 173 2070 civitatem
190 2009 272 2070 illam
287 2025 452 2088 supernam
474 2007 667 2072 Hierusalem
684 2008 850 2078 coelestem
867 2053 876 2080 ‚
921 2008 1173 2086 dicircaptorata
1184 2009 1347 2074 eiulantes
1357 2009 1395 2073 itt
1405 2011 1543 2072 miserita
1553 2011 1677 2082 uestris,
1687 2025 1772 2090 qnae

15 2109 52 2154 cx
68 2107 161 2164 aare,
176 2096 205 2151 et
217 2095 395 2172 gemmisct
407 2093 589 2170 margaritis,
605 2088 713 2168 caeles
728 2089 876 2162 blesnnt,
921 2092 1097 2154 adamiani
1118 2091 1229 2167 nobb,
1259 2091 1393 2154 divitiae
1419 2099 1543 2155 uestrae
1570 2091 1771 2172 putrefactae

14 2178 229 2246 constructam
246 2190 329 2246 esse,
346 2176 391 2235 vei
407 2183 556 2244 ornatam,
574 2175 691 2236 seimus
714 2174 794 2236 enim
811 2173 878 2252 spi·
921 2181 1011 2252 annt3
1025 2181 1053 2236 et
1066 2175 1255 2237 uestimenta
1268 2179 1375 2236 anatra
1387 2187 1408 2238 a
1422 2175 1516 2238 tineis
1530 2179 1671 2238 comesto
1684 2179 1772 2252 enat,

14 2259 110 2319 ritum
128 2266 269 2318 sanctum
288 2259 335 2320 bis
351 2258 478 2320 vocibus
489 2255 692 2334 attenuatam
709 2259 749 2332 ad
763 2273 820 2319 nos
837 2263 879 2320 ie·
922 2273 1042 2320 aarum
1056 2263 1086 2319 et
1100 2261 1270 2336 arpentum
1282 2261 1423 2321 ecetram
1435 2259 1652 2335 narnpinnuit,
1676 2261 1706 2319 et
1721 2271 1774 2320 ae·

15 2346 137 2418 qtitltii',
156 2339 208 2415 nul
224 2341 364 2417 meliora,
380 2341 427 2402 rel
450 2342 563 2402 maiora
578 2355 640 2403 non
657 2337 800 2414 vidimus,
823 2339 879 2402 sed
921 2357 1003 2418 rupo
1019 2355 1130 2403 eoram
1144 2343 1181 2402 ia
1195 2341 1414 2404 testimoniam
1433 2338 1521 2402 nobb
1544 2337 1616 2418 arti,
1638 2343 1668 2401 et
1682 2355 1775 2404 man·

15 2425 87 2484 sine
107 2421 302 2486 dubitatione
325 2424 384 2486 atta
402 2420 497 2485 multo
513 2421 715 2486 excellentior
730 2422 789 2486 erit
809 2421 881 2485 civi·
924 2421 1056 2486 decebit
1070 2437 1183 2485 carnes
1196 2428 1330 2497 uestrae,
1348 2418 1542 2502 aicnt'tpai'a.
1561 2421 1620 2484 tos
1636 2423 1774 2501 quidem,

15 2513 64 2568 tes
79 2503 153 2574 iiia,
180 2521 259 2582 quae
275 2511 321 2570 cst
336 2505 430 2585 patria
446 2505 613 2570 electorum
630 2505 708 2576 Dei,
734 2505 880 2568 omnibns
922 2506 1024 2585 inquit
1037 2506 1069 2568 b.
1085 2504 1230 2578 Iacobus,
1254 2509 1324 2584 quie
1340 2505 1449 2569 divites
1471 2505 1560 2581 eatis,
1575 2504 1658 2568 beati
1673 2503 1778 2568 existi·

16 2587 201 2652 civitatibus
216 2589 472 2668 peregrinationis
500 2591 613 2672 buius,
637 2594 750 2668 quanta
775 2588 881 2650 civitas
924 2589 1061 2663 mamini,
1079 2595 1110 2649 ct
1123 2587 1273 2662 dicimini,
1298 2589 1354 2650 sed
1376 2603 1410 2652 re
1432 2602 1502 2652 vera
1522 2587 1627 2662 miseri
1643 2587 1730 2664 estis,
1748 2589 1779 2648 el

15 2686 114 2733 aurea
132 2675 328 2748 digammate
344 2669 514 2752 praestaret
528 2672 674 2734 omnibns
696 2670 881 2734 rusticorum
924 2673 1032 2750 egenis
1047 2671 1191 2734 omnibus
1206 2671 1395 2745 miseriores,
1412 2677 1443 2734 et
1458 2671 1613 2732 materiam
1632 2685 1775 2748 magnam

15 2756 126 2833 pagis,
145 2752 198 2832 qui
213 2769 251 2817 ex
266 2754 330 2817 lato
346 2763 375 2816 et
388 2755 486 2833 paleis
501 2759 654 2818 consent.
925 2755 1045 2818 bebetis
1060 2753 1197 2833 lugendi,
1215 2760 1244 2816 et
1260 2750 1396 2816 ululandi
1418 2761 1543 2834 prepter
1559 2755 1703 2832 ingentes
1722 2753 1778 2816 mi·

56 2836 160 2916 Erige
173 2851 246 2916 ergo
258 2839 357 2899 anima
370 2839 562 2910 memorales
573 2836 687 2900 mentis
700 2835 736 2900 ad
747 2837 882 2914 eoelum,
928 2840 1038 2912 serias,
1055 2852 1134 2915 auae
1150 2841 1234 2898 certe
1248 2835 1414 2898 advenient
1436 2837 1535 2909 vobis,
1558 2835 1681 2898 divitiae
1696 2835 1781 2896 enim

16 2926 46 2981 et
59 2925 170 2998 cagrta
182 2921 287 2994 quanti
300 2919 361 2982 siat
374 2920 516 2983 iacienda
528 2921 708 2998 beangean
723 2921 787 2982 illic
799 2926 881 2998 suat,
926 2933 1186 2998 supervacaneae,
1211 2935 1288 2996 quas
1304 2920 1523 2992 conservastis,
1540 2925 1570 2980 et
1585 2934 1662 2996 qaas
1677 2922 1781 2994 putre·

16 3020 92 3064 cum
111 2999 238 3080 speeies
253 3003 330 3072 anri,
345 3009 377 3064 et
390 2999 520 3084 ergenii,
537 3009 568 3066 et
582 3003 718 3082 lapidum
735 3002 883 3080 pretioso·
929 3003 993 3065 lieri
1006 3002 1136 3078 sinistis,
1149 3016 1219 3063 eum
1236 3017 1289 3064 eas
1305 3002 1494 3080 pauperibus
1509 3015 1639 3078 erogare
1654 2997 1790 3062 debere·
1890 3039 1892 3044 -

17 3101 107 3156 ram,
124 3101 206 3162 quae
221 3083 273 3148 ble
296 3085 366 3148 tanti
385 3086 471 3166 bant,
495 3087 558 3150 iilis
573 3087 664 3154 bonis
679 3093 885 3166 comparatae,
928 3087 980 3163 tis,
997 3093 1028 3148 et
1042 3084 1220 3148 vestimenta
1238 3087 1349 3160 vestra,
1366 3098 1446 3164 quae
1470 3081 1628 3161 superllaa
1645 3082 1786 3160 posside·

18 3171 68 3230 rix
95 3169 154 3230 luti
181 3173 212 3230 ei
227 3167 383 3244 palcavpm
409 3170 534 3252 nomine
560 3175 758 3234 censeantur.
774 3168 884 3242 Adde,
930 3171 979 3243 tis,
994 3177 1023 3232 et
1040 3171 1141 3247 petias
1156 3183 1172 3226 a
1188 3165 1280 3229 tineis
1292 3165 1425 3240 comedi,
1438 3182 1530 3246 quam
1544 3181 1699 3244 pauperes
1712 3165 1787 3227 inde

17 3253 106 3330 qaod
123 3267 247 3327 euram,
264 3255 295 3314 ei
308 3249 480 3330 argentum,
494 3256 525 3315 et
539 3257 729 3334 margaritae,
743 3269 820 3332 qnae
836 3251 886 3316 bla
930 3253 1033 3316 vestiri
1050 3249 1202 3328 patimini,
1219 3256 1248 3312 et
1269 3265 1376 3313 aurum
1399 3253 1430 3312 el
1450 3256 1623 3329 argentum,
1641 3246 1723 3341 qaod
1746 3247 1786 3308 eb

18 3333 182 3398 habentur
198 3332 229 3395 iu
247 3337 356 3411 pretio,
369 3336 583 3416 corruptibilia
598 3341 681 3414 snut,
695 3351 773 3413 qnae
786 3341 886 3398 antem
931 3335 1077 3414 aerugine
1092 3331 1231 3395 consumi
1243 3332 1334 3394 vultis
1346 3331 1554 3412 potiusquam
1565 3330 1639 3393 illud
1653 3331 1683 3390 in
1696 3329 1785 3392 arbas

19 3423 50 3480 et
66 3415 267 3496 sempiterne
292 3426 374 3480 sunt.
392 3417 453 3482 Sed
475 3421 501 3482 si
524 3435 580 3498 per
595 3433 704 3482 manus
720 3433 888 3496 pauperum
932 3433 1100 3498 pauperum
1116 3414 1272 3493 erogetis;
1295 3413 1383 3486 baec,
1408 3415 1544 3492 inquam,
1561 3412 1662 3476 amala
1678 3420 1785 3474 cantra

21 3502 85 3562 boc
106 3500 430 3578 ipsamcorrnptibita
444 3517 551 3582 purum
568 3507 598 3563 et
619 3507 791 3580 argenium,
807 3501 889 3581 qaod
933 3518 987 3563 vos
1002 3501 1031 3560 in
1049 3499 1099 3560 die
1116 3497 1218 3560 iudicii
1236 3495 1442 3562 testimonium
1459 3496 1575 3566 dicent,
1591 3501 1621 3557 et
1637 3495 1738 3557 tineae
1750 3511 1787 3576 aa

19 3581 72 3645 lrlc
89 3583 246 3660 habesne
263 3585 429 3664 coelestem
442 3585 595 3647 civitatem
609 3586 773 3648 transferre
785 3587 890 3650 volae·
933 3599 1048 3664 aerugo
1073 3579 1245 3645 divitiarum
1270 3586 1437 3642 vestrarum
1460 3577 1492 3641 in
1520 3579 1622 3658 ignem
1644 3583 1784 3640 urentem

21 3682 80 3732 ris,
99 3663 188 3742 quod
205 3666 352 3743 utiane,si
369 3667 465 3746 sepis,
482 3667 607 3729 omuino
622 3667 726 3747 lactes,
743 3675 773 3732 et
787 3670 889 3748 ipsum
934 3669 1161 3739 convertentur,
1178 3663 1228 3741 qui
1246 3668 1371 3725 aeterno
1386 3668 1525 3739 tempore
1546 3675 1655 3722 carnes
1670 3667 1787 3753 vestras

22 3747 271 3826 incorruptibile
288 3750 361 3822 liei,
388 3756 419 3818 et
443 3748 497 3812 tibi
515 3749 652 3815 manebit
672 3752 703 3812 in
719 3758 889 3815 aeternam.
935 3747 1112 3822 devorabit,
1139 3751 1169 3808 ot
1185 3761 1348 3821 numanam
1372 3750 1555 3817 consumet,
1583 3750 1615 3806 nt
1629 3743 1709 3820 ignis
1726 3759 1788 3804 nnn

22 3829 92 3892 ilua
106 3830 195 3891 caim
208 3833 329 3893 mentiri
343 3837 442 3910 petest
453 3833 668 3912 vanitantium
683 3834 768 3897 dicit:
784 3833 890 3899 Vende
936 3835 1140 3910 extinguetur,
1157 3835 1187 3890 ei
1202 3827 1290 3890 dolor
1306 3844 1366 3890 non
1390 3826 1523 3890 liniatur.
1535 3823 1615 3906 Ergo
1631 3840 1700 3887 cum
1716 3823 1788 3894 Pro:

23 3929 116 3992 qaae
130 3910 279 3986 babeant
293 3914 338 3976 do
350 3913 561 3995 paupertina.
576 3922 604 3978 et
615 3915 745 3980 babebis
762 3919 889 3982 tircaan·
936 3915 1026 3996 pbeta
1041 3915 1126 3991 regio
1141 3909 1374 3972 concludamus:
1386 3909 1522 3972 Beatam
1533 3910 1689 4003 dicerunt
1700 3903 1789 3989 (stab

22 4013 103 4058 rum
120 3995 163 4057 a'n
179 3995 280 4071 cnam,
304 4006 336 4058 et
350 4000 409 4060 ulio
433 4000 523 4064 ineo:
549 3999 678 4062 tendite
692 4016 776 4078 qttae
791 4005 891 4080 poeai-
938 4001 957 4062 ti
972 4002 983 4076 )
996 3996 1154 4076 papatiam
1169 3993 1223 4055 cai
1237 3991 1317 4076 liaeo
1330 4003 1417 4060 anat.
1432 3992 1553 4054 divitiae
1565 3991 1708 4054 videlieet
1718 4004 1788 4051 exn·

24 4078 127 4153 detis,
146 4080 180 4140 et
194 4077 268 4144 anta
284 4081 543 4162 eleemesynam·
569 4081 665 4160 facite
679 4083 767 4146 nebia
780 4101 892 4149 socan·
939 4083 1106 4145 bematis:
1129 4091 1161 4137 re
1177 4082 1277 4141 antem
1294 4075 1674 4154 vcra,1taatnapapntaa,
1696 4075 1789 4136 anius

26 4163 91 4231 tos,
111 4159 178 4238 qni
191 4177 260 4224 noa
274 4168 498 4240 veterascant,
525 4127 714 4230 tirasonam
737 4183 805 4231 non
818 4167 895 4246 aati·
938 4164 1096 4231 llominoa
1110 4160 1194 4225 iletre
1208 4158 1291 4224 cina.
1586 4251 1587 4254 Ἴ

26 4247 179 4306 aientem
189 4245 228 4306 tn
238 4247 338 4319 eaelo,
351 4262 413 4326 qao
427 4247 482 4326 fot·
492 4263 560 4310 non
574 4250 778 4329 appropriat,
790 4267 906 4332 neque,

26 4327 127 4389 tinea
140 4328 364 4408 concammio
376 4328 574 4394 incrudelites
586 4331 895 4398 tiliorumltoutinum!
1194 4323 1341 4390 GRADUS
1363 4319 1547 4398 QUARTUS·

26 4407 297 4488 premittitbomo
324 4413 455 4474 mendax
480 4415 588 4476 decern
616 4430 671 4493 pro
696 4422 842 4494 eentum,
866 4423 898 4480 ei

28 4499 154 4556 sortem
174 4491 324 4574 integram
348 4495 497 4558 mutuanti
512 4511 547 4560 se
573 4505 873 4576 repraesentaturum
888 4545 896 4571 ,
1100 4495 1160 4570 ,tia
1175 4489 1435 4555 consideratione
1450 4490 1627 4568 lanarum,

28 4579 65 4636 et
81 4573 226 4638 creditur
240 4575 291 4650 ai,
318 4577 487 4655 promittit,
511 4580 562 4656 qni
579 4581 700 4642 mentiri
717 4597 778 4644 nan
796 4588 898 4659 potest
1173 4575 1402 4654 capraeapae
1415 4571 1568 4650 fantiam.

29 4659 133 4731 Deus,
149 4655 236 4717 denti
248 4658 476 4740 eleemosynam
491 4663 668 4726 ttvesauranr
685 4663 715 4725 in
732 4664 898 4738 coela,imo
1470 4691 1473 4696 ·
1688 4733 1694 4746 ,

30 4743 130 4802 ctiam
147 4743 275 4801 centnm
293 4758 347 4819 pro
363 4760 437 4815 nun,
455 4751 486 4806 ei
498 4745 589 4808 vitam
602 4752 756 4809 aeternam
773 4765 807 4808 se
830 4749 898 4810 red·
986 4741 1164 4811 Secundam
1179 4740 1281 4803 locum
1308 4738 1389 4802 inter
1413 4737 1565 4800 elementa
1592 4734 1694 4798 blanda
1712 4738 1795 4796 tenet

30 4824 191 4896 diturum,
208 4829 240 4886 et
255 4827 385 4901 trepidet
399 4842 509 4890 avarus
522 4827 628 4901 homo,
652 4845 711 4892 nee
736 4831 824 4894 iaeile
846 4831 897 4892 ad·
944 4846 1035 4910 anae.
1050 4827 1095 4890 Ex
1110 4842 1144 4894 ea
1160 4839 1283 4902 quaeue
1307 4824 1333 4884 si
1356 4829 1438 4884 recte
1456 4820 1656 4912 inspicietur,
1684 4817 1797 4911 graduis

32 4909 108 4968 daci
128 4911 246 4984 potest,
263 4912 297 4969 ut
311 4909 426 4982 credat,
443 4917 474 4972 ei
488 4909 600 4974 metult
617 4911 795 4976 thesaurum
809 4929 899 4984 suum
945 4909 1140 4976 ascensionis
1168 4907 1200 4969 ia
1227 4904 1324 4967 Deam
1354 4905 1489 4966 construi
1518 4905 1639 4996 poterii.
1668 4899 1712 4962 bc
1727 4914 1798 4994 'prr-

30 4987 253 5065 abscondere,
269 4989 322 5054 ubi
336 5007 452 5072 aerugo
467 4989 642 5066 consumit,
671 5000 703 5056 et
727 4993 811 5058 lares
827 4993 900 5059 ello·
944 4987 1026 5058 marn
1043 5007 1152 5072 aquam
1168 4987 1312 5072 universo
1326 5002 1362 5050 se
1377 4983 1662 5078 considerabimus:
1686 4982 1798 5044 deinde

34 5071 144 5148 diunt,
163 5078 195 5132 ct
210 5069 358 5148 iurantur,
375 5091 464 5154 qnam
480 5075 510 5138 in
533 5077 620 5140 coelo
640 5092 816 5156 reponere,
839 5095 901 5156 nan
947 5077 1115 5150 specialem
1132 5067 1350 5138 ascensionem
1366 5069 1397 5132 ia
1411 5067 1511 5132 Deam
1534 5083 1553 5130 c
1574 5066 1713 5148 lontibus
1726 5066 1801 5128 ban·

31 5157 88 5216 lur
104 5168 171 5216 non
188 5157 376 5234 appropriet,
394 5173 495 5236 aeque
519 5175 634 5240 aerugo
660 5163 825 5226 consuevit.
841 5161 901 5224 Sed
948 5166 1076 5225 riemus.

34 5247 135 5298 atram
152 5253 180 5300 st
197 5237 363 5312 alienando
377 5256 479 5320 neque
502 5241 586 5305 lares
611 5241 772 5321 calerent,
800 5259 902 5324 neque
987 5242 1072 5324 Aqua
1088 5236 1334 5308 nominamini
1349 5231 1509 5314 trigidaac
1522 5247 1577 5310 per
1590 5231 1651 5294 ¹¹⁰⁰
1662 5230 1799 5324 quintil?
1814 5271 1817 5280 ·

34 5322 140 5392 tinen,
154 5318 203 5382 vel
218 5335 331 5400 ecrvrgu
343 5329 527 5402 corrumpat,
541 5341 620 5403 quae
635 5330 719 5388 tanto
732 5327 837 5389 labore
852 5345 903 5404 pa·
948 5325 1039 5390 veluti
1056 5321 1257 5401 proprietates
1279 5319 1394 5394 babet,
1422 5332 1491 5380 ¹¹³¹ss
1517 5317 1594 5380 litii
1610 5320 1640 5378 el
1654 5317 1802 5390 ibslssiiilt

34 5407 134 5473 rasti,
152 5408 184 5464 et
199 5405 400 5483 conservasti,
417 5405 542 5468 ohcmn
558 5407 678 5484 inlelix,
695 5409 785 5472 cuias
799 5410 904 5474 cranii
949 5407 1104 5474 macutes:
1121 5401 1270 5482 extinguit
1286 5402 1406 5488 ignem:
1430 5398 1588 5476 reirtgerat
1603 5404 1802 5493 actemperat

37 5491 94 5548 tna
113 5491 203 5547 certe
218 5501 280 5550 non
297 5493 408 5568 erunt,
432 5489 522 5552 catus
538 5493 637 5554 amen
655 5506 725 5555 csse
740 5497 902 5572 poteraut,
950 5491 1088 5560 arderem
1105 5488 1196 5550 sitis:
1214 5483 1371 5572 coniungit
1386 5499 1436 5545 res
1450 5482 1559 5544 ciuitas
1571 5498 1606 5544 aa
1622 5483 1757 5573 diversas
1771 5493 1802 5539 rn

39 5569 70 5628 si
92 5585 150 5647 par
178 5585 288 5632 aranas
314 5587 482 5649 pauperum
510 5573 539 5634 in
565 5573 718 5640 coelestes
744 5575 905 5638 thesauros
952 5559 1805 5658 anam:daniqacaaampraianuedescendat,tomello

37 5650 278 5717 transtulisses.
293 5651 373 5718 Usns
388 5655 512 5732 auidam
529 5655 639 5736 docet,
667 5674 701 5722 cu
722 5653 804 5740 'qaue
825 5659 905 5732 arari
951 5646 1103 5726 aseendit.
1116 5653 1198 5718 Hace
1213 5653 1313 5716 omnia
1331 5647 1489 5714 manifeste
1503 5654 1573 5712 sant
1585 5645 1804 5724 stabulante

124 5749 285 5809 Beabanatai
301 5752 359 5812 l'ol.¹
373 5752 416 5812 t'i.
1554 5745 1588 5803 29
