4044 6256
265 305 318 366 ddi
888 301 968 377 tlttt
988 301 1182 362 tflnouostl
1203 302 1330 362 tuella.

200 460 212 501 u
232 438 368 502 nondsus
394 437 456 498 truc
483 435 566 510 reni,
585 435 709 514 porrige
726 433 884 496 dexteram
912 439 1006 508 tuam,
1024 451 1064 496 ne
1110 448 1177 496 rum
1194 433 1362 513 diligenter
1387 437 1599 513 cognoscant:
1623 431 1715 494 tacite
1742 429 1835 496 enim
1870 443 1942 490 esse
1957 439 2004 489 er*

199 542 210 580 r
229 521 304 580 torte
317 521 423 579 dicant
435 525 557 597 gentes,
573 518 625 580 ubi
638 524 686 579 est
699 517 781 577 lleus
797 517 929 578 coronat
941 523 970 578 et
978 531 1064 596 pou·
1110 515 1221 593 spoliis
1236 531 1400 578 numerum
1418 517 1609 594 perdiscere.
1626 514 1682 578 Cui
1695 513 1834 577 orationi
1850 509 1980 573 elienses

199 623 211 663 a
232 604 261 662 to
276 607 358 678 post,
377 600 498 662 Etenim
515 606 707 678 compartum
723 601 783 670 cst,
801 602 872 676 pria
895 606 965 676 post
979 599 1066 660 ittam
1111 597 1294 675 imperator,
1310 599 1396 660 misit
1419 598 1558 674 nuntios,
1584 597 1637 677 qui
1653 611 1704 659 res
1720 602 1834 676 gestas
1854 595 1980 672 explora-

198 705 211 744 c
231 683 429 758 imperatoris
446 697 583 759 precem,
600 696 691 758 quam
707 673 778 742 Deo
796 678 929 753 luderet,
954 687 1066 743 tentus
1111 684 1192 751 rent,
1216 681 1621 757 einerepostnamclerront.
1639 677 1713 740 Doni
1738 681 1853 742 aulem
1880 677 1980 751 optino

198 785 211 826 n
230 768 267 824 ite
284 765 457 828 uehemens
473 769 598 826 exortus
615 769 675 835 est,
692 767 724 825 ut
739 761 798 824 tnla
812 762 946 824 bostium
964 761 995 824 io
1009 777 1064 826 eos
1111 759 1288 823 Theodosio
1305 763 1426 825 interim
1443 763 1525 840 apud
1555 760 1733 826 Gratianum
1762 763 1978 822 commoranti.

199 867 211 906 u
230 848 281 924 <put
313 848 462 921 iecerunt,
491 851 708 920 retorqueret:
736 860 872 922 cumque
889 860 1008 922 ¹magua
1033 847 1063 906 ni
1111 843 1215 904 utrina
1231 844 1383 922 quaedum
1400 845 1477 906 risio
1489 845 1527 906 ab
1540 844 1759 922 ipsoomnium
1773 843 1919 906 Rectore
1933 842 1979 900 lter

199 950 211 989 r
232 927 419 1002 persistente
435 932 538 994 uento,
556 941 649 988 orons
665 927 802 988 iaculum
816 927 944 988 missum
958 927 1000 988 ab
1009 927 1064 989 bo·
1108 923 1233 988 obiectu
1250 930 1310 988 est.
1327 925 1496 988 Videbatur
1511 928 1594 989 cuim
1611 925 1719 986 ridere
1735 926 1884 987 diuinum
1901 922 1980 984 liele-

198 1030 211 1070 u
229 1013 331 1072 stibus
344 1009 541 1072 frustraretur
555 1025 564 1085 3
577 1007 674 1070 lraoto
686 1007 934 1070 aduersariorum
948 1009 1063 1082 animo,
1113 1007 1187 1067 tium
1201 1002 1360 1071 Ecclesiae
1369 1008 1582 1080 Antiochense
1595 1007 1785 1085 praesulem,
1796 1006 1980 1068 chlamidem

199 1111 212 1152 n
229 1108 283 1154 seu
302 1091 405 1170 potius
420 1088 568 1152 divinitus
583 1090 736 1168 repulso;
759 1088 920 1167 Eugenius
936 1087 1066 1173 (Tyron
1112 1089 1173 1150 sibi
1188 1089 1421 1167 imperatorium
1438 1090 1579 1163 iniicere,
1594 1096 1625 1150 et
1647 1103 1795 1151 coronam
1813 1089 1861 1150 illi
1881 1088 1979 1148 boemi

199 1195 211 1235 u
230 1171 303 1254 nus)
325 1178 396 1235 aute
418 1170 586 1234 Theodosii
614 1173 722 1247 pedes,
750 1175 861 1233 vinctis
887 1180 957 1248 post
979 1179 1064 1252 terga
1112 1171 1352 1234 convenientem
1368 1173 1460 1248 capiti
1485 1172 1661 1251 imponere.
1689 1170 1774 1244 Quae
1803 1187 1879 1232 cum
1898 1183 1981 1230 neela

197 1277 209 1316 r
229 1256 372 1317 oronites
396 1253 574 1329 ondoniton,
600 1253 708 1330 totoue
735 1253 907 1316 nursinae
934 1255 1016 1331 elus,
1035 1263 1065 1318 ct
1111 1252 1286 1316 renaudum
1300 1253 1435 1332 quietern
1448 1253 1591 1330 didisset,
1607 1255 1703 1331 priora
1719 1254 1794 1316 luce
1807 1251 1935 1314 cuidam
1951 1273 1980 1314 er

198 1358 210 1399 n
229 1336 390 1399 certamini
407 1335 464 1399 luit
481 1353 509 1398 u.
526 1334 570 1396 Er
585 1335 635 1398 bis
658 1341 790 1412 quatuor
815 1337 959 1404 testibus,
977 1339 1064 1399 omni
1112 1335 1314 1398 familiaribus
1340 1335 1497 1398 indicarit.
1525 1336 1582 1398 lile
1608 1336 1763 1398 somnium
1781 1333 1975 1396 manifestum

195 1420 256 1479 lide
272 1417 480 1497 dignissimis,
510 1415 600 1479 lucile
628 1423 730 1495 potest
760 1417 904 1498 intelligi.
922 1420 1064 1484 Tlreodo·
1111 1415 1286 1479 essedixil.
1314 1417 1355 1478 dn
1372 1419 1519 1494 perpauci
1543 1418 1611 1480 dies
1636 1419 1695 1478 iam
1723 1417 1977 1490 intercesserant,

195 1505 274 1562 sium
292 1507 444 1576 nostrum,
463 1516 524 1561 oon
541 1498 641 1562 solum
660 1499 744 1576 pium
761 1501 859 1561 tuisse
874 1500 1063 1580 Principem,
1113 1515 1184 1577 cum
1201 1498 1333 1562 redeunt
1348 1501 1458 1577 nuntii,
1476 1499 1528 1578 qui
1545 1501 1581 1562 ad
1603 1517 1655 1562 res
1681 1518 1696 1560 a
1724 1499 1911 1561 Theodosio
1936 1517 1979 1576 ge-

194 1585 250 1642 sed
265 1583 356 1644 etiem
373 1599 443 1645 cum
458 1581 556 1657 Mose,
573 1589 602 1642 ει
617 1583 718 1650 tosus,
737 1599 806 1642 cum
817 1582 1065 1660 liaridc,etEne·
1111 1587 1176 1641 stas
1187 1582 1565 1661 cognoscendas-proiecti
1579 1583 1727 1655 luissentp
1742 1582 1974 1656 retuleruntque

194 1665 262 1726 ciria
281 1680 376 1743 posse
392 1663 539 1733 conferri,
556 1663 595 1724 ed
611 1679 743 1740 quorum
760 1680 871 1744 preces
883 1664 980 1739 Deus,
994 1683 1063 1728 cum
1112 1663 1264 1739 permulta
1278 1663 1477 1727 barbarorum
1493 1664 1587 1725 millia
1603 1665 1754 1726 trucidata
1771 1679 1859 1726 esse.
1880 1664 1975 1737 ltapue

195 1762 301 1808 eorum
317 1746 461 1809 hostibus
477 1746 640 1807 manilcstc
658 1745 825 1825 pugnabat.
1112 1743 1284 1821 Imperator
1310 1745 1369 1807 iam
1398 1763 1453 1823 pro
1476 1752 1561 1808 certo
1585 1743 1770 1822 persuasum
1788 1745 1928 1806 babens.
1950 1763 1975 1806 se

237 1829 298 1892 Sed
315 1835 347 1891 ul
363 1828 475 1891 ordine
492 1843 544 1889 rcs
558 1829 626 1888 eius
641 1834 749 1908 gestae
772 1828 997 1907 intelligantur,
1013 1832 1067 1891 ad·
1111 1841 1174 1887 oon
1191 1827 1261 1889 sine
1276 1843 1398 1889 summo
1412 1829 1535 1906 imperii
1550 1829 1798 1890 commodorum
1812 1827 1974 1905 delegisse.

194 1911 332 1974 triremos
347 1911 378 1972 io
395 1910 533 1972 madium
555 1925 591 1972 ec
614 1913 731 1983 omnia,
747 1925 828 1987 quaa
850 1911 1066 1976 Ebcodorctus
1110 1906 1345 1985 Imperatorem»
1362 1926 1485 1986 quoorre
1508 1909 1692 1988 designarit.
1717 1916 1746 1968 el
1769 1909 1835 1970 11115
1859 1909 1975 1987 tmperi

194 1992 226 2053 iu
244 1994 370 2056 historia
386 2009 441 2054 sua
456 1991 556 2054 literis
573 1992 728 2064 mandarit
740 2010 752 2052 .·
765 1993 904 2068 quamuis
919 1995 1001 2056 enirn
1014 2011 1066 2058 rcs
1112 1987 1263 2068 pertibus,
1288 2007 1365 2071 quas
1381 1992 1494 2054 Valens
1509 2001 1640 2072 rexerat,
1657 1993 1686 2053 ei
1704 1992 1898 2064 commissis,
1917 1993 1975 2067 ipse

194 2075 321 2137 eusdem
338 2075 481 2138 Socrates
494 2078 525 2135 et
537 2074 727 2136 sozomenus
740 2075 925 2153 scripserint
939 2095 946 2136 :
962 2081 1064 2139 tamen
1112 2073 1143 2133 lu
1170 2071 1287 2134 ltaliam
1317 2075 1489 2143 contendit,
1500 2073 1780 2154 ¹'theodosiumque
1796 2071 1828 2134 io
1850 2074 1973 2149 Imperii

196 2156 412 2220 Theodoretus
429 2155 536 2217 maiori
551 2154 613 2217 ilde
628 2159 744 2235 dignus
760 2163 906 2236 est;cum
924 2159 1065 2222 Socrates
1111 2157 1217 2232 partes
1231 2153 1262 2216 ci
1277 2155 1451 2232 assignatus
1467 2155 1594 2218 dimisit.
1611 2155 1668 2228 Qui
1687 2160 1719 2218 ut
1731 2157 1867 2235 primum
1886 2156 1977 2234 impe·

193 2238 497 2301 etSoeomcnuslabe
510 2237 871 2300 haereseosltovutianoe
883 2239 988 2302 inlecti
1001 2242 1065 2302 tue·
1113 2237 1194 2296 tium
1210 2237 1354 2312 obtinuit,
1380 2236 1542 2304 Ecclesils.
1567 2253 1641 2317 proc
1657 2240 1772 2299 ceteris
1786 2239 1896 2306 rebus.
1914 2240 1974 2298 dili-

194 2319 255 2382 rint
269 2340 277 2399 ;
294 2328 324 2384 et
339 2322 379 2384 de
392 2322 563 2384 sozomeno
586 2319 744 2382 scribebat
759 2326 886 2383 sanctus
898 2321 1066 2400 Gregorius
1114 2325 1224 2394 genter
1240 2321 1421 2397 prospicere
1437 2321 1551 2394 coepit,
1568 2326 1599 2380 et
1625 2324 1657 2381 ut
1672 2318 1819 2396 Episcopi
1836 2335 1914 2382 suae
1936 2323 1975 2381 di·

193 2405 225 2461 in
242 2402 374 2481 epistola
391 2405 427 2464 ad
440 2401 607 2481 Eulogium
620 2401 808 2481 Episcopum
822 2403 1062 2467 Alexandrinum
1113 2399 1218 2472 tionis,
1249 2399 1548 2479 Constantinopolim
1565 2402 1611 2464 ire
1639 2409 1803 2470 maturent,
1821 2403 1975 2464 admouet.

194 2484 402 2547 Sonomenum
420 2487 449 2545 in
474 2485 603 2546 historia
626 2499 681 2546 sua
699 2485 793 2545 multa
819 2486 965 2546 mentiri:
984 2488 1067 2564 quod
1113 2480 1186 2544 Nam
1203 2483 1269 2544 sole
1284 2497 1319 2545 ca
1335 2485 1459 2562 imperii
1473 2500 1544 2559 pars
1558 2483 1669 2546 Ariana
1682 2483 1752 2546 labe
1765 2483 1883 2561 passim
1898 2501 1975 2545 cum-

197 2573 288 2626 etram
306 2567 345 2630 de
358 2567 483 2630 Socrate
499 2564 562 2628 dict
576 2571 691 2646 potest,
705 2573 737 2626 ut
753 2581 811 2627 nos
827 2569 1022 2631 ostendimus
1034 2571 1064 2632 ip
1114 2564 1264 2627 maculata
1279 2564 1359 2626 luit:
1378 2581 1449 2643 pers
1471 2569 1571 2628 autern
1596 2583 1705 2628 uersus
1728 2567 1927 2628 occidentem
1943 2567 1974 2628 ab

193 2647 275 2710 libro
291 2648 330 2712 dn
346 2648 471 2714 clericis
487 2649 589 2723 capite
602 2647 765 2710 vicesimo.
789 2648 841 2710 Sic
857 2649 950 2728 igitur
965 2651 1064 2713 Eheu·
1113 2659 1148 2707 ca
1166 2647 1263 2708 libera
1280 2647 1471 2726 permansit3
1486 2646 1644 2726 siquidem
1663 2647 1884 2709 Constantinus
1900 2649 1974 2710 ttius

194 2730 322 2792 docatus
343 2731 463 2792 scribit.
480 2731 539 2792 Per
554 2731 636 2792 idem
654 2737 777 2808 tempus
793 2728 1003 2810 Theodosius,
1021 2733 1065 2796 rir
1113 2726 1307 2791 Constantini
1323 2730 1421 2807 llegni
1437 2735 1508 2794 natu
1525 2733 1689 2799 maximus,
1706 2737 1736 2789 ct
1757 2727 1914 2792 Constans
1926 2734 1973 2791 mi-

195 2829 264 2873 curn
281 2812 321 2874 nb
335 2813 484 2874 matorum
501 2813 716 2890 splendorem,
732 2819 793 2875 tum
810 2813 851 2875 ob
863 2829 951 2876 suam
964 2815 1065 2893 ipsios
1113 2811 1218 2872 nimos
1240 2816 1325 2890 netu,
1351 2820 1510 2889 paternam
1533 2811 1626 2874 tidem
1649 2813 1799 2888 integram
1816 2827 1973 2874 cousecra-

194 2894 412 2956 lortitudincm
428 2893 633 2971 percelebris,
651 2898 683 2955 ει
695 2903 857 2971 propterea
870 2894 902 2958 in
916 2898 1063 2959 insidiam
1111 2890 1187 2954 bont
1205 2911 1213 2952 τ
1234 2893 1309 2968 onia
1335 2895 1426 2955 etiam
1454 2893 1690 2957 Valentinianus
1703 2894 1878 2971 Imperator
1893 2893 1972 2956 Ocri·

194 2991 258 3038 non
275 2976 392 3040 abillis
408 2977 513 3047 modo,
530 2976 582 3052 qui
605 2991 698 3054 pares
724 2985 811 3038 eraut
835 2976 997 3059 dignitate,
1014 2995 1065 3044 re·
1112 2975 1228 3051 dentis,
1245 2991 1349 3038 reram
1365 2977 1510 3051 pietatem
1533 2989 1707 3055 synceram,
1725 2984 1756 3036 et
1769 2977 1971 3054 incorruptam

193 3074 261 3120 rum
278 3059 398 3122 etiamn
415 3056 679 3131 tribunibus'suis,
694 3066 832 3132 pacatum
846 3059 1063 3138 inlliepaniam
1112 3057 1323 3121 custodiebat.
1352 3057 1482 3137 Imperii
1509 3075 1583 3122 nero
1598 3073 1681 3136 pars,
1698 3071 1779 3136 quae
1795 3066 1917 3136 spectat
1939 3067 1970 3121 ad

195 3140 249 3202 ubi
266 3147 296 3202 et
311 3148 403 3204 uatus
418 3147 494 3218 eret,
511 3148 542 3204 et
557 3143 722 3217 educatus,
744 3149 875 3204 aetatem
892 3144 989 3222 degit.
1005 3144 1065 3206 Ita·
1113 3138 1273 3202 Orientem
1296 3155 1338 3203 nx
1352 3145 1518 3205 multorum
1549 3143 1687 3218 nequitia
1714 3143 1856 3202 ananam
1878 3142 1970 3204 tabem

195 3241 256 3302 que
273 3221 446 3306 Imperator
462 3225 600 3286 incertus
623 3225 717 3284 animi
736 3225 809 3302 quid
827 3233 944 3303 egeret,
962 3225 1065 3308 (quip-
1113 3230 1277 3301 contrusit,
1294 3223 1335 3285 ob
1351 3223 1477 3285 nimium
1499 3223 1671 3287 Constantii
1693 3221 1896 3302 Imperatoris
1910 3225 1972 3287 iaci

195 3323 235 3384 pe
253 3306 401 3368 barbaros
416 3309 496 3368 adeo
512 3307 685 3369 insolenter
700 3305 848 3370 effecerat
869 3309 1012 3381 victorio,
1034 3317 1066 3372 ut
1115 3303 1303 3380 ttionemn
1329 3306 1504 3385 improbam
1529 3306 1670 3372 Valentis
1685 3307 1759 3368 item
1781 3305 1972 3386 imperatoris

195 3387 339 3452 dilliniles
364 3389 530 3451 admodum
559 3393 736 3467 expugnatu
763 3395 833 3453 tum.
854 3397 975 3463 esseut,
1002 3400 1065 3454 tom
1114 3388 1294 3464 nemritiam.
1764 3405 1767 3410 ·

194 3471 407 3548 riderentur)=
423 3473 545 3533 landem
561 3472 622 3533 sibi
635 3473 802 3548 persuasit,
817 3472 843 3532 ει
855 3470 1064 3536 theodosium
1157 3469 1314 3534 Paridem
1337 3476 1458 3550 tempus
1480 3471 1596 3536 lustina
1613 3469 1822 3536 Valentiniani
1842 3473 1968 3534 senioris

197 3553 313 3616 [lucem
329 3553 409 3616 balli·
420 3553 549 3634 gerendi
568 3557 785 3626 constitueret,
809 3554 979 3628 Imperium
1004 3573 1066 3618 ma·
1114 3554 1238 3630 coniux,
1253 3552 1500 3616 ervarenrmnnr
1512 3555 1764 3628 iuniorismeter‚
1779 3553 1910 3616 trienne
1922 3555 1968 3616 do·

198 3635 249 3708 lis,
275 3640 306 3696 in
323 3636 439 3712 cuibus
466 3635 659 3709 versabatur,
685 3637 813 3716 penitus
835 3637 998 3700 liberatum
1015 3639 1065 3700 iri.
1108 3633 1233 3698 'cirione
1246 3636 1380 3706 semina,
1395 3652 1474 3716 quae
1486 3637 1729 3700 utrantorsarito
1741 3637 1900 3700 multare
1913 3644 1969 3699 stu·

197 3717 298 3790 Quare
313 3717 477 3782 cocleatim
494 3717 705 3781 'theodosium
729 3725 836 3781 euocat
851 3735 887 3780 ex
905 3719 1065 3799 Hispania,
1115 3717 1192 3793 duit,
1210 3724 1278 3780 cum
1296 3717 1351 3780 dlii
1365 3720 1413 3780 sui
1431 3720 1554 3781 mollem
1567 3725 1622 3790 ..ει
1642 3719 1812 3780 flexibilem
1835 3721 1966 3780 aninum

197 3800 308 3860 ducem
327 3805 422 3878 creet,
440 3807 471 3862 et
486 3814 556 3865 cunr
571 3799 722 3872 exercitu,
740 3816 832 3878 quem
850 3803 880 3862 in
894 3819 989 3864 onum
1002 3804 1067 3864 nol·
1114 3808 1279 3879 cerneret3
1307 3800 1446 3878 prolerre
1468 3801 1576 3880 coepit
1601 3801 1763 3863 audacius.
1785 3800 1970 3863 Adolescens

198 3881 330 3957 legerat,
348 3881 451 3944 mittit.
468 3881 526 3954 Qui
542 3883 604 3944 ilde
620 3883 841 3955 communitus,
856 3885 948 3945 alacri
964 3886 1068 3947 animo
1113 3889 1218 3944 autem
1233 3883 1337 3944 matris
1353 3885 1468 3946 monita
1482 3885 1554 3946 osui
1570 3883 1635 3945 iore
1647 3883 1825 3959 arbitratus,
1842 3887 1970 3961 primum

197 3969 231 4026 ct
244 3965 437 4040 erecto,.itcr
449 3964 582 4042 suscipit
596 3981 605 4024 ε
622 3965 654 4025 ει
667 3963 831 4042 ingressus
847 3965 878 4026 in
892 3966 1065 4039 Thraciam,
1113 3979 1183 4026 cum
1191 3965 1356 4028 Ambrosio
1366 3967 1586 4042 communicat,
1600 3971 1686 4028 ratus
1697 3966 1723 4026 sl
1738 3967 1822 4028 bunc
1835 3967 1873 4027 ad
1886 3983 1967 4028 suam

198 4045 416 4123 barbarosque
439 4063 477 4110 ex
504 4049 635 4109 adverso
661 4050 824 4108 venientes
848 4050 1066 4127 conspicatus;
1115 4047 1301 4117 perduceret
1322 4050 1520 4120 senentiam,
1544 4061 1580 4114 se
1602 4049 1680 4110 otios
1699 4047 1790 4110 incito
1812 4055 1968 4127 superam

199 4127 298 4190 eninm
314 4129 407 4192 ueluti
422 4127 575 4208 praelium
591 4128 728 4192 tacturus
751 4129 897 4192 instruit:
922 4131 999 4193 lacta
1016 4147 1068 4194 au·
1095 4160 1096 4166 κ
1114 4145 1194 4192 rum.
1210 4129 1247 4192 tr
1262 4129 1444 4194 ambrosius
1466 4137 1590 4193 retonat
1610 4129 1660 4192 itti
1677 4130 1710 4192 in
1726 4132 1906 4193 memoriam
1922 4147 1968 4208 pa·

199 4216 262 4271 tem
288 4211 347 4273 leri
375 4225 491 4290 pugna,
519 4226 589 4273 num
607 4210 728 4275 barbari
744 4211 955 4274 Rornanorum
970 4213 1069 4292 impe·
1115 4218 1239 4274 ternam»
1262 4217 1404 4290 pictatem
1420 4232 1432 4293 p
1451 4219 1482 4276 cl
1498 4215 1597 4276 simul
1619 4215 1745 4290 saponis
1766 4215 1967 4275 doctrinarum

199 4297 266 4354 tam
276 4295 433 4364 sustinere
445 4299 661 4373 nonposscnt,
677 4293 961 4358 oclemideserunt:
976 4303 1069 4374 atque
1117 4291 1337 4368 differentiam,
1354 4301 1384 4358 ct
1407 4311 1468 4374 quo
1491 4296 1583 4358 modo
1605 4295 1696 4364 baec.
1711 4295 1749 4357 id
1765 4301 1825 4372 est,
1844 4295 1968 4358 Galbuli

200 4378 284 4452 terga
312 4376 423 4439 dantes
449 4377 548 4456 logne
569 4391 605 4440 sc
634 4376 792 4452 mundent,
820 4393 899 4455 quos
925 4378 1067 4453 Romani,
1110 4391 1268 4448 *caenum
1285 4376 1840 4458 doctrinaliomtnictlupustolorum
1859 4379 1970 4456 praedi·

201 4461 350 4534 quantum
365 4463 519 4536 poterant,
537 4463 781 4538 persequuntur,
805 4473 980 4540 magnaque
1001 4463 1069 4524 bar·
1118 4460 1239 4522 catione
1254 4462 1454 4539 conventuum
1471 4461 1644 4537 lllaerero,
1661 4461 1770 4534 idest,
1787 4461 1969 4527 baereticae.

201 4539 347 4601 baronum
364 4543 405 4602 sit
429 4541 556 4604 candes.
572 4542 646 4605 Nem
670 4555 732 4604 non
760 4543 939 4605 allemanie
955 4544 1067 4616 solaro,
1115 4541 1155 4602 ab
1172 4546 1306 4620 utronno
1316 4542 1517 4620 dissentiente
1534 4550 1562 4605 et
1579 4543 1703 4620 tegibus
1718 4541 1892 4616 Ecclesiae,
1909 4543 1971 4618 spi

202 4621 258 4704 sed
274 4623 314 4683 ab
330 4637 365 4685 se
381 4631 487 4686 mutuo
503 4623 657 4686 interlecti
674 4625 867 4688 ceciderunt.
887 4625 1069 4699 Quarecum
1115 4625 1195 4686 ritus
1218 4627 1314 4688 sancti
1340 4627 1489 4688 instinctu
1516 4627 1668 4700 sancitis,
1693 4625 1864 4704 perspicuo
1888 4641 1972 4704 repu-

202 4705 423 4782 quumplurimi
439 4712 546 4768 essent
562 4707 599 4768 ad
616 4708 702 4768 trono
719 4710 844 4769 modum
860 4709 1023 4770 trucidati:
1040 4714 1071 4772 ct
1107 4712 1225 4786 guent.
1244 4707 1433 4770 tumescens
1454 4723 1546 4784 roro,
1569 4714 1676 4788 utpote
1696 4709 1897 4782 adolescens,
1914 4716 1970 4770 eta

204 4787 294 4860 pauci
318 4789 370 4864 qui
394 4789 491 4852 latere
514 4795 679 4866 potuerant
695 4789 818 4851 'istrum
850 4792 1068 4854 traiecissent:
1117 4795 1214 4852 matre
1228 4805 1333 4853 errore
1349 4797 1470 4853 caecata
1494 4790 1664 4870 incitatus3
1688 4798 1806 4853 mutum
1823 4790 1970 4853 aberatut

194 4865 271 4961 Eur
287 4868 339 4930 ille
356 4871 448 4951 longe
462 4871 746 4948 praestantissimus
758 4869 963 4950 Theodosius,
973 4873 1071 4953 copiis
1116 4871 1271 4934 Ambrosii
1286 4873 1416 4935 orationi
1431 4875 1648 4950 assentiretur,
1662 4880 1696 4935 ut
1711 4875 1804 4934 etiam
1817 4874 1969 4934 iracundia

140 5003 143 5012 ,
205 4965 273 5010 suls
288 4951 320 5010 in
335 4951 434 5015 tlrbes
449 4955 567 5016 alcinon
583 4953 769 5025 distributis,
794 4959 831 5016 ad
848 4955 1070 5034 imperatorem
1117 4952 1336 5030 inflammatus,
1354 4955 1514 5018 Ecclesiae
1541 4954 1675 5032 parietes
1701 4955 1811 5018 tornis
1837 4957 1969 5032 peditum

199 5030 383 5094 -tlrotianum
399 5039 573 5102 celerrime.
589 5051 651 5112 uuo
663 5051 738 5100 snae
751 5036 895 5101 uictoriae
909 5038 978 5118 ipse
993 5051 1072 5102 nun·
1117 5041 1183 5100 tutu
1197 5039 1292 5117 graui,
1310 5045 1374 5099 turn
1389 5037 1449 5100 leri
1464 5045 1616 5100 armatura
1634 5043 1798 5110 tectorum,
1816 5038 1970 5100 circumsi-

205 5107 272 5176 tlo‘s
296 5122 398 5193 esset,
419 5119 639 5196 proficiscitur.
669 5119 1070 5199 dimiseratsedens,
1118 5120 1219 5182 dccet.
1236 5119 1293 5183 Ubi
1320 5124 1421 5182 autem
1450 5120 1654 5183 iustissimum
1682 5121 1769 5183 illum
1796 5119 1971 5182 bellatorem

206 5196 289 5274 quod
300 5199 457 5276 narrabat,
471 5217 510 5262 nc
526 5201 688 5264 credibilia
700 5204 825 5277 cuidem
838 5208 971 5281 putaret,
986 5210 1016 5266 ct
1031 5204 1073 5266 lc·
1118 5202 1169 5264 bls
1184 5204 1279 5266 rebus
1296 5203 1423 5264 minime
1439 5205 1698 5280 perterretaotum
1713 5203 1800 5266 ridet
1815 5197 1884 5284 (eas
1897 5205 1972 5264 enirn

207 5281 291 5340 ctum
319 5295 413 5357 supra
439 5283 563 5345 modurn
581 5285 766 5348 miraretur:
784 5286 841 5361 illi,
858 5300 937 5366 quos
953 5286 1071 5349 stimuli
1118 5297 1174 5363 pro
1186 5286 1294 5352 larris
1309 5301 1388 5362 quae
1401 5285 1438 5346 ad
1453 5286 1615 5348 terrendos
1629 5299 1746 5364 pueros
1756 5283 1851 5347 obiici
1865 5285 1971 5354 solent,

207 5362 389 5439 pungebant
402 5363 549 5438 invidiae,
565 5369 662 5438 aiunt,
680 5383 750 5430 eum
772 5366 864 5448 togae
880 5383 915 5433 sn
931 5368 1071 5443 dedisse,
1118 5367 1254 5431 ilabebat
1269 5363 1464 5450 euarestus)
1481 5373 1595 5430 tantem
1614 5367 1676 5430 bile
1691 5375 1865 5431 commotus
1878 5369 1971 5446 palum

209 5447 241 5502 et
254 5445 422 5509 exereitum
438 5448 594 5512 amisisse.
610 5450 807 5514 Theodosios
822 5452 915 5532 igitur
937 5452 1072 5530 postolat
1118 5453 1171 5513 det
1186 5451 1214 5512 el
1229 5449 1418 5526 mandatum,
1429 5459 1462 5512 ut
1473 5467 1490 5515 e
1501 5450 1582 5515 sueri
1596 5452 1702 5528 templi
1715 5449 1881 5515 restibulis
1892 5465 1971 5530 agre·

209 5522 339 5603 abillis,
368 5528 421 5609 qui
448 5531 710 5608 contradicerent,
728 5540 760 5596 ut
786 5533 914 5597 nuntios
940 5534 1070 5612 minant,
1116 5531 1325 5597 diatonium
1352 5533 1544 5611 tmbrostus,
1567 5533 1633 5596 lton
1659 5549 1729 5596 som
1751 5532 1848 5604 istud,
1865 5533 1969 5611 inquit,

209 5617 328 5686 perque
340 5627 399 5675 eos
423 5611 652 5678 multitudinem
678 5615 882 5681 barbarorum
897 5615 1072 5682 interlecto-
1109 5613 1266 5694 -bcturus',
1284 5627 1387 5696 usqae
1401 5615 1480 5681 crite
1496 5618 1598 5683 orium
1613 5611 1793 5696 proditurus
1808 5615 1911 5694 lopis3
1927 5633 1971 5678 nc·
