4048 6242
758 250 901 316 GRADUS
921 249 1235 315 bsbtuosreitrttis
1748 258 1801 316 sit

85 376 302 444 saeculorum
316 379 456 446 ordinem
471 375 542 461 ipse
555 381 737 459 coustituit,
753 387 784 447 ει
798 399 965 466 regnorum
1007 383 1141 464 abyssus
1156 387 1204 446 est
1218 381 1285 446 sine
1299 379 1360 446 ulia
1374 379 1604 462 computatione
1618 380 1800 461 profundior
1814 397 1860 446 ra-

84 463 337 538 sueccssioues
354 471 385 528 et
399 472 572 541 temporum
588 467 840 534 vicissitudines.
865 474 895 530 et
916 485 965 529 ra·
1009 461 1866 547 tiopraedestinationis‚etreprobationisaeternae,nam

82 546 229 610 rietates
249 547 364 626 abipsa
378 549 556 612 aeternitate
570 552 732 631 disposuit.
751 553 963 624 uibilnovum,
1009 567 1064 614 cur
1087 553 1167 614 Deus
1191 553 1300 613 multos
1326 552 1437 626 impios
1458 549 1681 627 temporalibus
1703 551 1794 614 bouis
1816 567 1868 638 re·-

83 630 180 692 nitril
197 649 258 694 nou
273 637 459 711 praevisum,
479 635 555 696 uitril
573 645 691 712 praeter
706 637 884 713 opinionem
905 637 964 698 lieo
1008 636 1111 713 pleat,
1139 645 1169 698 et
1192 645 1315 712 peecata
1331 651 1437 697 eorum
1453 635 1602 713 impunite
1620 637 1649 696 in
1667 636 1724 698 bac
1739 635 1796 696 rita
1815 651 1864 698 re·

83 712 247 778 accidere
269 717 581 791 paroecianorum
602 721 735 798 quidem
757 721 967 798 cogitationes
1009 720 1152 796 linquat:
1176 728 1206 780 et
1227 727 1344 794 eontra,
1373 737 1427 780 cur
1450 719 1562 782 multos
1584 720 1769 782 innoeentes
1790 735 1864 798 oge-

82 798 237 862 iimidee
251 807 338 872 sont,
356 805 386 863 et
406 808 550 864 incertae
571 805 796 881 procidentiae
820 813 962 879 costroe,
1008 807 1086 865 state
1105 807 1223 879 premi,
1248 812 1278 864 et
1294 807 1406 865 iniuste
1423 806 1533 872 taxari,
1552 808 1582 864 et
1596 801 1618 864 fl
1630 801 1758 882 gatteri,
1773 809 1867 878 atoue

83 886 124 940 ut
143 884 248 960 inquit
265 883 408 964 Sapiens,
426 902 570 959 quoniam
587 886 626 948 de
649 890 743 950 rebus
760 891 868 950 tuturis
886 889 963 948 urnii
1009 886 1107 950 occidi
1124 890 1287 966 pannium,
1305 905 1365 949 non
1382 891 1483 966 potest
1497 889 1621 963 cuidem
1639 907 1654 948 a
1673 886 1763 948 nobis
1779 886 1866 949 inre·

83 963 154 1025 nisi
182 964 309 1030 fatisces
335 969 529 1032 coniecturas
552 970 726 1048 babemus:
754 971 837 1033 licus
860 977 961 1032 autem
1008 973 1112 1050 stigari
1131 973 1169 1030 de
1182 972 1325 1047 singulis:
1341 975 1624 1048 passurrrustamen
1641 971 1670 1030 in
1688 971 1868 1032 universum

89 1062 165 1108 non
185 1048 290 1112 minos
305 1057 389 1114 certo
404 1053 505 1115 iuturo
517 1055 617 1114 omnia
634 1055 729 1126 norit,
743 1071 833 1133 quarn
847 1060 965 1129 practe-
1009 1069 1131 1116 oausam
1146 1053 1278 1128 aliquam
1294 1055 1493 1130 probabiliter
1504 1052 1768 1132 assignarebeus
1784 1057 1869 1114 euim

83 1131 223 1206 rita,rel
242 1139 524 1216 praesentiaatque
540 1139 570 1197 in
587 1144 689 1200 mente
703 1155 758 1200 sua
774 1146 843 1200 ante
860 1137 964 1198 mundi
1008 1153 1102 1217 saepe
1119 1137 1212 1208 iacit,
1238 1139 1349 1214 impios
1372 1138 1494 1201 affluere
1511 1137 1734 1214 temporalibus
1750 1137 1866 1214 bouis,

83 1218 348 1282 constitutionem
364 1235 469 1283 rerum
495 1220 632 1282 omniurn
647 1223 867 1284 successiones
883 1220 964 1283 ordi·
1008 1226 1042 1282 ut
1057 1222 1136 1283 bona
1163 1221 1263 1296 alioue
1280 1237 1384 1284 eorum
1409 1239 1503 1300 opera
1521 1222 1647 1284 moralia
1662 1227 1864 1296 remuneret,

82 1313 219 1378 tresque
244 1301 423 1380 disposuit3
450 1321 486 1366 ac
512 1312 677 1382 propteroa
704 1305 798 1368 biater
823 1305 962 1366 Ecclesia
1008 1309 1181 1382 carnariam
1201 1303 1260 1365 illis
1277 1322 1336 1367 non
1353 1308 1534 1368 sitdaturus
1556 1312 1736 1368 aeternam:
1762 1304 1810 1365 vel
1836 1307 1870 1367 ut

83 1381 225 1458 publice
241 1400 278 1447 ac
293 1401 405 1448 secure
426 1387 581 1455 decantat,
606 1387 827 1466 providentiam
852 1390 904 1449 liei
929 1388 958 1448 io
1009 1401 1062 1451 eos
1080 1387 1301 1464 temporalibus
1324 1389 1485 1450 beneilciis
1501 1390 1616 1452 alliciat
1638 1390 1674 1450 ad
1691 1388 1870 1451 conversio·

85 1481 150 1528 sua
170 1466 380 1544 dispositione
396 1486 456 1532 aon
474 1470 547 1550 ialti,
565 1471 635 1548 cuia
651 1477 752 1534 tamen
770 1474 846 1534 ratio
862 1471 960 1549 prori-
1008 1486 1078 1531 nem
1095 1488 1111 1531 a
1128 1477 1286 1548 peccatis.
1313 1482 1405 1550 atque
1428 1473 1465 1534 ad
1490 1470 1638 1534 beneflcio
1656 1478 1779 1534 aeterna
1796 1486 1869 1550 spe·

85 1548 222 1613 dentiae
238 1551 360 1616 divinae
375 1555 585 1616 occultissima
612 1561 680 1627 est.
709 1559 739 1618 et
762 1557 872 1618 iudicia
896 1555 964 1616 eius
1007 1555 1101 1615 rande
1118 1563 1148 1615 et
1163 1557 1366 1616 desideranda
1384 1559 1554 1632 perducat:
1578 1571 1684 1616 eorum
1709 1569 1780 1616 roro
1796 1570 1872 1633 peo-

87 1631 231 1712 abyssus
248 1637 354 1708 multa,
380 1638 453 1700 iude
469 1637 513 1711 bt,
531 1645 562 1700 ut
578 1638 717 1700 nonnulli
736 1642 873 1702 ridentes
897 1639 963 1715 plu·
1007 1643 1073 1700 eata
1089 1638 1255 1714 aliquando
1270 1655 1299 1700 ru
1317 1640 1374 1701 bac
1390 1643 1446 1698 itta
1463 1651 1526 1700 urin
1542 1638 1640 1714 ponit,
1658 1644 1803 1715 quoniam
1820 1655 1869 1700 sa·

86 1717 173 1778 rima
193 1718 269 1780 mala
286 1721 367 1782 iuter
382 1721 525 1785 homines
541 1721 606 1783 deri
623 1767 631 1794 ,
646 1738 743 1801 eaque
759 1725 904 1800 uupunita
918 1722 963 1782 di·
1007 1721 1048 1782 tis
1064 1739 1098 1781 aa
1117 1722 1223 1798 puniet
1240 1728 1268 1782 in
1293 1725 1433 1800 gebenna
1450 1739 1459 1782 r
1482 1725 1580 1785 iustos
1602 1726 1718 1797 auteur,
1740 1721 1868 1798 inopia,

87 1801 190 1868 mitti.
209 1804 241 1866 iu
258 1805 472 1883 praecipitium
488 1805 565 1868 iilud
583 1809 687 1878 ruunt,
705 1813 738 1867 ut
760 1809 888 1868 eradant
910 1821 961 1866 res
1008 1803 1189 1883 ignominia,
1207 1805 1418 1868 vexationibus
1433 1806 1522 1868 variis
1540 1803 1630 1882 affligi
1648 1807 1733 1874 sinit,
1752 1811 1814 1865 iura
1839 1808 1873 1868 ut

87 1883 252 1949 humanas
266 1887 319 1948 liei
337 1890 527 1965 prouidentia
544 1903 605 1950 uon
622 1889 799 1966 gubernari,
814 1898 864 1950 aut
879 1893 963 1950 certe
1007 1897 1134 1967 peccata
1150 1903 1255 1951 eorum
1271 1890 1349 1951 leuia
1368 1894 1396 1948 in
1416 1891 1474 1950 boc
1491 1899 1627 1964 tempore
1642 1894 1777 1968 purget;
1793 1894 1869 1965 tum,

88 1969 178 2030 mala
191 1969 355 2034 omnialiet
369 1973 525 2034 voluntate
538 1973 834 2049 committi,ouorum
848 1977 961 2034 utrum·
1006 1978 1039 2032 ut
1054 1973 1208 2052 gloriosus
1226 1981 1255 2032 et
1271 1974 1467 2051 splendidius
1484 1975 1674 2048 patientiam.
1699 1978 1728 2032 ει
1744 1971 1870 2034 bumili-

89 2067 157 2126 ous
176 2053 306 2133 impium
322 2061 381 2133 est,
395 2055 453 2118 sed
466 2057 563 2136 magis
580 2057 745 2134 posterius.
763 2060 795 2118 ut
811 2056 918 2117 scribit
934 2070 961 2116 s.
1007 2059 1112 2130 tatem,
1129 2062 1221 2135 atque
1238 2056 1294 2117 alia
1312 2072 1416 2119 eorum
1435 2059 1541 2117 merita
1557 2056 1588 2116 in
1605 2061 1728 2116 aeterna
1744 2054 1802 2117 rita
1821 2070 1872 2118 co·

87 2132 304 2216 Augustinus.
320 2138 368 2200 llli
385 2145 489 2201 sotem
506 2141 537 2200 in
561 2144 639 2202 baec
654 2155 790 2203 errorum
809 2139 962 2217 praecipi·
1007 2145 1106 2200 rouet.
1126 2139 1162 2202 At
1177 2156 1231 2199 cur
1247 2139 1330 2202 Deus
1346 2139 1436 2200 laceb
1460 2141 1623 2215 dilexerit,
1651 2145 1681 2199 et
1696 2135 1777 2200 Esau
1793 2139 1870 2200 odio

91 2218 134 2280 tia
155 2228 261 2292 ruunt,
277 2221 450 2300 quivident
465 2230 582 2302 partem
600 2221 811 2300 providentiae
826 2225 960 2288 divinae.
1006 2221 1159 2290 babuerit,
1174 2231 1338 2301 antequam
1353 2223 1522 2300 quidquam
1539 2221 1623 2298 boni,
1638 2221 1684 2284 rel
1702 2220 1773 2282 mali
1790 2225 1873 2300 egis·

90 2309 215 2380 partem
232 2321 294 2368 uon
311 2306 462 2378 rideut‚ct
476 2323 545 2369 cum
561 2316 723 2385 expectare
736 2303 887 2370 deberent
899 2307 961 2366 eri·
1006 2313 1088 2380 sent,
1105 2312 1175 2384 quis
1191 2306 1412 2382 investigabit?
1427 2311 1519 2382 atoue
1537 2307 1595 2368 boo
1612 2304 1757 2381 estquod
1774 2305 1872 2390 admi·

90 2392 161 2448 tum
179 2403 295 2465 rerum,
310 2391 362 2467 oui
377 2388 410 2452 in
425 2397 561 2452 extremo
575 2389 880 2454 rudioiomaniiestus
898 2405 961 2450 ora·
1006 2394 1087 2450 ratur
1102 2388 1268 2467 Apostolus
1283 2392 1322 2452 ad
1341 2389 1514 2463 Romanos,
1539 2397 1626 2450 eraut
1642 2389 1726 2450 enirn
1747 2386 1873 2470 gemelli

89 2470 191 2534 nibus
206 2475 286 2544 orit,
312 2474 355 2534 itli
382 2481 454 2535 ante
478 2480 601 2551 tempus
624 2479 739 2536 temere
757 2475 892 2538 iudicare
907 2490 959 2533 au·
1005 2469 1137 2543 iratres,
1166 2475 1307 2534 eiusdem
1325 2473 1420 2548 patris
1439 2479 1471 2535 et
1489 2474 1593 2534 matris
1608 2471 1685 2534 lilii:
1714 2477 1742 2533 et
1771 2479 1875 2534 tamen

89 2552 182 2622 deur.
196 2562 227 2617 ει
238 2556 269 2617 in
286 2570 409 2619 errores
424 2559 623 2636 gravissimos
639 2557 791 2619 incidunt.
809 2557 883 2620 ldeo
899 2557 961 2617 cta·
1008 2571 1102 2617 unum
1120 2554 1203 2616 Dens
1222 2557 1483 2634 praedestinando
1499 2556 1752 2630 diterit‚alterum
1769 2570 1874 2634 repro·

95 2644 163 2700 mut
179 2637 348 2716 Apostolus
364 2646 394 2702 in
421 2642 523 2718 priore
549 2641 585 2702 ad
612 2639 749 2704 Curintb.
766 2640 866 2702 Notite
888 2643 964 2702 onte
1008 2638 1110 2701 banda
1126 2641 1196 2701 odio
1212 2639 1329 2704 habuit.
1350 2645 1381 2703 et
1396 2657 1434 2702 ne
1454 2645 1525 2718 ouis
1539 2639 1617 2704 torte
1634 2641 1726 2714 dicat,
1754 2637 1875 2718 praeri-

93 2725 226 2799 tempus
241 2724 404 2800 iudicare,
421 2725 533 2803 quood
547 2735 650 2802 eisque
664 2726 776 2786 oeniot
791 2723 960 2799 Dominus,
1009 2723 1095 2784 disse
1112 2721 1210 2783 lleom
1225 2740 1316 2802 opera
1335 2725 1417 2786 bona
1439 2723 1554 2801 unius,
1583 2729 1614 2784 et
1640 2724 1768 2784 alterius
1796 2724 1876 2785 mala

93 2804 158 2882 qai
169 2804 373 2870 illuminabit
384 2807 577 2871 abscondito
592 2807 843 2883 tenebrarentur
858 2808 963 2869 moni·
1006 2803 1129 2868 lutura:
1155 2810 1313 2882 praecenit
1327 2807 1495 2883 Apostolus
1514 2809 1594 2868 bane
1616 2808 1872 2884 responsionem,

92 2887 225 2965 restabit
240 2892 380 2954 consilto
395 2892 556 2954 cordium.
573 2891 710 2953 lttustrat
731 2907 757 2954 s.
770 2891 962 2971 Augustinus
1008 2891 1130 2963 diceus,
1146 2888 1206 2952 boc
1221 2888 1332 2953 iactum
1350 2909 1433 2966 esse,
1451 2898 1483 2952 ot
1499 2889 1671 2954 secondum
1690 2889 1876 2954 eiectionem

93 2986 165 3034 rem
179 2971 260 3034 liano
277 2975 393 3054 insigni
410 2975 626 3037 similitudine.
641 2975 672 3036 Si
701 2979 783 3054 quis,
801 2977 911 3052 inquit,
930 2977 961 3035 iu
1007 2973 1198 3052 propositum
1217 2974 1268 3033 itai
1288 2981 1470 3046 maneretet
1485 2975 1596 3051 aliegat
1613 2970 1704 3034 rerba
1723 2972 1774 3034 liei
1787 2974 1872 3051 apud

94 3057 301 3120 vermiculato
318 3063 505 3138 parimento,
520 3057 611 3120 ouius
625 3057 722 3120 sotius
738 3059 882 3120 tessellae
899 3072 963 3118 mo·
1007 3057 1123 3119 llosem
1140 3074 1148 3116 :
1172 3055 1367 3130 Miserrime,
1394 3060 1488 3120 caios
1504 3058 1670 3131 misereor,
1698 3059 1728 3118 et
1744 3059 1869 3120 miseri·

93 3137 169 3202 dum
186 3141 299 3204 intueri
316 3141 624 3222 possetmituperaret
638 3141 785 3203 artificem
802 3141 895 3204 relati
911 3157 959 3203 or·
1007 3141 1158 3203 cordiam
1171 3142 1344 3216 praestabo
1360 3189 1367 3212 ‚
1385 3143 1481 3204 onias
1496 3139 1684 3204 miserebor.
1703 3136 1778 3211 Quis
1801 3141 1876 3204 item

94 3219 265 3287 dicationis
280 3227 312 3288 ei
326 3224 562 3304 compositionis
579 3225 718 3318 ignarum
734 3243 742 3283 :
760 3227 830 3302 onia
854 3226 962 3286 ridcli·
1009 3239 1069 3286 non
1087 3226 1399 3300 obstupescetmnum
1414 3225 1507 3302 longo
1524 3232 1662 3300 ternpore
1680 3237 1875 3300 perseveras·

94 3313 147 3368 cet
163 3309 345 3384 particulam
361 3303 465 3388 operis
481 3309 566 3371 iilius
588 3309 693 3386 ridet,
718 3313 877 3370 maximam
896 3326 963 3386 par·
1008 3322 1043 3370 sc
1060 3309 1090 3369 in
1109 3308 1198 3370 banis
1214 3309 1377 3384 operibus,
1396 3316 1426 3369 et
1442 3307 1472 3368 in
1490 3307 1552 3370 tine
1567 3307 1645 3368 ritae
1662 3306 1828 3386 deiecisse,
1844 3311 1877 3372 et

96 3392 159 3452 teor
176 3393 350 3466 conridet,
368 3395 420 3470 oui
437 3393 462 3455 si
483 3398 586 3470 partes
601 3406 721 3462 omnes,
740 3398 771 3454 et
795 3408 963 3455 connexio·
1006 3392 1149 3470 periisse,
1169 3398 1200 3454 ui
1216 3391 1323 3455 ludam
1340 3391 1551 3471 proditorem,
1579 3395 1610 3453 ει
1624 3391 1759 3454 altarum
1780 3391 1876 3472 longo

96 3487 170 3536 uem
186 3490 294 3538 eorum
310 3481 465 3545 cerneret,
482 3475 550 3537 sine
566 3473 662 3538 dubio
679 3475 807 3536 mindae
830 3491 909 3554 opus
932 3489 962 3544 et
1006 3479 1147 3555 tempore
1164 3491 1383 3553 perseuerasse
1399 3478 1430 3536 iu
1446 3474 1594 3550 operibus
1612 3474 1748 3550 malisei
1761 3471 1792 3535 in
1809 3473 1873 3540 line

95 3557 242 3636 opificem
260 3561 408 3626 laudaret.
426 3561 472 3622 sie
488 3561 580 3639 igitur
595 3560 699 3620 rident
715 3560 800 3620 multi
817 3559 961 3628 homiues
1006 3558 1084 3620 ritae
1101 3564 1260 3626 mutatum.
1279 3562 1425 3621 continuo
1443 3559 1477 3619 in
1489 3559 1667 3620 Paradisum
1685 3556 1874 3635 erolasse,ut

96 3639 212 3718 impius
226 3659 377 3723 prospere
392 3659 507 3724 agere,
534 3642 634 3706 iustos
649 3650 755 3704 contra
779 3643 899 3720 premi,
927 3652 958 3713 et
1006 3640 1130 3705 ielioem
1157 3643 1335 3706 iatronem?
1357 3645 1456 3717 diaes,
1474 3647 1504 3702 at
1518 3641 1610 3705 ludas
1627 3639 1782 3704 carisium
1807 3659 1877 3721 pro·

97 3722 215 3803 allltgi3
243 3743 302 3791 uec
317 3725 432 3804 selant,
451 3727 524 3806 ooid
542 3726 721 3789 inlaturum
738 3727 960 3808 sensilibus,
1007 3725 1103 3788 didit.
1136 3735 1164 3790 et
1179 3728 1256 3789 latro
1272 3729 1427 3790 Christum
1444 3726 1608 3787 confessos
1624 3732 1683 3787 est.
1700 3723 1778 3786 vera
1801 3732 1874 3789 sunt

96 3809 146 3870 xel
161 3812 327 3888 impiorum
345 3811 509 3890 iniquitati,
533 3809 581 3873 rel
604 3810 754 3872 iustorum
772 3811 959 3890 patientiae,
1008 3808 1085 3872 baec
1101 3813 1239 3888 cuidem,
1257 3813 1310 3874 sed
1330 3828 1392 3872 non
1409 3815 1528 3888 poterat
1549 3806 1810 3872 danismatodam
1827 3823 1874 3872 re·

97 3895 131 3955 et
155 3892 224 3956 ideo
250 3894 511 3972 prorumpentia
535 3887 627 3956 rerba
650 3891 885 3969 blasphemiae,
912 3901 961 3960 rol
1008 3894 1155 3974 spicere,
1185 3898 1218 3956 ot
1243 3895 1380 3973 respexit
1408 3894 1559 3956 Petrum?
1579 3899 1610 3954 ει
1628 3895 1760 3968 gratiam
1790 3894 1875 3955 illam

100 3991 168 4038 curn
183 3975 263 4044 illis.
281 3979 495 4055 quiaicabaut
509 3977 590 4056 apud
606 3977 678 4038 Iob:
696 3979 790 4040 dirce
807 3979 961 4046 cardines
1009 3975 1171 4040 efficacem
1185 3977 1280 4040 ludas
1297 3978 1576 4056 inspirarequaea
1591 3978 1677 4038 auito
1693 3978 1772 4037 duro
1784 3978 1877 4041 eorde

99 4059 179 4122 eceb
192 4058 277 4124 Deos
293 4061 461 4130 ambulat.
478 4068 664 4124 pernostra
679 4064 884 4128 considerat.
914 4067 961 4126 ret
1009 4059 1195 4139 respuitur?
1220 4072 1250 4123 et
1267 4063 1415 4142 numquid
1436 4077 1497 4122 nou
1514 4065 1634 4137 poterat
1650 4058 1789 4121 caristus
1805 4061 1879 4122 utri·

100 4157 168 4204 eum
184 4145 268 4214 aliis,
280 4147 333 4224 qui
348 4147 430 4222 apud
446 4145 626 4208 llalacbiam
643 4148 766 4206 dicunt:
784 4145 893 4210 Omnis
905 4150 963 4228 qai
1008 4160 1069 4222 quc
1086 4147 1196 4209 latroni
1215 4161 1321 4208 secam
1339 4145 1487 4223 pendenti
1504 4145 1597 4206 fldem
1611 4149 1641 4205 ει
1655 4145 1879 4220 poenitentiam

100 4223 178 4301 iacit
188 4229 327 4304 motum,
353 4229 456 4294 bonus
478 4234 526 4292 est
539 4229 761 4306 incompertis
777 4228 917 4300 Domini,
935 4237 984 4296 et·
1007 4228 1136 4308 donare,
1154 4231 1234 4294 siout
1252 4231 1376 4294 donarit
1393 4231 1457 4304 uni,
1476 4229 1522 4288 ret
1540 4236 1705 4302 utrumque
1721 4227 1827 4291 sinere
1841 4227 1875 4290 iu

103 4309 179 4390 tutes
188 4311 320 4390 placent
331 4311 377 4376 eti
389 4314 488 4378 Aliam
501 4311 733 4374 similitudinem
751 4311 869 4376 adferre
882 4318 964 4378 suist
1009 4321 1149 4390 peccatis
1164 4319 1231 4378 suis
1247 4321 1336 4377 vitam
1352 4312 1462 4390 linire,
1491 4316 1526 4374 ut
1545 4312 1686 4390 permisit
1702 4311 1826 4372 unum?
1847 4315 1878 4375 ei

102 4407 131 4455 s.
156 4392 349 4473 Augustinus
364 4398 456 4460 variis
473 4397 503 4458 iu
522 4396 621 4470 loeis,
649 4411 667 4458 a
693 4397 882 4460 carminibus
909 4401 963 4464 de·
1007 4403 1080 4476 quis
1095 4400 1245 4462 rationem
1262 4397 1393 4459 reddare
1418 4397 1553 4474 poterit,
1576 4411 1633 4457 cur
1648 4395 1769 4471 aliquos
1790 4393 1875 4458 Deus

103 4485 266 4554 sumptam.
281 4480 311 4544 st
324 4483 395 4559 quis
408 4479 491 4544 enim
506 4495 578 4542 eum
594 4478 703 4556 incipit
718 4482 824 4542 audire
837 4497 959 4546 carmen
1007 4482 1129 4555 rapiat,
1154 4499 1195 4544 ne
1220 4482 1336 4546 matitia
1360 4485 1455 4544 mutet
1471 4477 1671 4542 ,intellectum
1689 4493 1819 4553 eorum,
1844 4480 1879 4541 ut

103 4557 272 4638 heroicum,
289 4563 320 4626 in
337 4565 515 4644 principio,
543 4562 590 4624 rel
605 4563 637 4624 in
655 4562 755 4626 medio
771 4565 872 4636 dicat,
897 4584 962 4632 aar·
1010 4561 1143 4640 Sapiens
1158 4565 1293 4645 loquitur
1309 4565 1348 4627 de
1365 4563 1505 4637 Heaoob,
1521 4564 1552 4624 et
1565 4563 1677 4624 multos
1690 4579 1752 4625 nou
1766 4559 1875 4641 rapiat,

104 4659 173 4710 men
187 4661 250 4708 uon
267 4663 339 4714 esse
356 4648 485 4718 bouum,
501 4644 613 4708 merito
627 4647 776 4708 stultitiae
792 4655 960 4726 arguetur:
1010 4649 1065 4710 sed
1081 4646 1162 4710 sinat
1177 4651 1216 4713 de
1232 4650 1324 4712 bonis
1340 4647 1407 4710 deri
1423 4649 1532 4716 matos,
1551 4654 1581 4708 et
1596 4649 1626 4708 tn
1644 4646 1758 4708 matitia
1776 4645 1828 4708 illa
1843 4643 1878 4708 il-

105 4735 253 4805 expecta,
271 4738 304 4793 ut
319 4747 428 4794 amnes
443 4731 581 4812 syllabae
597 4735 718 4803 sonent,
736 4737 767 4794 et
784 4738 961 4806 transeant,
1011 4731 1079 4792 uiro
1094 4731 1162 4795 dies
1178 4734 1280 4796 suasi
1303 4731 1366 4796 Sed
1383 4732 1458 4808 auid
1473 4731 1615 4792 dicemus
1629 4728 1669 4794 de
1685 4729 1813 4810 integris
1828 4745 1878 4791 re·

104 4815 135 4873 et
148 4817 221 4874 tono
234 4815 466 4892 reprehendat,
495 4813 521 4876 si
537 4828 667 4879 ,carmen
691 4829 753 4876 non
771 4813 892 4892 placet,
916 4815 963 4881 sic
1010 4813 1168 4892 gionibus,
1183 4833 1312 4894 quarum
1330 4817 1451 4892 aliquae
1468 4813 1631 4891 citissimo,
1646 4815 1724 4876 aliae
1741 4812 1879 4877 tardissi·

105 4895 228 4959 omnino
242 4898 417 4970 stultissimi
434 4903 518 4964 suut.
536 4899 590 4974 oni
605 4896 864 4960 ordinatissimam
892 4915 962 4978 pro·
1011 4913 1060 4958 me
1077 4907 1200 4962 vocatae
1216 4909 1287 4964 sunt
1304 4901 1341 4962 ad
1358 4898 1474 4975 Adam,
1498 4898 1567 4960 sine
1582 4912 1643 4973 ouo
1659 4898 1766 4960 saliari
1784 4911 1876 4959 nemo

106 4975 264 5042 ridentiam
288 4981 342 5044 liei
363 4981 538 5062 vituperare
560 4982 685 5056 audent,
703 4988 864 5060 autequam
881 4987 962 5050 totus
1009 4981 1137 5058 potest?
1155 4981 1215 5059 Qni
1230 4987 1320 5049 enim
1334 4999 1402 5046 non
1420 4983 1536 5055 eredit,
1552 4982 1621 5043 icm
1635 4981 1802 5044 iudicatus
1817 4985 1874 5054 est,

106 5063 312 5140 providentiae
328 5067 404 5128 ordo
420 5069 577 5128 decurrat.
888 5104 891 5112 ·
1011 5073 1053 5132 et,
1072 5076 1103 5126 ut
1118 5066 1285 5145 Apostolus
1302 5069 1459 5143 touoirur,
1490 5064 1599 5128 Omnis
1615 5070 1812 5146 quicumque
1827 5067 1877 5128 im·

144 5143 234 5226 Ergo,
251 5152 352 5212 anima
369 5165 448 5225 mea,
464 5151 490 5212 si
506 5151 604 5229 sapis,
621 5153 726 5230 satage
742 5154 888 5224 ouantem
907 5167 959 5226 po·
1008 5156 1170 5212 cooperit
1206 5169 1326 5216 nornen
1361 5150 1515 5222 llomr'oi,
1544 5152 1653 5212 sotaus
1684 5154 1756 5214 erit.
1791 5151 1873 5226 Quo·

107 5233 171 5301 tes.
199 5235 232 5293 ut
254 5229 332 5296 mala
358 5248 420 5295 noo
436 5231 532 5304 tant,
561 5234 619 5296 boo
645 5232 726 5294 enim
753 5233 807 5296 tibi
833 5235 962 5313 imporat
1008 5234 1104 5294 modo
1128 5252 1202 5313 erpo
1218 5235 1439 5310 invocabunt,
1466 5237 1502 5296 in
1524 5249 1620 5315 poem
1641 5249 1710 5296 nom
1731 5232 1876 5296 credide·

108 5311 207 5376 beas:
230 5318 285 5378 sed
308 5333 364 5382 cor
387 5319 454 5396 ipse
477 5317 555 5378 mate
578 5317 753 5396 permittat,
778 5317 870 5380 iudici
893 5323 960 5384 eius
1007 5324 1086 5378 rom
1099 5317 1114 5376 l
1136 5327 1194 5382 aot
1220 5323 1382 5400 parimodo
1405 5318 1536 5380 crederit
1558 5319 1598 5394 ei,
1617 5333 1713 5397 quem
1733 5331 1803 5380 mom
1817 5332 1877 5380 art·

108 5395 510 5478 relincue,ouodoeooltum
526 5401 874 5482 essepotest,iuiustum
890 5419 962 5471 esse
1008 5400 1167 5463 dierunt?
1194 5407 1357 5484 quomodo
1386 5407 1498 5465 uotam
1524 5403 1663 5464 audient
1689 5404 1764 5466 sime
1782 5415 1877 5480 prae·
1962 5441 1966 5448 -

108 5494 167 5544 uon
181 5489 293 5560 potest.
1006 5483 1164 5549 dicante?
1187 5489 1350 5571 poematia
1365 5503 1442 5555 vero
1454 5485 1708 5568 praedicabant,
1721 5487 1789 5551 taisi
1799 5486 1873 5566 mit·

145 5563 285 5641 Quamvis
299 5574 408 5634 autom
424 5569 557 5656 abyssus
572 5585 679 5654 magna
694 5567 734 5634 sit
754 5571 831 5636 ratio
857 5571 958 5652 prori·
986 5571 1131 5635 -tomtar,
1375 5605 1377 5610 ·

110 5646 444 5730 doroaebeitareous
458 5655 604 5724 burnonis
618 5654 960 5740 paracoemomenum
1047 5651 1111 5726 lata
1125 5661 1197 5726 suut
1220 5663 1344 5731 secreta
1357 5657 1530 5741 altissima,
1556 5660 1588 5724 ει
1601 5655 1871 5741 protonotarios,
