4044 6256
543 537 1413 734 nrununnnnrus

813 954 884 1028 erc
908 907 1177 1029 ocerannus

236 1236 358 1325 liber
378 1235 586 1328 continet
603 1240 725 1330 uitus
747 1248 1014 1330 sanctorum
1035 1238 1300 1354 principum
1319 1239 1585 1330 testamenti
1605 1231 1711 1329 novi

806 1500 1135 1603 2002...-

599 2027 600 2032 ,
733 1920 850 2011 utut
882 1922 950 2010 nr
981 1922 1235 2010 vennocus

622 2231 913 2297 rnoooosrr
968 2215 1359 2296 rnnnuuronrs.

125 2889 446 2956 Primoscbrislianus
458 2894 641 2972 Imperator,
655 2891 877 2957 Constantinus
889 2912 950 2972 nra·
998 2891 1082 2956 bellu
1099 2893 1197 2974 magis
1211 2893 1341 2970 orando,
1360 2909 1450 2972 quam
1474 2894 1612 2959 leniendo
1627 2914 1784 2979 pugnasse
1802 2919 1810 2962 ι
1827 2905 1858 2963 at

79 2992 164 3052 gnus
180 2981 211 3038 et
227 2976 320 3054 plane
343 2977 491 3056 egregios
513 2975 582 3039 loll.
610 2975 672 3038 Sed
695 2979 842 3052 ananiam
858 2978 950 3042 ritum
998 2976 1058 3037 boc
1079 2980 1141 3038 tam
1164 2976 1361 3040 manifestum
1385 2975 1504 3040 tuisse:
1528 2979 1687 3054 omuibus,
1710 2988 1743 3044 ut
1765 2984 1854 3046 etiam

79 3057 151 3120 cius
167 3057 292 3136 scripsit
300 3057 464 3202 lllusehlius
488 3057 698 3121 Caesariensis
718 3057 896 3122 haereticos
911 3061 950 3124 Α·
997 3055 1186 3134 Claudianus
1203 3059 1294 3122 Poeta
1310 3057 1441 3122 dentilis
1456 3059 1494 3122 de
1511 3076 1548 3121 eo
1564 3061 1726 3126 cecinerit.

80 3139 345 3201 rlastsi
469 3138 868 3202 serticuid·itt
1148 3182 1202 3198 ..
1304 3182 1310 3196 .
1515 3185 1521 3196 .
1610 3184 1642 3200 ..

77 3155 175 3284 ιιιὴῖιὲ
188 3141 949 3301 Sinasgesutscmaludmulflspumauesffisoczrogosmclse
1077 3178 1811 3332 ssmffla{mamJZa'sssslc'gaaevfgwr

78 3309 111 3365 et
125 3303 178 3366 alii
192 3305 409 3383 posteriores:
432 3304 504 3368 ideo
526 3305 617 3367 uitam
645 3302 729 3366 illurn
756 3308 947 3383 praetermlt-
1764 3313 1771 3332 ‘

77 3383 205 3451 tendam
221 3385 298 3448 rnilrl
315 3385 387 3449 esse
402 3385 573 3450 erlsllmarl
588 3405 595 3448 ι
614 3392 799 3467 praesertim
815 3403 885 3451 eum
903 3388 947 3449 hl·
993 3392 1025 3448 ot
1036 3388 1227 3451 enumeratis
1243 3387 1333 3450 bunis
1349 3384 1498 3467 operibus
1512 3387 1580 3450 eius
1591 3388 1757 3464 concludit,
1772 3391 1856 3455 llaec

75 3466 189 3530 storias
203 3466 333 3531 Eusebil
348 3467 492 3533 Gelestae
508 3469 588 3547 Papa
603 3469 800 3547 interscripta
817 3485 946 3552 opocrp-
992 3469 1182 3546 ille'secum,
1199 3476 1230 3532 ct
1254 3471 1280 3532 si
1306 3484 1386 3550 quae
1411 3467 1543 3542 similia,
1567 3485 1646 3546 quac
1672 3487 1855 3538 enumerare

74 3549 137 3628 pha
149 3550 302 3614 retulerit.
991 3551 1118 3631 longum
1135 3557 1231 3622 esset,
1247 3551 1330 3614 bona
1346 3566 1442 3630 opera
1456 3549 1538 3622 tullt,
1562 3567 1600 3612 ex
1616 3551 1675 3615 isto
1691 3557 1855 3633 temporali

118 3632 189 3700 Post
201 3631 434 3696 Constantinum
448 3631 685 3708 celeberrimus,
702 3630 945 3714 etreliglcslssi·
989 3649 1103 3714 sapora
1118 3632 1287 3698 cuiuslibet
1311 3632 1456 3696 culmlnls
1471 3639 1502 3695 et
1523 3633 1722 3699 sublimitatls
1747 3638 1855 3700 buma-

74 3731 144 3777 mus
170 3713 370 3796 Theodosias
392 3716 460 3794 init,
488 3730 580 3794 quem
604 3717 738 3780 Sanetus
760 3715 944 3782 Ambrosius
990 3731 1061 3790 nee,
1078 3731 1208 3794 quornm
1224 3730 1353 3794 opernm
1367 3729 1487 3778 merces
1503 3718 1551 3778 est
1566 3721 1692 3779 aeterna
1707 3718 1852 3796 felicitas,

72 3813 137 3858 nou
154 3794 274 3860 dubitat
287 3795 369 3861 inter
383 3813 438 3861 ecs
454 3812 692 3878 connumerare,
716 3799 768 3878 qul
785 3799 887 3862 stetim
903 3800 943 3863 ab
989 3801 1080 3862 antus
1092 3799 1180 3861 datur¹
1195 3804 1242 3861 est
1258 3797 1351 3867 Deus.
1362 3795 1446 3860 solis
1459 3797 1622 3874 verenter,
1641 3798 1712 3876 piis.

72 3878 171 3954 obita,
188 3878 358 3942 tuccetum
374 3881 561 3944 escendunt.
578 3881 630 3944 Sic
651 3882 737 3945 enim
759 3881 897 3960 loquitar
910 3884 943 3946 ln
1031 3881 1149 3943 Addam
1163 3884 1194 3942 el
1207 3879 1326 3942 tertium
1340 3885 1450 3942 testem
1465 3879 1587 3958 pietalis
1600 3879 1767 3946 Theodosii
1780 3883 1853 3948 San·

72 3960 214 4024 oratione
228 3959 353 4032 lapcbrl
369 3963 409 4025 de
425 3962 494 4026 eine
506 3962 651 4028 laudibus
666 3963 768 4028 habita
790 3965 829 4028 ad
846 3979 943 4045 popa·
989 3967 1072 4026 ctum
1086 3963 1247 4026 Paulinum
1264 3962 1356 4024 dulae
1371 3955 1576 4040 Episcopum.
1601 3961 1658 4025 llic
1674 3964 1704 4026 in
1721 3967 1853 4044 epistola

72 4043 150 4116 lam,
169 4041 539 4125 aerumnarumque,
556 4047 656 4108 aalma
671 4061 738 4110 mea
753 4044 784 4108 ln
801 4048 942 4125 requiem
988 4061 1069 4110 ncnc
1096 4045 1135 4108 ad
1158 4045 1307 4110 Severum
1332 4043 1466 4122 loquens
1492 4045 1532 4106 de
1555 4043 1732 4110 laudatione
1749 4048 1851 4112 suain

72 4142 88 4184 ι
107 4131 202 4188 tuam.
218 4124 250 4186 in
267 4141 359 4201 onam
376 4126 533 4190 resiluerit
549 4127 670 4205 inpredl
686 4127 895 4203 Theodosius,
913 4135 944 4194 et
987 4127 1243 4191 Theodosiana
1256 4125 1322 4188 Νοιι
1349 4131 1433 4198 tam.
1459 4127 1581 4204 inquil,
1609 4125 1847 4205 Imperatorem,

74 4227 88 4268 ι
103 4207 324 4286 panlotnfrn.
340 4207 512 4272 Absolutus
534 4207 629 4288 igitur
644 4211 741 4274 dublo
756 4211 939 4288 certamine,
989 4229 1006 4274 ι
1020 4226 1112 4289 ouem
1135 4208 1398 4284 (intellectuum,
1416 4223 1477 4270 nou
1494 4211 1676 4272 dominandi
1692 4215 1850 4292 superbla,

74 4308 87 4350 ι
107 4289 218 4353 troltnr
239 4305 326 4368 nunc
350 4289 510 4369 Augustae
536 4291 706 4356 memoriae
730 4291 939 4358 Theodosius.
989 4307 1003 4354 ι
1020 4293 1076 4355 sed
1094 4289 1264 4354 tumulandi
1279 4289 1453 4354 lrumllltete
1473 4294 1645 4368 potentem,
1670 4309 1728 4358 neo
1742 4296 1851 4375 llegno

72 4373 175 4435 artace
200 4377 365 4452 perpetuo.
388 4371 536 4452 clinno,
559 4373 663 4437 blanel
678 4389 753 4454 erpo
775 4375 808 4437 in
824 4374 942 4441 lamine
988 4376 1076 4438 used
1093 4373 1154 4437 tide
1168 4373 1350 4452 ‚Principem
1377 4371 1563 4451 praedicari.
1591 4372 1736 4456 Denique
1750 4377 1849 4458 tuffi-

72 4471 86 4515 ι
105 4454 315 4529 Theodosios,
340 4461 372 4520 et
397 4461 576 4522 sanctorum
607 4455 752 4520 coetibus
775 4457 939 4537 ptorlatnr.
987 4471 1092 4531 cnm,
1108 4453 1554 4536 quicodemtempcracinit,
1568 4455 1606 4517 in
1622 4454 1851 4524 librcnndaci·

72 4555 84 4596 ι
102 4537 141 4599 dt
156 4538 317 4616 qnoniam
330 4539 492 4616 patuisset
505 4537 557 4601 illi
571 4538 671 4603 obiici
683 4547 855 4618 peccatam
870 4555 939 4604 cca·
988 4558 1002 4602 ι
1018 4538 1242 4604 ncilietoriae
1253 4537 1497 4602 &eclesiasticae
1511 4537 1558 4600 sic
1573 4537 1729 4618 loquitur.
1741 4542 1848 4620 Igitur,

71 4638 84 4678 ιι
102 4620 151 4682 dir
166 4619 454 4686 thesalonicenses
468 4638 477 4699 3
493 4623 669 4701 respondet
682 4625 722 4685 in
738 4623 852 4687 eudem
867 4623 936 4687 lucc
987 4639 1001 4682 ι
1018 4618 1264 4700 (Theodosios)
1285 4626 1487 4700 praeparetur
1508 4625 1546 4682 ad
1569 4617 1698 4700 bellam,
1715 4641 1778 4687 oon
1790 4633 1849 4688 tam
1882 4693 1886 4702 ,

71 4720 84 4760 ι
99 4703 188 4766 idem
201 4699 342 4767 Sanctae
354 4701 554 4780 Ambrosius,
570 4704 694 4767 linens.
710 4704 807 4769 lllleri
822 4705 934 4782 sirum,
986 4722 1000 4766 ι
1016 4719 1186 4780 armornm,
1201 4703 1408 4780 telorumque.
1422 4717 1512 4780 ouem
1526 4700 1726 4784 ieiuniorum,
1741 4707 1849 4771 oratio·

70 4800 83 4842 ι
101 4787 151 4862 qai
177 4787 276 4863 mepte
292 4792 487 4865 arguentem,
511 4802 603 4865 quam
627 4787 805 4849 adulantem
824 4787 936 4865 proba·
986 4802 1000 4848 t
1018 4802 1157 4866 numque
1171 4783 1345 4850 subsidiis:
1362 4798 1419 4848 neo
1435 4790 1495 4845 lom
1508 4783 1707 4849 excubiarum
1723 4789 1847 4868 vigiliis,

71 4876 157 4930 uret.
181 4867 293 4931 Stravit
317 4883 442 4932 omnem
468 4884 530 4946 cuo
557 4866 863 4950 utebatur,'ineigoe
888 4885 937 4934 re·
986 4885 1107 4947 uquam
1118 4868 1368 4932 obsecrationum
1383 4865 1617 4944 pernoctatione
1630 4869 1777 4935 monitus.
1791 4872 1848 4934 elr-

70 4967 83 5008 u
100 4948 210 5028 pium,
239 4949 364 5014 dellerll
388 4950 420 5014 io
447 4950 586 5038 lleolesia
616 4951 743 5029 publice
771 4957 934 5028 peccalum
987 4951 1124 5014 conibet
1138 4965 1207 5014 cnm
1223 4949 1441 5014 sacerdotibus
1454 4953 1484 5011 et
1496 4948 1724 5028 populocmnla
1738 4956 1847 5016 cretto-

69 5047 83 5090 ιι
99 5048 202 5106 snum,
217 5034 300 5109 qood
315 5038 347 5096 et
362 5033 493 5096 allorum
506 5033 614 5097 trande
626 5033 821 5111 obrepserat.
839 5034 936 5113 gemi-
987 5052 1000 5096 t
1019 5050 1091 5096 num
1108 5034 1175 5096 loca
1190 5050 1200 5111 ;
1215 5037 1286 5096 ante
1301 5040 1480 5112 martyrum,
1497 5035 1527 5093 et
1547 5029 1765 5108 Apostolorum
1782 5036 1847 5098 tbe-

69 5131 82 5172 ι
99 5117 143 5190 tu,
161 5119 192 5176 et
207 5115 354 5195 lacrymis
369 5116 466 5178 orarit
481 5115 615 5192 reniam,
632 5118 715 5194 quod
740 5117 848 5194 priuati
865 5131 935 5187 eru·
984 5133 998 5177 ι
1018 5131 1072 5178 cas
1086 5115 1209 5179 iacebat
1223 5113 1327 5180 cilicio
1340 5119 1524 5194 prostratus,
1539 5117 1570 5174 el
1584 5117 1697 5181 auxilia
1710 5117 1771 5180 sibi
1787 5117 1846 5181 lida

69 5212 83 5254 ιι
99 5197 245 5270 bescout,
262 5213 326 5262 non
348 5197 474 5261 erubuit
494 5197 673 5278 Imperator.
691 5197 817 5277 publice
838 5213 932 5279 opere
983 5217 996 5260 ι
1015 5197 1196 5262 Sanctorum
1211 5197 1438 5260 intercessione
1453 5194 1616 5273 poscebat.
1633 5204 1663 5262 el
1672 5200 1776 5278 paula
1790 5201 1843 5264 in·

69 5293 83 5336 ιι
101 5279 339 5356 poeniteutiam.
353 5279 462 5357 Neque
478 5280 562 5344 ullus
578 5285 685 5360 postea
702 5281 771 5348 dies
786 5281 853 5357 luit,
870 5298 933 5360 quo
983 5298 997 5342 ι
1013 5281 1080 5358 tra,
1097 5281 1184 5344 Tunc
1198 5279 1404 5354 Theodosius,
1430 5287 1461 5340 ut
1484 5289 1739 5364 conversassaas
1761 5282 1845 5346 acics

69 5380 85 5416 c
101 5377 161 5424 non
179 5361 268 5424 illurn
285 5362 407 5424 doleret
423 5377 558 5427 errorem
577 5380 606 5426 ιι.
631 5364 744 5428 Sancto
766 5362 931 5428 Ambrosio
982 5382 995 5424 ι
1012 5363 1099 5437 uidit,
1114 5369 1286 5441 prostratus
1302 5363 1333 5425 lu
1347 5365 1516 5439 conspectu
1532 5359 1601 5437 net,
1615 5363 1671 5450 dp,
1686 5363 1797 5440 inquit,
1812 5379 1844 5425 c-

67 5441 209 5508 Sanctam
242 5444 450 5524 adiungamus
474 5443 693 5523 Augustiunm.
718 5445 777 5509 Hic
799 5447 831 5508 in
852 5445 932 5510 libro
982 5447 1191 5524 amnipotens
1208 5444 1291 5508 lleas
1308 5445 1400 5518 nosti,
1425 5441 1497 5522 qnia
1522 5439 1553 5503 io
1582 5445 1708 5507 nomine
1731 5443 1843 5512 cornu

65 5527 172 5600 quinto
189 5527 231 5590 de
247 5525 370 5589 civitate
384 5526 440 5590 Dei
465 5527 553 5589 miris
574 5528 719 5592 leudibus
734 5527 823 5592 effert
838 5527 932 5592 lldem
981 5544 995 5588 ι
1012 5525 1082 5590 Filii
1100 5529 1143 5590 lul
1159 5527 1287 5590 ultionis
1302 5526 1402 5591 iustae
1417 5523 1567 5603 suscepi:
1581 5526 1607 5588 sl
1623 5543 1729 5602 secus,
1745 5527 1843 5592 vindl-

69 5614 105 5668 et
116 5609 264 5688 pietatem
277 5607 481 5690 Imperatoris
496 5609 662 5676 Theodosii
677 5628 686 5689 ;
702 5627 794 5691 quem
811 5609 932 5676 diullio
981 5627 995 5672 ι
1011 5626 1046 5675 ca
1062 5609 1093 5674 io
1111 5625 1160 5676 me
1175 5629 1183 5672 ι
1200 5609 1227 5674 si
1239 5625 1312 5676 raro
1334 5626 1403 5674 cnm
1428 5622 1520 5674 eausa
1535 5608 1701 5685 probabili,
1719 5616 1748 5673 et
1766 5613 1798 5674 lu
1814 5616 1844 5673 tc
