4002 6228
235 239 269 298 ot
777 238 819 294 bo
840 235 1079 296 scototohthos
1099 235 1394 333 scotsstnstmts

162 375 258 435 saneti
276 367 430 432 Athanasii
453 381 546 444 opera
570 382 641 428 esse
655 383 725 452 ycra
750 373 779 428 ci
796 386 938 444 germana
962 385 1023 432 noo
1069 370 1209 444 gioount.
1232 367 1321 432 ortae
1342 366 1392 428 hic
1415 366 1496 430 iiber
1513 367 1542 432 in
1558 367 1748 435 Bibliotheca
1765 375 1967 438 sanctorum

162 456 351 516 dniritmnus.
376 453 461 526 Quoo
485 451 567 509 enim
591 457 716 511 sanctos
739 450 921 512 Athanasius
948 453 1024 512 ascri·¹
1069 450 1193 513 Petrum
1215 456 1296 512 torno
1312 455 1433 527 quarto.
1990 461 1991 464 ’

162 541 259 615 pscrit
275 535 363 596 sitam
381 533 476 594 suncti
493 530 615 593 Antonii
634 539 761 592 testator
776 541 903 594 sanctus
919 534 1025 594 Hiero·

162 635 274 698 nymus
299 621 328 678 in
351 615 408 676 tib.
424 616 463 674 oe
486 613 599 688 script.
617 613 739 674 Eeeies.
765 615 793 672 in
818 617 970 690 tritonia,
995 616 1025 677 io
1243 611 1288 676 He
1302 613 1452 691 Lucifero
1470 614 1671 682 Cetorttuno.
1688 620 1762 684 350.

161 699 306 779 Evagrio.
331 706 361 758 et
384 699 412 756 io
430 695 618 768 Athanasium
644 701 771 756 testatnr
792 696 882 756 etium
898 705 1027 759 sanctus
1303 739 1306 746 .
1608 711 1610 720 “

162 782 331 862 Gregorius
348 778 405 840 Nea
419 793 554 838 aoceuns
570 783 709 838 ιιιιιιιιι
725 776 754 836 io
768 775 982 851 Athanasium,
996 786 1027 840 ct
1117 779 1237 842 Lucifer
1252 780 1427 859 Episcopus
1443 781 1632 846 Culusitanus
1646 781 1805 845 Athanasii
1830 795 1966 856 aeone·

161 871 288 925 sancius
305 861 507 937 Augustinus,
530 859 585 918 tto.
602 857 634 920 8.
651 859 786 920 confess.
803 876 873 936 cap.
889 859 920 923 6.
938 860 1024 933 Quod
1071 861 1122 932 lis,
1138 865 1175 922 iia
1189 863 1254 925 ceto
1269 863 1339 924 {idei
1358 864 1531 926 catholicae
1544 865 1658 926 ardens
1673 863 1739 934 tuit,
1754 860 1965 925 utasanciis

160 953 261 1007 autem
279 962 325 1018 oa,
344 958 421 1018 anno
434 956 521 1033 nunc
537 946 629 1000 catut.
645 942 669 1001 si
689 941 738 1000 iiie
756 943 839 1016 ipsa,
857 945 946 1004 cuius
963 959 1026 1004 me·
1073 942 1234 1020 Patribus,
1264 945 1356 1006 etiam
1382 952 1451 1021 post
1476 946 1609 1009 schisma
1635 947 1759 1020 tactum,
1778 953 1808 1005 ct
1823 952 1962 1006 sautans

159 1029 249 1088 minit
264 1031 389 1088 sanctus
405 1022 625 1100 Hieronymus,
639 1028 669 1081 ct
685 1028 810 1082 sanctos
822 1021 1024 1101 Augustinus,
1076 1025 1300 1087 Luciferianam
1323 1033 1393 1103 post
1411 1043 1445 1088 sc
1461 1028 1611 1104 relictam,
1629 1044 1689 1087 nuo
1708 1029 1764 1088 nisi
1781 1028 1901 1088 tirntdc
1930 1031 1965 1082 et

160 1110 359 1188 perspicuum
376 1111 424 1168 ost
442 1120 479 1166 cx
494 1120 532 1164 eo
556 1104 636 1179 errori
654 1109 700 1162 est
716 1119 820 1163 revera
837 1105 958 1184 insigne
975 1123 1025 1166 so·
1071 1107 1248 1169 dubitanter
1274 1117 1430 1186 arguetur.
1460 1109 1592 1172 Sanctus
1617 1111 1800 1171 Ambrosius
1823 1112 1853 1169 in
1875 1107 1964 1168 Ora·

158 1193 275 1264 tumeo,
295 1197 326 1251 ιιι
342 1203 407 1250 eam
426 1192 511 1246 uocat
526 1190 652 1245 sanctus
669 1183 888 1264 Hieronymus,
904 1197 933 1248 et
949 1203 1022 1250 con·
1072 1190 1155 1251 tione
1171 1189 1209 1250 dc
1224 1190 1309 1251 obitu
1327 1191 1438 1268 Satyri,
1455 1186 1613 1262 [incitem
1630 1193 1739 1269 inquit,
1753 1207 1819 1252 sea
1839 1194 1963 1249 nostra

158 1279 233 1334 tinet
258 1288 366 1350 ntagoa
391 1270 441 1330 iiia
467 1265 624 1334 miracuta,
649 1283 778 1342 ottanum
798 1271 937 1348 meminit
953 1285 1024 1332 sao·
1070 1275 1143 1332 toric
1160 1271 1308 1347 temporis
1322 1274 1742 1341 comarontanesetuoxerat.
1757 1285 1963 1348 ouarnryuam

158 1364 227 1417 ctos
242 1354 454 1431 trigesimum
471 1355 501 1409 ct
522 1348 612 1409 habet
636 1349 854 1410 renotationem
878 1351 961 1412 iiiam
984 1353 1024 1414 dc
1070 1366 1125 1429 pro
1144 1352 1203 1412 one
1219 1355 1364 1424 cauterii,
1382 1361 1412 1416 et
1429 1353 1499 1418 odet
1514 1371 1592 1416 suaa
1608 1354 1734 1432 reticuit
1748 1355 1927 1414 haeredes.
1945 1349 1960 1430 1

158 1438 258 1498 anima
275 1435 446 1500 Ammonis,
470 1448 559 1505 atram
583 1447 619 1490 ex
641 1432 700 1490 rita
723 1448 739 1488 e
763 1439 869 1493 sancto
891 1432 1023 1494 Athana·
1071 1437 1203 1496 Sanetus
1220 1434 1427 1514 Hieronymus
1452 1437 1482 1498 in
1498 1437 1625 1512 bialogo
1652 1445 1756 1497 contra
1773 1435 1960 1498 Lnetterta-

157 1523 205 1582 sio
220 1524 333 1594 scripta
357 1516 495 1576 reieruot
512 1511 663 1572 Paitsoius
680 1513 709 1570 in
728 1515 853 1573 historia
877 1515 1022 1578 Laosiaea
1072 1531 1129 1576 nos
1146 1531 1241 1592 prope
1257 1516 1363 1593 tinem,
1382 1518 1393 1592 Ι
1408 1517 1537 1580 Ventum
1554 1523 1613 1586 est.
1632 1519 1743 1592 inquit,
1757 1520 1794 1579 ιι
1808 1516 1963 1593 asperri-

158 1619 226 1679 oap.
243 1601 274 1662 8.
293 1605 324 1662 ιι
339 1597 481 1660 Socrates
506 1595 537 1656 io
555 1593 627 1656 hist.
646 1595 701 1656 tib.
717 1594 748 1656 t.
765 1612 833 1675 cap.
854 1596 902 1658 ι8.
920 1597 1024 1676 Neque
1070 1613 1153 1660 murn
1173 1600 1292 1668 iocum,
1310 1602 1340 1659 in
1358 1615 1422 1676 ooo
1437 1599 1604 1662 advorsum
1620 1601 1809 1663 rutuotatcm
1825 1607 1855 1659 et
1875 1615 1960 1673 pro-

158 1689 260 1760 potest
275 1689 379 1746 contre
396 1678 500 1742 obiici.
522 1679 580 1738 nisi
598 1677 679 1752 aucti
697 1678 727 1737 io
746 1679 803 1739 hac
820 1680 876 1740 vita
894 1697 955 1741 noo
973 1681 1024 1741 tint
1070 1679 1206 1758 positum
1221 1696 1323 1742 meum
1335 1697 1430 1758 cogor
1442 1681 1480 1742 dc
1495 1681 1734 1744 beaioanitero
1747 1695 1840 1742 secus
1853 1679 1959 1756 auic-

157 1768 273 1829 mcntio
290 1765 372 1848 Ponti
397 1761 486 1836 primi
504 1759 678 1830 Eremitae,
703 1766 733 1820 et
755 1760 882 1821 aliarum
904 1778 1021 1830 rerum,
1069 1777 1172 1839 qnam,
1197 1777 1287 1838 quem
1316 1768 1345 1824 et
1359 1762 1445 1823 ithus
1461 1766 1617 1840 moritum,
1634 1772 1666 1827 et
1681 1777 1747 1824 mea
1764 1761 1959 1824 humanitas

157 1867 236 1926 tyriae
254 1852 414 1910 narrantur
429 1862 444 1905 a
462 1848 568 1904 sancto
584 1840 770 1919 Hieronymo
788 1844 818 1902 in
837 1843 892 1903 rita
907 1844 1023 1905 s.Pauti
1075 1842 1185 1922 possit,
1203 1845 1379 1912 aestimare.
1398 1843 1489 1925 eim]
1602 1867 1604 1880 ·

157 1932 246 2006 primi
262 1930 428 1991 Atramitae.
456 1925 516 1986 Seri
543 1923 724 2000 responderi
753 1929 865 2000 potest,
889 1925 1023 1989 Athana·
1110 1925 1262 2002 Suipitius
1285 1925 1340 1987 tto.
1359 1925 1390 1987 ι.
1414 1935 1522 1989 suamc
1549 1924 1710 2001 historiae,
1735 1923 1956 2006 leucorum,

157 2013 255 2082 sium,
274 2027 335 2072 noa
352 2005 471 2078 omnia,
488 2019 568 2080 otras
584 2005 620 2064 ad
637 2004 727 2065 uitam
745 2021 772 2064 s.
791 2004 910 2067 Antonii
929 2010 1022 2084 perti·
1069 2005 1180 2083 inquit,
1198 2006 1329 2068 Luciferi
1348 2014 1410 2068 tum
1427 2007 1609 2072 Antiochiae
1625 2009 1718 2085 ionga
1734 2008 1854 2069 diuersa
1869 2021 1957 2068 sen·

156 2096 280 2162 nebant,
298 2096 475 2153 assecutum
493 2087 601 2151 tuisse.
621 2086 666 2145 ret
685 2101 745 2146 oon
762 2090 862 2148 orrtnia
880 2105 959 2166 qnae
975 2106 1023 2151 ac·
1071 2091 1162 2149 tentia
1177 2088 1243 2149 tuit:
1262 2105 1329 2149 nam
1348 2088 1379 2150 in
1396 2095 1511 2151 tantum
1528 2104 1585 2152 cos
1597 2091 1649 2169 qui
1664 2089 1789 2150 Arimini
1804 2088 1954 2156 ruerant,

155 2185 292 2254 ceperat,
310 2175 339 2234 io
356 2176 492 2234 mentem
509 2167 631 2228 venisse
646 2167 700 2238 itii,
716 2184 784 2230 cum
799 2171 961 2242 scriberet,
975 2174 1022 2233 ret
1068 2171 1296 2242 condemnarit,
1320 2180 1352 2233 ut
1376 2186 1411 2233 sc
1426 2171 1516 2234 etiam
1541 2175 1579 2232 ab
1596 2187 1702 2232 eorum
1719 2173 1955 2231 commuuione

156 2262 246 2320 etiem
264 2256 404 2330 notuisse
417 2251 518 2313 omnin
533 2250 700 2310 serroenoo
713 2251 804 2312 nimis
818 2252 939 2331 tongam
956 2271 1023 2315 ora·
1068 2255 1247 2320 secreverit,
1262 2252 1314 2327 oui
1331 2265 1387 2314 eos
1403 2252 1461 2314 sub
1477 2253 1761 2326 satisfactionem!
1778 2255 1956 2331 poeniten·

156 2344 269 2402 tionem
296 2354 382 2399 snam
407 2335 531 2396 tacere:
555 2330 668 2407 alioqui
691 2331 866 2425 sinobicctio
888 2336 937 2396 itio
960 2335 1021 2397 rirn
1070 2333 1108 2395 tia
1125 2337 1332 2410 recepissent.
1350 2333 1361 2406 1
1379 2334 1413 2396 ιι
1431 2343 1514 2396 recto
1530 2349 1567 2396 nn
1586 2349 1748 2410 perperam
1770 2336 1955 2395 constitue·

155 2425 248 2484 tritam
267 2421 407 2488 traheret,
425 2429 589 2488 possemus
605 2413 644 2476 ιι
660 2412 871 2490 Scuptoribus
886 2416 1021 2496 Evange·
1068 2417 1118 2485 rit,
1143 2414 1248 2477 dicore
1266 2431 1326 2478 oon
1342 2418 1455 2478 ausim.
1480 2417 1612 2478 Sanctus
1629 2422 1730 2478 tameo
1747 2415 1954 2493 Augustinus

155 2505 265 2567 tiorum
282 2502 374 2562 ctiam
390 2499 556 2558 cubitare:
581 2495 673 2554 marita
698 2498 780 2555 enim
798 2496 970 2560 hetthaeus
992 2506 1023 2560 et
1068 2497 1198 2558 tiberius
1214 2498 1349 2558 schisma
1366 2497 1499 2560 Luciiori
1517 2499 1795 2568 succensentem
1813 2497 1845 2559 in
1861 2494 1955 2556 iibr'o

154 2587 276 2649 Harmrs
299 2581 472 2644 omiserunt
495 2581 523 2636 in
547 2575 605 2637 rita
626 2583 656 2636 et
678 2576 774 2637 rebus
795 2578 893 2654 gestis
910 2579 1024 2642 Christi
1069 2581 1108 2641 ιιι
1131 2578 1339 2657 haeresibus,
1365 2585 1427 2640 tum
1451 2580 1482 2640 io
1507 2579 1587 2643 tibro
1615 2579 1654 2642 de
1676 2595 1775 2658 ogone
1798 2578 1949 2652 Christi,

156 2665 339 2735 retereants,
357 2677 436 2740 nune
451 2660 550 2720 Lucas
571 2675 630 2719 non
647 2659 771 2718 omisit:
791 2662 881 2721 multe
899 2678 1023 2741 ottoque
1069 2677 1137 2736 cop.
1157 2659 1209 2722 30.

155 2751 260 2811 omisit
276 2749 371 2809 iuncos
393 2759 472 2820 atrae
489 2739 659 2800 Hattbaeus
683 2747 713 2801 ιι
727 2739 846 2802 nereus
869 2760 928 2803 non
946 2749 1023 2806 οιιιι-Ι
1110 2741 1184 2803 vioe
1199 2743 1238 2804 dc
1253 2742 1384 2804 Luciferi
1403 2743 1498 2806 rebus
1520 2742 1617 2822 gostis
1640 2740 1829 2816 historicos,
1850 2741 1951 2803 ttam-

155 2837 274 2894 saruni:
294 2830 385 2890 muita
403 2823 538 2902 deniquo
555 2828 583 2882 oi
599 2822 931 2899 gravissimaioaoocs
947 2829 1022 2888 scri·
1069 2840 1141 2886 num
1165 2823 1221 2886 ιιι.
1239 2824 1315 2890 ι.,ι.
1333 2823 1385 2886 ιθ.
1414 2824 1659 2899 8ιιιιιιιιιιιιιιιι.
1677 2823 1709 2885 2.
1731 2840 1839 2885 sacrae
1863 2826 1947 2884 hist.

154 2915 228 2995 psit,
246 2928 324 2992 qnae
342 2919 403 2970 tros
418 2904 632 2982 Euangeiistee
651 2906 938 2979 praetermiserunt.
1069 2906 1225 2969 speratam
1242 2905 1339 2968 hb.3.
1357 2905 1705 2984 cap.t.oneoooremm
1724 2904 1949 2981 trasceas.

196 2999 241 3060 Hc
263 2992 412 3072 Symboto
436 2985 592 3048 Athanasii
618 2984 756 3045 Ecclesia
780 2988 846 3064 ipsa
863 2986 1021 3050 catholica
1068 2987 1273 3050 Sozomeoum
1296 2988 1351 3049 tm.
1370 2987 1400 3050 3.
1418 3005 1486 3065 cop.
1506 2987 1556 3048 tt.
1580 2987 1793 3063 Nicephorum
1810 2987 1867 3049 tib.
1886 2986 1947 3048 to.

152 3079 366 3146 testimonium
384 3070 536 3148 perhibet.
550 3068 623 3127 darn
641 3066 716 3128 itiud
733 3067 791 3128 sub
806 3072 930 3132 nornine
943 3072 1009 3134 ιιι
1068 3085 1138 3144 cap.
1157 3068 1207 3128 ιι.
1226 3070 1379 3132 Historiae
1401 3071 1474 3147 trip.
1492 3070 1548 3131 tib.
1565 3068 1596 3131 6.
1613 3085 1683 3147 cap.
1700 3068 1752 3131 23.
1775 3068 1858 3130 Libri
1882 3069 1948 3129 Lu·

153 3161 284 3225 thanasii
311 3162 339 3221 io
366 3154 478 3217 diuinis
501 3148 611 3210 officiis
635 3149 827 3211 recitandum
854 3159 1020 3232 proponti:
1068 3151 1152 3211 citeri
1169 3151 1221 3224 qui
1238 3155 1341 3211 extant
1357 3151 1388 3211 bi
1405 3159 1475 3212 sont
1492 3170 1511 3210 2»

153 3261 257 3324 trenno
285 3245 314 3305 to
343 3241 414 3303 tacit
440 3236 506 3296 sire
534 3238 668 3292 aetorum
682 3230 806 3292 Petrum
831 3236 1020 3296 testimonio.
1109 3230 1153 3292 Ad
1170 3230 1382 3294 Constantium
1401 3231 1637 3310 imperatorem,
1654 3231 1709 3292 tib.
1880 3231 1900 3288 2

153 3330 285 3391 sygerus
308 3325 390 3386 enim
406 3315 598 3399 Augustinus
620 3314 748 3373 tractatu
766 3314 796 3374 in
814 3315 927 3378 Psehn.
945 3316 1018 3378 teo.
1109 3314 1154 3375 He
1169 3314 1307 3392 Regibus
1324 3314 1523 3390 Apostaticis,
1881 3315 1893 3368 t

153 3413 198 3476 sto
221 3411 355 3484 tonnitut·
377 3403 536 3478 captiosos
559 3396 656 3468 tttuo,
676 3390 761 3468 [Por
783 3395 864 3456 them
888 3398 935 3459 sot
958 3415 1019 3460 oon
1109 3395 1152 3455 He
1170 3409 1230 3456 non
1247 3397 1549 3459 consociandorum
1567 3394 1746 3466 haereticis,
1877 3391 1894 3454 t

151 3498 219 3554 uret
238 3495 265 3552 ic
282 3489 293 3570 1
312 3490 353 3548 He
371 3487 431 3550 hoc
454 3485 519 3543 sote
537 3482 623 3540 Pater
638 3478 826 3546 Athanasius
841 3478 1021 3541 Alexandri·
1110 3477 1152 3536 He
1165 3492 1227 3538 oon
1240 3478 1398 3555 parcendo
1411 3477 1669 3554 ostioquentthns
1682 3477 1713 3536 io
1727 3475 1838 3551 Heum,
1877 3475 1891 3532 ι

153 3592 211 3635 nus
227 3575 399 3648 Episcopus
416 3568 454 3626 ita
473 3564 601 3637 putrore
619 3563 742 3622 iocutus
758 3569 817 3625 cst.
834 3559 954 3642 [Filius
974 3564 1021 3623 in·
1109 3558 1196 3632 Quod
1214 3559 1406 3621 morientium
1423 3558 1464 3621 sit
1478 3574 1535 3638 pro
1552 3557 1615 3620 ono
1632 3556 1700 3628 Hei,
1874 3555 1888 3612 ι

152 3659 228 3734 anit,
245 3655 297 3716 Cei
314 3670 329 3711 a
348 3653 434 3711 Patre
448 3649 515 3710 soto
531 3650 588 3717 est,
607 3659 667 3705 oon
685 3643 793 3717 iactus,
810 3659 868 3706 nec
884 3654 1020 3721 creatus,
1111 3640 1244 3718 Epistota
1261 3640 1297 3700 ιι
1316 3641 1519 3706 Eioreotinm.
1877 3637 1891 3694 i

156 3740 211 3800 seo
229 3739 367 3811 genitus.
387 3732 397 3809 ]
1069 3721 1124 3784 His
1138 3723 1260 3784 ιιιιιιιι
1276 3729 1348 3783 suot
1363 3723 1518 3799 Epistulae
1534 3719 1680 3783 Etoreotii
1696 3719 1733 3780 ιι
1746 3717 1943 3781 Luciferum.

193 3821 382 3880 tribuuntur
404 3817 511 3873 sancto
528 3809 692 3870 Athanasio
716 3825 731 3868 a
756 3809 916 3871 nonnuliis
937 3827 1022 3871 com·
1110 3804 1187 3866 Item
1205 3805 1355 3881 epistotae
1370 3805 1450 3866 duae
1462 3801 1653 3866 s.Athaoesti
1669 3802 1706 3863 ιι
1720 3799 1865 3862 eumdem
1880 3799 1943 3861 Lu·

154 3899 301 3962 mentnrta
319 3897 348 3959 in
365 3909 475 3956 omnes
490 3891 637 3969 epistolas
649 3903 676 3953 s.
690 3890 786 3953 Pauli.
799 3891 860 3955 Sed
874 3908 909 3955 ea
922 3892 1022 3956 Theo·
1230 3887 1377 3948 citarum.

155 3983 289 4064 phytucti
306 3983 390 4051 suot,
409 3991 469 4036 non
486 3973 656 4035 Athanasii.
1108 3971 1184 4032 Item
1201 3970 1330 4046 epistota
1344 3967 1456 4032 Liberii
1471 3965 1572 4043 Papae
1585 3965 1622 4026 ad
1636 3961 1941 4038 Constaoitomlmp.

410 4091 412 4096 ·
1109 4052 1185 4112 ttotn
1202 4051 1331 4126 epistota
1347 4048 1505 4111 Athanasii
1522 4047 1559 4108 ad
1576 4061 1685 4108 sectos
1700 4045 1768 4108 Hei.

628 4181 636 4195 .
1111 4135 1154 4194 He
1199 4133 1290 4194 uibus
1313 4130 1400 4193 tibris
1438 4130 1485 4191 rei
1506 4127 1650 4204 epistotis
1673 4126 1759 4188 'natta
1782 4124 1937 4185 dubitatio

457 4183 501 4245 1³⁶
518 4179 710 4261 S⁶r⁰5³²⁰”⁶·
1068 4215 1143 4275 mihi
1160 4151 1230 4276 agsc
1247 4215 1377 4282 ridetur,
1391 4177 1466 4288 ιἰιιι
1478 4211 1542 4274 sini
1556 4225 1663 4274 acrum
1681 4214 1851 4280 auctorum,
1862 4221 1940 4284 quo·

1070 4313 1136 4356 rum
1155 4297 1277 4357 nornine
1295 4294 1489 4372 praeierunt.

194 4391 343 4468 Serapion
367 4387 540 4467 Episcopus
561 4387 736 4466 Thmuseos
759 4403 774 4448 a
796 4403 824 4448 s.
853 4385 1022 4449 Athanasio
1110 4377 1258 4450 impressi
1275 4382 1347 4438 suot
1362 4375 1392 4436 ιιι
1409 4374 1479 4436 iibri
1496 4371 1621 4434 Parisiis
1637 4385 1718 4433 auno
1734 4367 1828 4432 isos,
1841 4383 1938 4447 opera

153 4476 324 4535 otoioatns.
341 4473 392 4534 Vir
418 4471 472 4531 hait
497 4487 523 4530 s.
542 4471 672 4530 Antonio
695 4473 830 4542 cheros,
856 4475 887 4529 ui
910 4469 1021 4530 scribit
1069 4461 1114 4522 10·
1132 4459 1199 4520 Titii
1218 4457 1362 4537 Episcopi
1380 4454 1561 4518 midensis·

154 4573 180 4614 s.
199 4555 370 4616 Hieromio
397 4555 450 4614 tib.
468 4549 738 4628 descript.Ecci.
756 4553 881 4627 scripsit
905 4550 1020 4610 tibrum
1064 4611 1068 4617 ,
1386 4618 1392 4632 ι
1468 4619 1474 4631 .
1661 4609 1675 4628 υ

155 4647 259 4697 contra
275 4637 486 4700 Haniohaoos.
509 4636 561 4710 qui
586 4640 665 4693 extat
686 4633 767 4708 epod
786 4631 953 4692 Henricum
970 4631 1023 4692 Co·
1295 4617 1340 4680 Dc
1359 4617 1517 4680 Victorino
1533 4613 1621 4689 Ast0·
1638 4609 1710 4674 ³⁴⁰·

155 4718 268 4780 rusiam
286 4726 368 4778 tomo
385 4718 491 4794 qrrioto
508 4716 651 4791 antiquae
667 4713 825 4776 iectionis:
844 4713 968 4788 scripsit
984 4714 1024 4774 dc
1324 4779 1329 4790 ¹
1668 4774 1672 4784 ,

156 4801 343 4864 renonum
361 4800 477 4872 stratis,
495 4802 525 4857 et
541 4797 691 4870 epistates
705 4795 742 4855 ιι
759 4796 899 4856 utrarsus
915 4812 924 4856 t
942 4799 1022 4855 teste
1112 4779 1145 4842 C·
1163 4779 1276 4841 narras
1298 4777 1472 4840 trutannus
1494 4773 1565 4838 Ater
1585 4773 1689 4834 norun
1703 4776 1843 4845 tenpore
1859 4763 1940 4826 00¹¹·

156 4892 262 4944 sancto
286 4882 473 4958 Hieronymo
495 4880 526 4939 in
551 4879 606 4938 tib.
629 4878 669 4938 de
692 4875 804 4954 script.
820 4877 941 4940 Eunias,
963 4875 1022 4938 spat
1071 4862 1173 4925 stanni
1190 4859 1409 4938 imperatoris,
1433 4873 1514 4920 anno
1538 4855 1797 4949 otratiragesiuro,
1822 4855 1854 4908 ut
1871 4847 1939 4922 ipse

156 4983 217 5026 raon
236 4963 378 5034 ridentur
394 4967 508 5023 estere.
1071 4951 1197 5006 testetur
1225 4946 1294 5020 post
1319 4941 1490 5005 Concilium
1514 4935 1695 5000 Nrraenum.
1718 4933 1753 4993 io
1775 4935 1938 4992 senectuto

1071 5040 1242 5087 conversus
1268 5024 1305 5084 ιι
1333 5023 1424 5084 tidem
1447 5027 1517 5092 eat,
1541 5025 1619 5081 teste
1640 5020 1748 5080 sancto
1763 5010 1935 5102 Augustino

430 5163 438 5176 .
666 5161 672 5175 .
731 5162 736 5176 .
1072 5109 1127 5168 tib.
1144 5107 1175 5168 8.
1192 5107 1329 5168 contess.
1347 5119 1416 5179 cap.
1434 5101 1465 5164 2.
1483 5109 1513 5162 ct
1528 5106 1599 5178 post
1614 5097 1849 5160 contessionem
1866 5091 1935 5150 ruh-

314 5163 358 5226 Μ’
374 5163 457 5246 ΜΨ
472 5161 617 5242 Mamm
632 5159 786 5224 mmmm·
804 5159 875 5222 3⁴⁰·
1070 5189 1129 5250 ctis
1144 5189 1233 5249 tibris
1249 5185 1415 5250 Centitionr
1438 5183 1563 5258 scripsit
1578 5227 1585 5247 .
1613 5185 1691 5242 teste
1705 5182 1812 5240 senem
1830 5171 1935 5234 Hiero·

982 5305 985 5308 ·
1071 5285 1163 5350 nyma
1176 5272 1206 5329 io
1225 5268 1279 5329 tib.
1292 5269 1331 5326 do
1345 5264 1528 5342 scriptorib.
1546 5263 1664 5324 Ecctes·
1677 5267 1782 5322 contra
1797 5256 1935 5322 Arianos,

199 5367 296 5429 tutius
313 5365 468 5426 Haterous
490 5363 641 5428 Firminus
663 5363 770 5427 Hornii
789 5369 928 5438 tempore
948 5356 1025 5419 iiiio-
1071 5359 1102 5415 at
1123 5347 1492 5428 inopinatissimus:
1516 5347 1554 5406 rte
1578 5359 1639 5421 nuo
1655 5339 1884 5430 Commentario
1906 5337 1935 5428 in

158 5467 195 5512 ru
203 5469 228 5510 m
246 5448 439 5511 Constantini
454 5447 567 5526 hagar,
580 5449 616 5507 ιι
631 5461 710 5522 quos
725 5445 850 5519 scripsit
864 5439 1024 5518 egregium
1071 5432 1310 5513 epistotastnern
1318 5429 1524 5506 Hieronymus
1532 5425 1641 5488 scribit
1653 5425 1683 5482 tu
1697 5431 1935 5500 prooemrocpo

160 5539 272 5596 horum
290 5527 505 5607 oe‘mysreriis
526 5536 556 5592 ct
571 5529 728 5593 erroribus
744 5525 940 5606 prutenorum
955 5519 1026 5584 reti·
1072 5514 1168 5579 stotac
1182 5515 1220 5577 ad
1234 5511 1365 5584 Ceteras,
1380 5519 1441 5573 aon
1458 5523 1528 5572 csse
1542 5505 1709 5570 comodum
1727 5497 1933 5583 probantium.
