4056 6260
776 620 781 682 ἱ
892 615 949 688 DE

544 835 842 973 comino
895 833 1304 966 coequato

651 1134 736 1199 stin
754 1133 802 1196 DE
817 1133 914 1196 BONO
931 1135 1184 1200 ltcutntnttrr

794 1357 1026 1382 :m

316 1773 443 1849 LIBER
465 1774 626 1850 PRIMUS
943 1781 980 1842 in
992 1779 1089 1842 eorde
1100 1793 1159 1842 suo
1175 1777 1345 1858 disposuit,
1359 1777 1391 1841 id
1407 1783 1465 1852 est,
1485 1793 1544 1840 non
1557 1776 1749 1856 expectavit,
1767 1777 1799 1838 ιιι

944 1863 1088 1926 auritium
1105 1865 1220 1942 gratiae
1233 1863 1287 1926 lloi
1302 1862 1388 1926 illum
1405 1863 1556 1925 tacentem
1572 1909 1580 1938 ,
1599 1868 1629 1924 ει
1643 1860 1798 1923 dormien-

386 1944 506 2009 CAPUP
529 1947 555 2010 Ι.
944 1951 1004 2007 ιειε
1022 1961 1145 2009 sursum
1162 1947 1320 2022 ereberel3
1336 1946 1393 2009 sed
1408 1946 1477 2025 ipse
1493 1952 1689 2024 praecentus,
1701 1949 1735 2008 et
1747 1942 1799 2004 ad-

901 2087 903 2106 ,
945 2028 1028 2093 iulus
1044 2029 1137 2110 gratis
1154 2029 1234 2104 Dei,
1251 2029 1405 2108 disposuit
1432 2031 1632 2093 ascensiones
1659 2029 1690 2090 in
1707 2028 1801 2092 corde

128 2115 171 2182 lle
185 2119 373 2184 necessitate
387 2121 582 2200 pemituum,
598 2134 641 2182 ecc
655 2116 803 2182 Psalmis.
944 2127 1013 2174 sno:
1032 2115 1192 2191 proposuit
1205 2113 1361 2187 videlieet,
1379 2129 1439 2178 nou
1463 2119 1522 2176 tarn
1540 2129 1690 2192 corpore,
1708 2127 1800 2189 quam
1820 2149 1822 2152 -

945 2195 1039 2258 corde
1054 2198 1225 2259 ascendere
1237 2196 1276 2259 de
1293 2197 1400 2260 virtute
1417 2198 1448 2258 io
1460 2195 1618 2270 sirmiam,
1633 2209 1798 2277 quousque

87 2271 308 2338 Necessitatem
325 2277 471 2358 gemendi
486 2277 753 2356 demonstraturus
775 2291 812 2340 cx
823 2273 901 2356 Scri·
946 2279 1068 2342 culmen
1085 2279 1283 2356 perfeetionis
1299 2280 1472 2358 attingeret.
1488 2281 1622 2342 tertium
1646 2287 1704 2354 εει,
1723 2287 1755 2342 ει
1769 2295 1799 2340 ε·

45 2357 145 2436 pluris
160 2359 277 2424 sanctis
289 2361 457 2440 utriusque
468 2361 669 2436 Testamenti,
685 2378 721 2424 ao
735 2361 850 2424 deinde
862 2359 899 2422 ab
945 2363 1069 2426 sceosio
1085 2364 1141 2426 isla
1153 2363 1205 2425 liat
1217 2366 1247 2425 iu
1264 2363 1341 2426 rollo
1355 2363 1605 2443 lacrymarumin
1619 2364 1802 2442 loco,qcem

45 2443 219 2520 exemplis,
244 2450 276 2504 cl
295 2443 432 2507 doctrina
449 2445 652 2520 Sanctorum,
677 2463 692 2506 a
715 2444 901 2510 testimoniis
946 2445 1014 2524 ipse
1030 2446 1088 2508 sibi
1105 2447 1219 2526 posuit.
1237 2447 1320 2510 Deus
1332 2448 1415 2510 enim
1429 2453 1575 2527 posucrat
1597 2447 1752 2510 bominem
1768 2447 1800 2506 in

45 2526 169 2589 llaridis
183 2527 348 2602 exordiar:
371 2529 526 2607 siquidem
550 2528 663 2592 Psalmi
677 2528 803 2592 Doridis
818 2529 901 2608 ploni
946 2530 1101 2608 paradiso.
1119 2529 1171 2612 ubi
1190 2547 1250 2593 con
1265 2538 1423 2611 crotopus
1447 2535 1478 2593 in
1496 2531 1700 2596 ascendendo
1716 2529 1800 2592 lobo-

44 2617 120 2672 sunl
132 2615 315 2696 gemituum,
333 2617 363 2674 ct
378 2613 594 2694 laerymarum.
612 2612 672 2677 Sed
689 2613 759 2691 quia
782 2612 899 2686 bario,
948 2629 1028 2692 rere3
1045 2614 1101 2676 sed
1118 2616 1185 2690 ipse
1202 2614 1295 2676 horno
1311 2615 1413 2693 posuit
1427 2613 1488 2677 sibi
1500 2612 1803 2686 locum,morito·ccl·

45 2695 283 2772 utplurimum,
301 2695 340 2758 de
356 2696 497 2778 lacrymis
513 2699 578 2760 suis
594 2695 750 2774 loquitur,
769 2700 832 2760 tres
853 2711 902 2760 so·
949 2713 1006 2774 pac
1020 2713 1107 2764 suae.
1124 2697 1155 2758 in
1171 2698 1249 2762 valle
1262 2699 1476 2779 laerymarum,
1494 2698 1576 2759 unde
1591 2715 1660 2759 curn
1684 2696 1801 2776 gemitu

45 2776 111 2840 lum
128 2779 299 2842 versiculos
314 2781 606 2854 considerabimus,
630 2781 661 2842 in
677 2779 792 2859 quibus
807 2779 903 2844 [levid
948 2787 978 2844 ει
989 2780 1143 2859 lacrymis
1164 2798 1224 2843 non
1240 2785 1430 2863 sinemagno
1448 2783 1566 2853 labore,
1584 2787 1614 2840 et
1628 2781 1804 2860 fatigatione

46 2877 159 2924 omnes
173 2861 312 2925 bortatur
333 2863 371 2925 ad
394 2862 566 2948 lacrymas,
592 2862 680 2942 quasi
706 2863 743 2925 ad
770 2861 903 2926 officium
948 2868 995 2928 est
1010 2864 1255 2928 ascendendum.
1280 2864 1397 2930 Dicitur
1419 2871 1521 2926 autern
1542 2863 1629 2926 ratiis
1654 2865 1801 2946 lacryma·

48 2947 207 3024 proprium
225 2943 479 3026 Sanctorum‚qui
497 2947 652 3025 pertinent
667 2947 703 3008 ad
717 2947 903 3011 columbam.
948 2963 1015 3010 rum
1032 2949 1131 3022 locus,
1149 2950 1230 3010 unde
1246 2951 1390 3012 ascensio
1417 2947 1610 3027 disponenda
1634 2954 1703 3026 cst3
1727 2963 1802 3026 quo·

47 3026 135 3092 Unus
151 3028 324 3092 versiculus
348 3035 397 3092 εει
417 3031 447 3092 in
465 3030 584 3094 Psalmo
599 3027 902 3112 octogesimotcrtio,
950 3031 1029 3094 niam
1047 3047 1138 3094 neruo
1154 3036 1255 3110 potest
1269 3036 1299 3092 in
1318 3039 1377 3095 tarn
1393 3032 1548 3094 laborioso
1571 3031 1682 3093 itinera
1699 3047 1804 3109 perse·

46 3112 101 3188 qui
117 3113 163 3174 sio
180 3111 411 3177 babet:Beotus
423 3114 484 3190 cir,
501 3115 594 3178 euius
610 3114 832 3178 estoumilium
847 3113 905 3176 obs
950 3129 1066 3188 verare,
1084 3114 1142 3177 nisi
1160 3115 1328 3176 identidem
1351 3116 1388 3176 ad
1411 3115 1509 3177 Deum
1533 3121 1635 3192 gemm
1655 3129 1711 3192 pro
1727 3129 1805 3176 noro

47 3202 90 3258 te:
101 3197 306 3259 ascensiones
319 3196 357 3260 ιε
369 3201 535 3262 cordcsuo
548 3199 706 3275 disposuit
716 3199 752 3260 ln
763 3194 847 3260 ualle
858 3198 904 3260 lu·
950 3197 1073 3272 rutilio,
1087 3203 1116 3258 ei
1133 3214 1212 3274 pane
1225 3199 1426 3276 laerymarum
1450 3199 1615 3274 reficiatur,
1632 3198 1711 3260 torta
1729 3197 1821 3266 illud,

49 3281 905 3362 emmerammumquemamodumversiculus
950 3281 1806 3361 eiusdempropnetaeooeruutmintlaerymaemeoe

46 3369 98 3426 est
113 3363 144 3425 in
162 3363 283 3426 Psalmo
299 3366 619 3445 nonagesimoquarto,
639 3365 728 3426 cuius
744 3367 820 3427 baec
832 3369 905 3428 sunt
948 3380 1052 3444 pomos
1068 3365 1131 3442 dte,
1146 3381 1185 3427 oc
1196 3363 1382 3428 moctellinc
1394 3364 1535 3428 videlieet
1548 3365 1807 3444 intelligere-pos·

47 3447 714 3529 verbalemteodoremus,etproetdomus
724 3448 908 3514 cnlelleum
950 3455 1220 3526 sumus,quanturn
1231 3448 1378 3516 aberrent
1393 3466 1407 3509 a
1421 3449 1564 3528 sicquae
1576 3448 1660 3510 ducit
1671 3448 1709 3511 ad
1722 3463 1808 3511 mon·-

44 3533 213 3612 ploremus
225 3547 335 3596 corum
351 3532 499 3612 Dorulato,
516 3534 573 3614 qui
593 3531 666 3610 fecit
686 3547 758 3595 uos.
785 3531 907 3596 {lortius
952 3539 1011 3594 tem
1030 3532 1156 3610 lleiqui
1172 3532 1282 3594 vallem
1298 3533 1499 3612 lacrymarum
1515 3531 1673 3594 declinare
1689 3547 1805 3594 conan-

47 3616 223 3682 rersionlus
238 3623 285 3680 est
301 3618 330 3678 in
348 3617 468 3680 Psalmo
484 3617 655 3680 centesimo
669 3615 907 3693 vicesimoqaio-
952 3621 1012 3686 tur,
1026 3623 1057 3676 et
1072 3630 1125 3692 per
1138 3623 1220 3694 prata
1236 3615 1365 3678 floribus
1378 3616 1488 3677 relerla
1503 3617 1676 3678 discurrere
1691 3615 1809 3678 malunt

46 3707 91 3764 to:
112 3699 173 3778 Qut
192 3699 358 3764 seminant
382 3701 420 3766 ln
446 3702 617 3782 lucrymis,
640 3701 678 3764 in
704 3701 907 3766 emunctione
951 3699 1036 3762 iuxta
1050 3699 1126 3760 illud
1144 3699 1332 3777 Sapientiae:
1349 3699 1482 3763 Nullum
1502 3700 1545 3762 stt
1557 3705 1703 3778 protum,
1722 3700 1811 3780 quod

47 3790 182 3851 metent.
951 3798 1021 3848 oon
1033 3787 1238 3862 pertranseat
1254 3784 1393 3846 lomurto
1407 3787 1530 3857 nostru,
1555 3785 1607 3862 qut
1626 3788 1732 3861 postea
1748 3783 1810 3848 lru·

93 3869 218 3935 Primus
234 3867 405 3933 versiculus
420 3867 475 3931 tria
498 3867 627 3945 requirit
651 3865 690 3928 ab
716 3881 775 3940 eo,
801 3867 853 3946 qui
869 3865 914 3930 ad.
953 3873 1015 3930 stra
1032 3872 1214 3944 queruntur.
1232 3873 1261 3929 et
1277 3867 1395 3928 dicunt:
1413 3869 1497 3947 Erpo
1513 3866 1695 3931 erravimus
1717 3869 1811 3932 uoto

47 3954 176 4018 culmen
191 3953 392 4018 beatitudinis
408 3955 569 4032 pervenire
585 3949 750 4013 desiderat.
774 3951 907 4012 Primum
953 3952 1119 4026 ueritatis,
1148 3955 1177 4012 et
1197 3950 1343 4013 iustitiae
1366 3951 1477 4014 lumen
1497 3966 1566 4016 non
1592 3952 1680 4014 lucil
1700 3949 1806 4016 nobis.

48 4046 110 4114 εει,
130 4045 163 4102 ut
178 4039 216 4101 de
231 4053 285 4100 sua
303 4039 413 4100 virtute
426 4035 583 4110 diffidens,
594 4035 633 4096 de
649 4033 761 4098 auritio
779 4034 834 4099 Dei
846 4034 907 4098 ral-
956 4035 1134 4120 Neonminus
1147 4035 1300 4118 aberrant,
1318 4032 1370 4112 qui
1387 4051 1442 4112 per
1457 4036 1566 4098 vallem
1584 4034 1810 4116 lacrymarum,

48 4125 90 4187 de
106 4121 256 4192 confidat,
280 4120 426 4184 sicenim
442 4120 495 4183 ait:
516 4119 635 4182 Beolus
658 4119 730 4190 uir,
754 4119 849 4182 ouius
865 4122 910 4182 est
954 4118 1021 4181 sine
1040 4117 1193 4197 lacrymis,
1212 4124 1241 4180 et
1253 4120 1367 4196 gemitu
1380 4119 1550 4181 ascendere
1563 4133 1596 4181 se
1609 4134 1701 4196 posse
1717 4117 1811 4182 conl·

46 4207 220 4272 munitium
235 4205 291 4270 obs
306 4207 412 4282 te,lroo
428 4204 542 4274 estille
559 4205 667 4266 beatus
682 4208 729 4264 est
745 4203 776 4264 in
792 4219 861 4280 spe,
876 4209 906 4265 ct
954 4203 1041 4264 dunt.
1058 4201 1218 4264 Eiusmodi
1234 4209 1336 4264 autem
1351 4208 1434 4274 sunt,
1452 4207 1504 4280 qui
1522 4202 1616 4265 corde
1633 4203 1719 4264 arido
1741 4204 1810 4266 sinc

45 4293 161 4356 beatus
176 4289 235 4351 erit
250 4291 281 4351 ιε
297 4304 344 4363 re,
361 4288 413 4365 qui
431 4305 493 4352 non
506 4283 631 4350 coaddit
654 4289 684 4347 in
700 4287 812 4348 ιιιιειε
828 4302 883 4349 εεε
898 4332 906 4363 ,
954 4285 1133 4360 attentione,
1148 4291 1181 4346 et
1194 4284 1263 4348 sine
1277 4285 1514 4359 devotione,nec
1529 4288 1598 4347 ειεε
1614 4287 1727 4348 ιεεειιε
1742 4299 1813 4350 era·

46 4377 106 4440 aed
126 4377 156 4436 tn
172 4373 288 4436 auxilio
304 4371 423 4436 llomini
440 4389 448 4443 i
471 4377 502 4434 ει
517 4372 587 4433 ideo
603 4369 745 4432 auxilium
763 4371 831 4431 eius
848 4383 909 4432 non
955 4368 1078 4448 galieno
1094 4373 1145 4432 aut
1160 4374 1258 4444 orant,
1275 4374 1328 4429 aot
1343 4367 1488 4446 psallunt,
1505 4374 1556 4432 aut
1571 4369 1667 4433 libros
1683 4367 1740 4432 llci
1757 4385 1810 4434 ou·

47 4465 99 4523 est
115 4473 191 4531 ase,
208 4455 264 4520 sed
280 4457 336 4520 abs
353 4462 393 4518 ιε.
411 4453 489 4516 llibil
507 4455 589 4522 enim
607 4459 703 4533 magis
724 4455 789 4516 odit
804 4452 907 4515 Omni·
954 4451 1037 4515 riose
1050 4453 1157 4529 magis,
1176 4467 1265 4530 quam
1283 4451 1333 4528 pio
1349 4453 1467 4530 legunt.

47 4547 178 4624 potens,
198 4557 289 4619 quom
303 4538 484 4620 superbiam
501 4540 590 4612 eius,
608 4537 658 4616 qui
675 4553 731 4615 per
746 4536 910 4600 elationem
952 4543 955 4562 ‘
996 4534 1057 4598 Sed
1073 4537 1231 4597 ueniamus
1252 4535 1290 4596 ed
1306 4534 1434 4598 alterurn
1462 4535 1573 4600 Psulmi
1597 4535 1809 4602 versiculum:

48 4627 165 4690 mentis
181 4631 386 4702 excaecatus,
411 4639 473 4686 non
500 4623 637 4704 agnoscit
663 4619 906 4685 imbecillitatem
958 4619 1264 4686 leuiteoooremos,
1289 4620 1562 4698 etprootdomus,
1590 4623 1620 4683 et
1642 4619 1809 4700 ploremus

48 4728 153 4774 suem.
170 4709 310 4772 Alterum
327 4713 398 4780 est,
414 4714 448 4770 ει
464 4721 527 4769 εεε
542 4705 582 4765 iia
600 4702 731 4766 confidet
746 4709 777 4766 in
792 4703 911 4768 adiuto-
954 4719 1065 4766 corum
1080 4701 1227 4776 Domino,
1244 4705 1302 4782 qui
1315 4702 1389 4780 lecit
1402 4718 1474 4766 nos.
1491 4701 1590 4780 Illud,
1612 4704 1718 4767 uenite
1733 4719 1827 4777 ,aon

49 4796 98 4860 rio
113 4793 280 4869 ditissimi,
297 4799 329 4854 ut
344 4793 510 4866 existimet,
535 4789 611 4850 nibil
627 4805 641 4848 a
657 4787 774 4850 sellari
790 4795 910 4866 oporte·
955 4792 1003 4850 εει
1018 4789 1181 4862 ιειιιεειιε,
1199 4791 1230 4849 ει
1244 4787 1444 4849 cobortantis.
1459 4785 1569 4849 Incitat
1580 4787 1663 4850 enim
1680 4787 1809 4852 uerba·

47 4895 97 4942 re:
116 4891 249 4942 neccsse
264 4884 311 4940 cst
327 4876 421 4946 enim,
437 4879 470 4936 ει
481 4873 612 4934 liberam
626 4870 782 4934 arbitrium
799 4883 910 4948 coepe·
956 4869 1017 4942 rid,
1031 4876 1061 4932 ει
1076 4872 1249 4932 cohortatur
1264 4871 1409 4950 populum
1432 4869 1510 4946 Ilei,
1533 4877 1566 4934 ει
1587 4873 1751 4935 εοειεειει
1772 4873 1811 4937 ad

46 4969 138 5026 retur
152 4964 278 5040 gratiae,
294 4959 378 5022 iuxta
394 4957 471 5024 illud
484 4953 622 5033 Apostoli
639 4958 668 5015 in
684 4958 787 5035 priore
802 4955 841 5020 ad
856 4954 911 5018 Go-
955 4954 1053 5016 Deum
1070 4954 1294 5027 honorandum,
1312 4960 1341 5015 et
1356 4954 1544 5016 laudandum
1562 4956 1667 5028 corde,
1686 4969 1760 5020 roco
1782 4963 1813 5020 et

46 5047 195 5108 rintnios:
212 5043 282 5108 Non
294 5048 487 5120 dotemeqo,
503 5040 560 5104 sed
575 5035 682 5118 qrott'o
700 5037 756 5102 tier·
770 5055 907 5104 mecum
957 5049 1065 5116 opere.
1082 5037 1240 5114 Frequens
1262 5044 1309 5099 cst
1331 5036 1363 5098 in
1386 5036 1552 5115 seripturis
1575 5039 1653 5102 baec
1676 5037 1814 5104 inritatio

49 5129 109 5192 llbi
127 5145 190 5192 nou
207 5128 282 5191 dixit
295 5126 476 5204 apostotus,
495 5141 556 5186 non
572 5131 670 5186 autern
684 5137 754 5200 ego.
770 5124 826 5187 sed
843 5140 910 5203 gra·
956 5135 1011 5201 per
1027 5119 1286 5196 corbumlern‘le,
1302 5136 1361 5182 non
1378 5122 1478 5182 solum
1495 5123 1532 5182 ed
1548 5121 1628 5184 bona
1646 5123 1814 5201 operasse

48 5213 90 5276 tia
107 5213 175 5286 liei,
195 5228 235 5278 ne
252 5211 329 5278 torte
342 5213 554 5288 suspicaretur
569 5204 913 5286 sliquismrbilauobis
958 5210 1048 5268 etiam
1065 5206 1102 5266 ad
1119 5206 1208 5266 mala.
1227 5203 1332 5266 Venite
1343 5203 1506 5282 sociemus
1527 5205 1620 5268 nobis
1636 5207 1809 5285 ciuitatem,
1848 5203 1850 5210 ’

48 5297 187 5376 requiri,
205 5295 288 5371 nisi,
305 5299 339 5358 ut
354 5293 493 5356 sinamus
507 5291 628 5368 Deum,
652 5306 708 5366 per
730 5289 857 5368 qratiam
880 5291 911 5351 iu
959 5291 1127 5365 etturm'm,
1144 5288 1608 5369 quoeperliuqotodooelum,
1626 5289 1812 5354 dixeruntln

50 5381 148 5446 nobis
161 5381 295 5462 operari:
312 5376 518 5456 additigitun
530 5390 672 5450 mecum,
691 5380 723 5436 ut
738 5373 912 5452 significet,
959 5373 1071 5436 Genesi
1086 5374 1226 5453 gigantes
1238 5371 1415 5451 Babylonis.
1434 5371 1549 5452 Venite,
1564 5375 1812 5452 descendamus,

49 5481 112 5530 nos
128 5471 363 5544 cooperatores,
380 5467 412 5524 ει
427 5457 620 5522 εεειιιειειεε
634 5457 688 5520 llei
701 5457 731 5518 in
747 5473 844 5534 opere
859 5473 913 5522 no·
959 5461 989 5520 et
1002 5456 1242 5535 confundamus
1266 5455 1416 5534 linpuom
1436 5455 1580 5535 illorum,
1600 5457 1680 5540 ,uixit
1695 5457 1812 5523 ibidem

50 5556 138 5613 strae
153 5549 264 5624 salutis
279 5560 350 5610 esse
371 5543 512 5616 debere,
535 5547 568 5620 pt
589 5541 668 5604 idern
693 5539 858 5619 Apostolus
880 5542 912 5602 in
958 5541 1041 5604 Deus
1053 5539 1090 5602 ad
1107 5539 1242 5620 angelos
1258 5537 1489 5604 ministrosirae
1504 5555 1591 5620 suae,
1603 5542 1650 5605 rel
1662 5539 1745 5605 lleus
1758 5539 1812 5607 Pa·

51 5635 158 5712 priore
175 5633 211 5696 ad
230 5627 404 5696 Corinthios
427 5627 538 5696 docet,
557 5643 624 5688 oum
640 5625 692 5687 ait:
710 5623 766 5688 ller'
780 5626 910 5690 adiuta·
957 5629 1003 5688 ter
1019 5624 1056 5685 ad
1071 5621 1195 5700 Piliam,
1211 5623 1404 5701 etspiritum
1416 5631 1569 5701 sanctum,
1583 5632 1691 5690 contra
1705 5626 1813 5710 gigan·

47 5735 103 5784 res
118 5732 247 5784 surum.
261 5713 336 5782 Ideo
350 5709 512 5794 subiungit
523 5709 688 5792 Propheta:
699 5705 909 5778 Αεεεεειοεεε
955 5706 1194 5790 tesllanlonto.
1210 5705 1403 5778 mmmm.
1417 5707 1627 5778 lloorarbum
1652 5709 1693 5776 ad
1717 5707 1813 5794 spiri·
