4048 6242
318 333 370 395 rit
928 335 1165 410 ascensionis
1185 337 1220 396 ut
1239 339 1341 398 noim

245 467 978 536 siinbreuiterconsideremusiinisintrinsecos
989 470 1096 534 unius·
1140 471 1249 535 merito
1271 471 1370 544 iubet,
1387 486 1422 532 ac
1438 468 1534 532 dicit:
1550 467 1727 534 Dominum
1742 465 1843 531 Deum
1858 475 1954 534 tunm
1969 487 2005 532 o·

244 552 396 632 cuiusque
412 554 458 620 rei
473 564 520 617 cst
534 558 631 620 slatus
647 555 812 634 pertusius,
825 553 966 631 sduuc‘m
979 554 1094 618 resilis
1139 554 1284 631 durabis,
1297 561 1327 616 ei
1337 554 1388 618 iili
1402 553 1464 616 soli
1476 555 1608 616 seruies.
1623 550 1684 615 Sed
1701 550 1825 613 attende
1840 553 1942 615 anima
1959 553 2005 614 di·

244 637 406 713 pervenire
429 643 540 713 potest.
563 636 648 700 Finis
671 637 858 699 intrinsecus
880 635 984 714 palatii
1009 643 1057 700 est
1072 641 1095 700 i·
1139 637 1283 716 itpentcr,
1302 652 1352 700 res
1367 644 1525 709 caeterae,
1543 650 1623 713 quse
1641 641 1767 713 propter
1781 632 1938 698 bominem
1960 637 2004 697 ia·

244 732 334 792 psum
357 721 642 797 complementum,
664 726 694 782 ct
716 719 865 798 periectio
887 721 953 796 ipss
969 719 1093 799 palatii:
1140 726 1206 783 otae
1221 729 1304 792 sunt,
1318 721 1379 798 ipsi
1391 718 1507 782 bomini
1524 718 1618 780 utiles
1632 722 1716 789 suni,
1734 732 1795 778 non
1811 715 1885 792 sibu
1901 719 2004 781 boari-

186 843 190 858 ,
243 802 316 862 iunc
331 803 413 864 eninr
429 802 546 866 linitum
563 819 635 866 esso
650 801 771 876 dieitur,
786 819 856 865 curn
873 801 948 865 nibil
964 804 992 864 ei
1008 802 1096 866 deest
1140 803 1171 864 ni
1188 803 1328 866 laborant
1343 803 1491 876 iumenta,
1508 816 1570 863 nun
1585 799 1661 879 sibi3
1678 799 1816 862 hominis
1831 801 1958 868 ceilam.
1973 809 2005 864 ει

242 895 361 956 εοιιιι,
385 902 463 961 quae
486 887 589 965 palatii
611 891 762 950 siruotcre
786 885 925 964 requirit.
948 884 1033 948 Finis
1048 886 1095 948 in·
1139 885 1296 956 borreum,
1310 886 1540 963 eimarsupium
1557 882 1780 961 inplentcpri,
1795 881 1915 959 uineae,
1930 885 2003 948 bor·

244 963 397 1030 trinsecus
418 969 537 1032 arboris
552 977 601 1034 est
614 975 710 1032 status
733 970 900 1045 perlectus,
918 985 1009 1047 ouem
1026 969 1095 1034 eius
1141 969 1173 1044 ti,
1191 983 1252 1030 non
1268 987 1358 1031 suum
1373 986 1382 1029 ε
1399 967 1535 1045 denique
1550 982 1709 1030 serrorum
1725 969 1774 1028 est
1790 965 2003 1051 lacunosa·

242 1053 346 1110 notura
369 1052 520 1126 requirit:
543 1057 616 1114 tunc
637 1054 719 1113 enim
739 1049 834 1116 inem
848 1067 938 1114 suum
955 1051 1094 1132 attigisse
1139 1051 1255 1124 dor,·ei
1268 1052 1426 1132 iutigaiio;
1444 1050 1560 1112 domini
1577 1055 1680 1111 cutem
1699 1049 1833 1120 luorum,
1849 1053 1881 1112 et
1895 1048 2001 1125 onies,

242 1127 302 1192 dici
315 1137 415 1210 potest
427 1133 528 1208 arbor,
542 1151 612 1198 curu
624 1149 727 1202 ramos
739 1134 887 1207 extendit,
900 1131 1012 1198 eilolic
1026 1151 1094 1213 pro·
1139 1141 1169 1198 et
1190 1135 1342 1214 solapius.
1359 1134 1396 1197 tt
1409 1132 1559 1195 llominas
1572 1131 1658 1196 beas
1680 1138 1772 1207 tuus,
1797 1128 1851 1208 oui
1867 1131 1951 1194 nulle
1968 1149 2003 1196 re

242 1210 336 1290 duxit,
354 1213 527 1280 sideribus
542 1221 645 1280 ornain
662 1223 721 1286 est,
735 1233 771 1278 ao
787 1217 878 1292 paulo
894 1223 964 1295 post
979 1219 1092 1294 pomis,
1139 1217 1269 1294 indiget,
1297 1221 1414 1280 seruire
1440 1216 1564 1294 quidem
1582 1214 1642 1278 sibi
1658 1215 1722 1276 ruit
1738 1213 1896 1276 bominem
1911 1259 1920 1288 ,
1938 1217 1999 1278 scd

102 1371 111 1388 ·
137 1335 140 1340 <
241 1293 342 1369 iisuue
356 1297 484 1362 maturis
499 1307 621 1363 onerata
637 1299 785 1362 cernitur.
802 1298 899 1364 Homo
914 1299 1023 1380 igitur,
1041 1301 1093 1379 aui
1142 1301 1313 1372 utilitatem,
1331 1306 1361 1362 ει
1384 1300 1516 1372 Ιιειιιι,
1533 1303 1563 1360 ει
1580 1296 1748 1374 praemium
1763 1296 1930 1362 servientis
1946 1299 2003 1360 bo-

240 1381 277 1440 ed
291 1378 989 1454 linemcelsissimuin'oreatusest,tunclloem
1002 1401 1092 1446 suurn
1139 1382 1234 1444 minis
1249 1399 1322 1447 esse
1338 1385 1412 1457 ruli,
1429 1396 1489 1444 aun
1506 1395 1609 1443 suum.

240 1469 426 1526 consecutus
440 1463 501 1528 dici
518 1467 720 1544 poterii,curn
736 1481 838 1528 mcum
855 1467 923 1528 cius
940 1464 1036 1528 Deum
1051 1466 1095 1528 ri·
1178 1464 1352 1530 libamine
1371 1467 1492 1535 sconis,
1509 1469 1539 1526 ei
1552 1462 1639 1526 mitia
1653 1507 1661 1538 ,
1677 1467 1708 1525 ει
1728 1461 1851 1526 rnuboe
1872 1461 2001 1529 misert-

239 1544 345 1618 debit,
362 1548 451 1612 sicuti
468 1555 537 1622 esi;
560 1565 650 1627 ouem
672 1548 831 1614 risionem,
844 1545 974 1612 scientie
991 1563 1092 1612 rerum
1136 1549 1292 1620 cordiae,
1316 1547 1386 1625 quis
1409 1560 1472 1608 ιιι·
1487 1546 1658 1609 totocorde
1673 1547 1786 1608 serrisi
1803 1543 1869 1616 tibi,
1886 1547 1912 1606 si
1929 1547 2000 1608 dul·

239 1629 375 1692 omnium
392 1639 614 1710 consequetur,
630 1631 814 1694 eiroluntcs
827 1630 895 1710 ipsu
908 1645 1029 1694 summo
1040 1631 1094 1694 bo·
1139 1632 1280 1694 cedioenr
1297 1632 1415 1709 paterni
1431 1630 1558 1694 dunriaii
1581 1629 1637 1703 tui,
1654 1630 1704 1690 rel
1718 1625 1872 1698 modicum
1897 1629 1997 1708 dega-

239 1722 279 1770 uo
300 1714 516 1782 ardentissime
539 1723 638 1778 amato
660 1719 691 1778 ει
712 1713 890 1776 desiderato
905 1713 1045 1788 lrueiur,
1064 1717 1095 1778 et
1138 1718 1219 1776 sture
1246 1713 1398 1792 incipiat?
1422 1714 1496 1790 quid
1524 1713 1615 1780 iubes
1629 1711 1759 1774 bomine
1783 1711 1880 1772 serris
1908 1713 2000 1774 iurst

238 1807 353 1870 corpus
367 1795 602 1871 immortalitate,
620 1803 650 1861 ει
664 1795 910 1876 impassibilitate
925 1840 934 1865 ,
957 1795 1094 1878 utileque
1141 1795 1260 1872 Tollite,
1279 1797 1527 1876 inquissimam
1542 1810 1650 1858 areum
1665 1809 1764 1872 super
1776 1807 1843 1863 uos,
1860 1799 1891 1856 et
1906 1797 2001 1872 quale

239 1873 365 1940 dotibus
380 1878 527 1956 gloriosis
543 1881 713 1959 praeditum
731 1887 879 1957 perpetuo
897 1895 973 1957 pace
988 1886 1019 1941 et
1033 1879 1096 1942 iae·
1138 1884 1185 1941 εει
1207 1881 1311 1959 iugum
1336 1879 1448 1942 tuuml
1469 1881 1595 1958 ispum,
1620 1875 1740 1955 inquit,
1764 1891 1874 1942 meum
1893 1891 1998 1940 suooe

238 1955 299 2019 titia
321 1961 465 2044 potietur.
488 1961 525 2024 lit
546 1964 691 2042 quonium
717 1964 851 2026 essentia
876 1961 968 2026 buius
992 1961 1093 2026 doniis
1136 1965 1192 2034 esi,
1216 1971 1246 2024 et
1266 1979 1349 2026 ortus
1373 1977 1482 2024 meum
1503 1961 1582 2022 icoc.
1610 1958 1685 2033 Quis
1711 1957 2001 2024 noo-libentissime

236 2036 435 2108 beatitudiuis
449 2052 495 2108 est
510 2046 588 2110 risio
604 2045 671 2114 liei.
689 2061 745 2124 per
761 2061 851 2122 quarn
869 2043 1022 2124 linegines
1035 2045 1092 2109 liei
1138 2043 1214 2108 lerni
1230 2046 1333 2124 iugum
1350 2045 1432 2124 quod
1449 2059 1509 2106 noa
1525 2042 1659 2123 premii.
1677 2043 1731 2105 scd
1750 2041 1850 2112 torui,
1868 2047 1899 2104 ct
1913 2058 1997 2106 acus

238 2126 454 2204 casinensem,
468 2117 580 2206 ipsiad
592 2129 764 2208 perlectum
778 2127 1093 2204 staiom‚perlocicm·
1139 2127 1221 2205 cuod
1238 2144 1298 2190 non
1314 2135 1429 2208 granai,
1451 2127 1507 2188 sod
1530 2124 1654 2202 rebeiii
1669 2122 1777 2188 merito
1799 2121 1893 2202 igitur
1907 2126 1997 2188 addi·

237 2221 298 2283 oue
321 2207 554 2274 similitudinem
577 2225 647 2274 cum
672 2209 839 2287 exemplari
863 2215 969 2273 nestro
988 2211 1093 2274 diriao
1138 2211 1223 2282 disti,
1238 2209 1451 2274 ctioooaiett's
1464 2211 1612 2290 requiem
1626 2206 1801 2272 animabus
1814 2207 1943 2270 restris.
1961 2207 2000 2270 lii

238 2293 476 2370 perveniemus3
494 2292 563 2356 ideo
578 2292 688 2357 scribit
701 2293 735 2356 li.
753 2293 905 2366 loannes:
922 2291 1091 2373 Naaciiiii
1138 2294 1219 2370 quod
1241 2301 1289 2357 est
1311 2297 1415 2370 iurum
1438 2300 1537 2361 tuum.
1561 2292 1643 2369 quod
1665 2304 1727 2354 non
1744 2289 1932 2368 tetigisses
1950 2308 1998 2354 re·

237 2368 294 2433 liei
307 2389 440 2449 sumus,
464 2379 494 2438 ei
513 2377 661 2440 reundum
682 2378 838 2454 apparuit
858 2376 941 2456 quio
960 2378 1092 2440 ειιιιιε.
1137 2376 1241 2453 ouicrn
1257 2376 1371 2438 adlerti
1388 2390 1500 2452 nempe
1514 2374 1693 2436 mandatum
1709 2373 1792 2436 iilud
1800 2373 1947 2450 primum,
1968 2381 1999 2438 et

236 2451 364 2520 Scimus
384 2463 490 2532 emim,
510 2462 591 2538 puio
612 2475 686 2522 com
699 2463 911 2537 apparuerit.
927 2457 1048 2522 similes
1063 2461 1094 2524 ei
1138 2460 1314 2523 marimum:
1330 2459 1450 2538 liiiipes
1462 2457 1637 2520 Dominum
1651 2456 1863 2524 bromosum
1876 2472 1921 2520 em
1933 2465 1998 2520 toto

235 2539 368 2617 mmor,
384 2543 466 2624 quio
477 2541 658 2605 ridebimus
672 2558 746 2604 eum
758 2543 857 2604 sicuti
871 2547 926 2604 eet.
1136 2543 1236 2606 corde
1258 2549 1324 2604 tao.
1342 2541 1420 2615 Quid
1443 2541 1526 2604 enim
1545 2537 1679 2616 lucilius,
1694 2540 1841 2612 suerius,
1858 2537 1997 2608 dulcius.

282 2622 348 2686 Osi
363 2639 483 2702 posses,
497 2626 610 2700 anima,
627 2625 762 2703 cogitare
778 2625 850 2701 auid
868 2625 926 2686 iroc
940 2623 1092 2700 nissimi-
1138 2641 1228 2701 uuam
1251 2625 1381 2704 diligere
1402 2624 1594 2698 bonitatem,
1618 2630 1648 2686 et
1661 2619 1949 2701 pulchritudinem,
1968 2629 1999 2688 et

235 2699 280 2768 ies
302 2708 333 2770 ci
353 2707 497 2781 emnem,
520 2710 601 2788 quia
620 2708 798 2770 uidebimus
819 2722 894 2772 aum
913 2707 1010 2770 aiecii
1024 2714 1092 2786 esi3
1136 2721 1295 2780 amorem,
1319 2705 1401 2786 quod
1425 2713 1519 2770 totum
1537 2721 1572 2767 cs
1588 2713 1618 2766 tu
1634 2704 1764 2768 Domine
1779 2701 1864 2768 licus
1879 2707 1998 2770 meus?

234 2804 325 2865 qaam
341 2789 402 2854 cito
416 2791 547 2853 nebulae
561 2805 671 2854 omnes
687 2799 874 2853 terrenarum
890 2791 1091 2868 cupiditatum
1138 2789 1230 2853 liccte
1252 2791 1397 2853 iudicarit
1417 2805 1526 2852 serius
1548 2795 1633 2850 tuum
1649 2788 1767 2863 David,
1784 2791 1836 2865 oui
1852 2793 1997 2852 mandata

236 2872 474 2950 dissiparentur.
496 2873 579 2936 licus
593 2872 792 2936 beatissimus
807 2879 876 2945 est,
891 2878 923 2935 et
938 2873 1008 2936 ideo
1023 2874 1093 2936 bea·
1137 2880 1185 2935 tus
1202 2889 1272 2935 esse
1289 2873 1432 2943 consuit.
1456 2871 1690 2937 desiderabilia
1714 2885 1950 2948 superdueam
1966 2881 1997 2934 et

235 2954 396 3028 tissimus,
416 2955 489 3035 auia
507 2970 632 3035 semper
647 2957 730 3018 ridet
743 2957 882 3035 seipsum
897 3001 906 3028 ,
922 2953 1012 3018 sicuti
1030 2963 1090 3036 est,
1136 2955 1280 3033 lapidem
1299 2958 1478 3033 pretiosum
1498 2955 1649 3028 miiitum,
1666 2959 1703 3018 ,ει
1724 2954 1872 3018 dulciora
1893 2969 1998 3033 super

233 3052 332 3116 seque
349 3041 417 3118 ipso
432 3055 552 3101 summo
568 3039 650 3103 bonu
663 3037 834 3102 clarissime
845 3041 924 3117 riso,
938 3045 969 3102 et
980 3038 1090 3103 erden·
1135 3040 1199 3101 mci
1213 3047 1242 3101 ct
1255 3038 1379 3116 ionum,
1393 3045 1423 3098 et
1437 3037 1573 3100 addidit:
1587 3035 1626 3099 lli
1638 3038 1677 3099 ia
1691 3037 1912 3100 custodiendis
1926 3039 1996 3100 iilis

235 3120 353 3184 tissime
376 3128 478 3183 arneto
503 3124 572 3184 sine
589 3120 650 3184 uilc
666 3119 841 3186 cessatione
855 3122 975 3200 abipso
991 3128 1090 3186 oeter-
1134 3121 1302 3185 retributio
1325 3121 1441 3184 multo.
1458 3119 1536 3196 Quid
1559 3126 1608 3182 cst
1629 3119 1710 3190 buc,
1727 3118 1857 3182 burnice
1871 3119 1885 3180 i
1900 3120 1994 3182 etiam

234 3201 328 3266 nitate
344 3203 464 3267 lruitur.
480 3203 546 3268 lloc
562 3202 782 3266 inaestimabili
798 3205 898 3283 bono,
916 3212 945 3266 te
961 3220 1088 3283 quoque
1136 3219 1176 3266 oc
1192 3206 1363 3282 praemium
1391 3203 1548 3283 polliceris
1574 3201 1824 3266 custodientibus
1849 3205 1995 3268 mandata

232 3301 304 3348 eum
322 3287 448 3366 dnpelis
472 3287 589 3350 scanciis
614 3287 796 3368 participem
817 3302 888 3350 esse
913 3285 1087 3368 uoluitid
1136 3286 1355 3350 desiderabilia
1381 3301 1477 3364 super
1501 3300 1609 3348 aurum
1634 3285 1761 3348 multum
1776 3329 1786 3356 ,
1801 3291 1832 3346 et
1853 3284 1992 3350 dulciora

234 3367 947 3433 buncdneinsublimissimumetcelsissimum
962 3374 1088 3433 leores·
1134 3385 1231 3445 super
1256 3371 1356 3432 mellis
1383 3367 1512 3432 larum?
1537 3368 1581 3430 lu
1607 3371 1734 3430 oinnino
1760 3365 1942 3446 praemium.
1962 3379 1994 3430 et

234 3453 286 3513 ιιι.
301 3450 365 3514 iloc
379 3451 532 3534 signibcat
545 3451 633 3515 illud:
649 3451 741 3516 inira
754 3453 791 3514 in
805 3454 967 3532 pendium
978 3451 1088 3517 Domi·
1133 3452 1303 3530 praemium
1328 3452 1554 3530 amplissimum
1581 3450 1752 3527 polliceris.
1770 3450 1893 3513 dicente
1908 3451 1993 3529 Apo·

233 3533 272 3596 ai
285 3535 345 3612 toi,
363 3534 394 3598 id
408 3541 466 3605 εει,
483 3533 528 3598 εἰε
543 3535 696 3614 particeps
710 3535 826 3613 gaudii.
842 3550 904 3615 qno
920 3533 1005 3597 ileos
1021 3537 1088 3614 ipse
1132 3536 1214 3598 stolo
1240 3547 1290 3598 tna
1315 3535 1429 3598 lacobo
1446 3552 1454 3594 :
1485 3532 1646 3596 Coronam
1666 3536 1754 3596 uitae
1778 3539 1995 3612 praeparavit

234 3619 360 3695 gaudet,
376 3623 406 3680 et
420 3615 518 3680 iliad:
536 3617 603 3696 b'po
618 3619 757 3697 dispotm
773 3616 872 3684 uubis.
884 3619 968 3680 ιίειι
981 3618 1090 3698 dispo·
1133 3618 1289 3681 uomicas
1305 3616 1520 3697 dilipentr'bus
1542 3631 1587 3679 se.
1609 3614 1647 3678 tit
1661 3618 1736 3695 quid
1751 3624 1799 3678 est
1813 3631 1926 3678 corone
1945 3620 1991 3680 vi·

233 3699 299 3762 cuii
311 3701 395 3763 milii
408 3701 504 3764 l’aier
523 3715 673 3780 repnum,
689 3705 727 3763 at
740 3699 843 3762 matie
864 3707 893 3762 et
906 3699 1023 3764 bibatis
1035 3718 1089 3765 su·
1134 3699 1209 3762 tae?
1224 3715 1337 3778 nempe
1353 3703 1451 3764 maius
1467 3697 1594 3769 bonurn,
1609 3714 1700 3777 ouem
1716 3699 1764 3762 iel
1780 3698 1928 3776 ospitare,
1943 3703 1993 3762 rel

232 3795 292 3861 per
305 3797 452 3846 mersam
465 3797 571 3846 mecm
585 3784 624 3846 in
636 3799 736 3861 repnc
751 3797 832 3854 meo,
846 3783 876 3844 id
892 3789 950 3859 esi,
967 3786 1089 3862 partici-
1133 3782 1312 3845 desiderarc
1328 3785 1497 3859 possimus.
1515 3782 1566 3844 Sic
1580 3783 1664 3844 wenirn
1680 3781 1816 3860 loquitur
1831 3781 1863 3842 b.
1876 3780 1993 3846 Pacius

236 3880 292 3941 pes
307 3880 361 3928 ros
375 3865 481 3928 luciam
495 3868 581 3944 regni
595 3867 668 3940 mei,
682 3871 713 3927 et
728 3869 831 3945 regiae
848 3879 976 3929 mensae
989 3882 1087 3946 meae,
1133 3879 1169 3926 ex
1187 3865 1280 3926 isaie:
1299 3864 1415 3928 θειιιιι
1429 3881 1498 3928 noo
1511 3865 1604 3939 cidit,
1617 3865 1710 3928 auris
1720 3879 1790 3928 non
1800 3864 1939 3930 audiuit.
1952 3869 1993 3929 in

236 3954 267 4008 ut
281 3946 424 4014 fruemini
440 3948 493 4012 iiio
509 3948 626 4011 bonore
641 3993 650 4022 ,
668 3949 717 4010 ilio
734 3952 904 4027 potestate.
921 3951 952 4011 ei
967 3949 1018 4010 illc
1033 3965 1086 4012 ro·
1132 3962 1187 4012 cor
1198 3947 1339 4012 bominis
1351 3964 1418 4011 acu
1430 3949 1675 4027 ascendisses
1683 3948 1895 4027 praeparauit
1907 3947 1994 4012 dicits

193 4095 204 4116 ,
234 4029 361 4108 ιιριιιε.
378 4049 437 4110 qua
453 4031 536 4094 iruor
551 4047 609 4108 epo
624 4077 632 4105 ,
650 4039 680 4093 et
695 4048 753 4110 quo
770 4031 879 4094 iruitur
894 4031 981 4094 l’ater
996 4047 1085 4096 meus
1132 4029 1193 4101 liis,
1211 4033 1270 4110 qui
1281 4032 1424 4110 diiipuni
1444 4031 1551 4095 ilium
1565 4029 1640 4094 iere
1657 4031 1750 4111 iprae
1765 4036 1795 4092 in
1811 4030 1992 4094 costodien-

234 4112 327 4180 lieus.
344 4113 381 4178 lit
395 4114 464 4190 uuis
480 4112 614 4194 cogitans
631 4119 743 4190 potest,
768 4120 902 4191 ouantes
919 4117 958 4176 sit
975 4116 1085 4194 bonor,
1132 4115 1181 4174 dis
1196 4116 1348 4178 mandatis
1361 4115 1422 4177 tois
1443 4123 1491 4176 εει
1506 4111 1665 4177 retributio
1681 4111 1789 4177 mdiu.
1805 4111 1867 4176 ileo
1881 4115 1986 4176 sotum

235 4203 345 4274 quiante
360 4205 506 4276 potestas,
522 4202 634 4275 quanta
647 4198 811 4272 uoluptas,
828 4203 937 4276 quanta
953 4197 1086 4261 lcliciics
1132 4197 1306 4258 mendcium
1323 4198 1398 4260 illud
1414 4198 1545 4275 primurn
1558 4203 1590 4258 ct
1601 4194 1765 4260 marimum
1782 4193 1856 4259 utile
1871 4203 1920 4258 est
1935 4197 1992 4259 iro·

233 4276 327 4359 ltepis
342 4283 478 4342 omniurn
501 4295 609 4358 repunt
624 4327 632 4350 ,
650 4284 680 4342 ei
693 4280 815 4342 Domini
838 4279 974 4342 omnium
989 4281 1088 4344 domi·
1133 4278 1210 4340 mini
1224 4279 1393 4347 obedienti.
1411 4296 1471 4344 non
1486 4279 1549 4342 lieo
1564 4278 1723 4342 iubentis:
1740 4279 1796 4342 sed
1811 4277 1901 4341 etiam
1918 4295 1991 4344 oae-

234 4376 356 4432 ncrum,
370 4362 489 4426 bomini
505 4359 562 4424 liei
578 4361 694 4424 nostrii
706 4361 794 4424 Certe
809 4365 861 4441 oui
877 4364 915 4426 cd
932 4363 1011 4426 banc
1024 4370 1088 4427 iam
1132 4367 1193 4426 tera
1210 4365 1348 4425 mandata
1365 4363 1441 4441 liei,
1458 4362 1654 4426 obedientem
1670 4361 1844 4439 perliciuat,
1859 4371 1987 4436 ornant,

235 4449 296 4506 tom
322 4443 393 4508 bnis
415 4445 509 4508 nostri
537 4443 730 4507 silitudinem
757 4447 941 4525 cogitatione
966 4461 1088 4526 speque
1131 4445 1285 4516 erudiunt,
1312 4445 1477 4518 illustrant,
1505 4445 1620 4508 bonum
1644 4445 1781 4523 dedique
1805 4460 1841 4506 ac
1861 4443 1990 4508 bortum

234 4530 475 4611 conscenderet,
492 4526 689 4591 erubesceret
705 4528 884 4590 omninode
901 4535 999 4592 terrae
1016 4546 1086 4608 pos·
1131 4530 1275 4592 reddunt.
1290 4530 1389 4607 Quare
1400 4531 1427 4592 si
1440 4529 1524 4606 sepis
1537 4527 1675 4608 intellige
1689 4533 1718 4592 ιε
1730 4528 1767 4590 od
1779 4525 1908 4606 pluriam
1919 4527 1990 4603 liei,

233 4610 379 4680 sessione
402 4611 532 4691 litigare,
557 4611 603 4673 rel
626 4611 666 4672 cb
688 4625 915 4688 quamcumque
940 4612 1086 4677 iacturam
1131 4617 1162 4672 et
1176 4613 1305 4673 sulutem
1322 4620 1401 4674 tuam
1417 4618 1570 4675 aeternam
1584 4610 1988 4683 essccrcainmiruocesse

235 4695 448 4771 temporalium
465 4708 567 4757 rerum
585 4691 691 4774 affligi,
707 4692 757 4756 rei
773 4696 811 4756 de
826 4693 921 4756 lucris
937 4703 1088 4773 temporo·
1130 4691 1223 4756 linem
1240 4703 1336 4768 tuum,
1353 4695 1412 4760 hoc
1428 4701 1565 4758 centrum
1582 4693 1702 4756 animae
1719 4699 1804 4766 tuae,
1821 4693 1905 4756 bunc
1920 4693 1992 4756 tlre·

234 4773 316 4836 libus
330 4777 480 4856 gaudere,
498 4774 718 4845 erubesceret,
736 4775 860 4854 inquom
875 4821 884 4848 ,
901 4777 1021 4841 inhiare
1037 4795 1087 4841 ro·
1130 4793 1254 4838 sacrani
1270 4779 1375 4840 cordis
1389 4779 1444 4840 tui.
1460 4777 1505 4843 tc
1529 4777 1612 4838 buno
1632 4777 1725 4843 dcem
1747 4777 1773 4840 si
1796 4778 1990 4854 perveneris,

234 4857 415 4935 luptatibus,
439 4860 553 4938 quibus
569 4857 686 4921 iniiact
701 4873 811 4936 pecore
826 4905 835 4926 .
852 4859 903 4938 qui
922 4861 1018 4924 locius
1039 4869 1086 4925 est
1129 4860 1238 4923 beatus
1253 4858 1327 4937 eris3
1342 4861 1368 4924 sl
1384 4861 1422 4922 ab
1438 4861 1490 4923 illo
1505 4859 1669 4928 excideris,
1686 4860 1867 4922 misereris.
1881 4858 1990 4922 Proin·

234 4951 340 5002 comes
355 4943 552 5024 Angelorum,
570 4949 600 5004 ει
627 4942 784 5021 particeps
804 4943 956 5014 amicitiae
972 4945 1039 5013 liei.
1056 4951 1087 5009 ei
1130 4943 1169 5004 de
1184 4942 1259 5005 iliud
1277 4942 1331 5005 tibi
1346 4959 1415 5007 rere
1428 4943 1543 5007 bonum
1558 4942 1822 5020 existimassem
1837 4943 1876 5004 ιιι
1892 4941 1990 5006 linem
2013 4993 2014 5002 ,

234 5020 502 5088 inaestimabilium
528 5026 678 5087 bonorum
695 5023 786 5088 eius:
812 5027 958 5102 quonium
972 5029 1086 5092 amico·
1130 5031 1216 5088 tuum
1233 5025 1372 5104 perducit
1388 5044 1396 5086 :
1412 5026 1488 5088 illud
1504 5042 1574 5090 rere
1591 5024 1726 5100 malurn,
1742 5026 1824 5104 quod
1846 5041 1863 5086 s
1880 5025 1941 5088 dne
1960 5033 1990 5088 te

234 5119 303 5167 rum
319 5107 421 5168 omnia
436 5113 508 5170 sant
523 5108 709 5171 communic.
1129 5107 1200 5171 lacit
1215 5110 1369 5172 excidere.
1382 5109 1529 5188 ercspera
1543 5115 1574 5172 et
1584 5109 1722 5175 aduersa.
1735 5123 1813 5185 opes
1823 5111 1855 5171 ει
1866 5109 1987 5186 inopia.

274 5185 341 5250 lam
353 5189 504 5254 rerobnis
517 5192 708 5255 extrinsecus
720 5188 965 5270 uniuscuiusque
978 5191 1022 5256 rei
1035 5199 1083 5255 est
1129 5192 1245 5254 sanitas
1260 5199 1290 5254 et
1300 5195 1481 5271 aegrotatio.
1505 5193 1644 5256 bonores·
1661 5198 1691 5257 ei
1713 5189 1912 5269 ignominiae.
1930 5193 1988 5254 rita

234 5269 299 5343 ilie,
315 5273 404 5334 cuius
419 5276 514 5352 pratia
527 5289 578 5338 res
591 5272 666 5337 iacta
683 5281 741 5338 est.
759 5273 845 5336 diois
861 5274 977 5350 palatii,
995 5273 1083 5338 hebi·
1128 5283 1158 5336 ει
1174 5289 1256 5338 mors
1278 5279 1357 5353 apud
1380 5276 1574 5354 sapientem,
1599 5290 1658 5336 nec
1679 5291 1733 5351 per
1751 5289 1786 5336 se
1801 5276 1988 5351 expetenda.
2012 5283 2013 5370 ,

187 5412 193 5424 ,
235 5356 312 5417 tator
325 5355 415 5418 eius:
432 5354 503 5419 linis
517 5357 647 5431 arboris,
662 5372 827 5436 possessor
840 5360 909 5420 eius
922 5356 1014 5424 :duis
1028 5358 1084 5420 lte·
1127 5373 1186 5418 nec
1202 5363 1257 5435 pei
1271 5373 1305 5420 se
1319 5357 1463 5436 logienda
1479 5367 1563 5421 sunt.
1577 5357 1637 5421 Sed
1649 5359 1675 5420 si
1689 5356 1851 5420 conterunt
1865 5357 1903 5418 ud
1921 5359 1988 5435 glo·
2012 5399 2013 5422 r

233 5438 339 5514 micis,
354 5439 441 5502 solus
456 5436 696 5503 Dominuslicus
707 5439 787 5509 eius,
803 5440 871 5516 ipse
886 5441 969 5504 enim
985 5439 1084 5506 bomi-
1127 5443 1203 5502 riam
1221 5441 1285 5515 bei,
1302 5446 1332 5502 et
1346 5443 1564 5518 sempiternam
1586 5439 1761 5504 felicitatem
1785 5445 1879 5511 tucn,
1904 5439 1988 5502 bona
2011 5443 2012 5502 ἶ

234 5529 307 5588 item
321 5521 407 5598 iecit,
423 5519 464 5584 de
478 5535 536 5584 suo
550 5520 633 5598 iecit,
648 5537 705 5602 pro
719 5536 755 5585 se
770 5522 858 5597 lecit,
875 5525 944 5601 ipsc
957 5539 1084 5586 consor·
1127 5530 1212 5598 suot,
1234 5530 1265 5587 ει
1285 5525 1457 5598 expetenda
1471 5543 1480 5586 :
1499 5526 1524 5589 si
1541 5525 1680 5588 eamdem
1696 5521 1867 5603 impediunt
1882 5565 1891 5596 ,
1909 5525 1989 5584 nala
2011 5529 2012 5620 5

234 5608 305 5679 ιιι,
329 5606 398 5686 ipse
421 5605 540 5684 pascit,
564 5604 630 5684 ipse
651 5604 842 5685 stipendium
857 5606 959 5672 solrii.
975 5605 1083 5688 licque
1128 5614 1211 5686 sunt,
1228 5603 1428 5684 etiupieoda.
