4044 6256
268 307 323 370 Μ
939 299 1021 362 vtes
1040 297 1071 362 8.
1090 299 1268 372 sacellarii

195 443 257 506 bus
274 439 304 502 iu
321 436 425 503 caelos
440 436 610 518 deportari.
628 437 704 504 dum
718 440 821 510 cutem
838 453 894 520 pro
916 441 1063 502 sanctita·
1108 451 1232 505 serrare
1248 433 1431 522 catholicam
1444 430 1550 502 fldem,
1563 445 1656 509 quam
1667 421 1899 506 accepissent,
1911 439 1964 520 aaa·

199 522 238 588 tis
253 535 329 588 suae
346 517 464 584 meritis
487 538 609 586 somme
631 519 670 584 ab
696 519 844 584 omuibus
867 520 1061 602 diligeretur,
1107 540 1141 587 re
1158 517 1317 590 iustitiam,
1339 515 1493 578 fraternae
1516 510 1655 575 oboritatl
1680 510 1832 583 studere,
1865 505 1963 568 bunia

197 606 336 669 omniurn
354 603 453 666 extitit
468 605 571 670 luctus
584 603 707 682 iugens,
721 602 754 666 ln
768 601 877 682 primis
889 618 963 667 roro
976 603 1063 666 Prin·
1108 603 1162 668 tati
1177 604 1252 663 doro
1267 613 1408 678 operam,
1425 603 1495 660 ante
1511 597 1613 657 omnia
1629 608 1702 688 aero
1719 589 1878 688 novellae
1902 587 1961 684 Cbrt

196 688 321 767 cipum:
337 684 419 748 lotar
435 701 514 765 quos
538 691 636 764 paler,
663 690 745 749 lanto
768 691 899 763 accepto
921 685 1062 749 orbitatis
1108 681 1260 750 stianisml
1277 682 1460 760 plantationi
1477 693 1582 742 euram
1599 684 1630 738 et
1640 674 1892 769 solicitudinem
1906 673 1963 764 edla

195 769 339 842 vulnere,
355 768 487 849 graviter
501 769 690 846 suspirabat,
704 773 734 830 et
748 767 871 850 pietatis
882 763 993 831 allecto
1007 767 1062 829 du·
1109 772 1195 832 bero.
1212 763 1268 826 llis
1281 765 1387 840 dictis,
1405 777 1514 824 manus
1529 767 1560 824 et
1581 758 1689 822 oculos
1711 771 1744 850 ru
1770 753 1906 818 caelum
1928 771 1965 816 era

196 853 278 926 clos,
295 850 423 913 dolebat
436 863 471 912 se
487 851 572 912 omni
589 851 778 928 posteritatis
793 865 851 930 spe
863 850 1059 914 destitutum.
1109 865 1198 930 gens,
1216 845 1438 926 lisginacaeli,
1456 843 1569 922 iuquit,
1586 838 1694 902 mandi
1707 838 1834 934 inclyta
1860 848 1969 912 repara·

195 933 337 998 Attamen
355 931 461 996 solens
476 933 627 1011 scriptum
644 940 728 1007 esse,
740 930 814 996 Nora
829 933 1060 1011 cstscpictttio,
1109 935 1178 1000 trix.
1197 935 1249 992 too
1265 929 1439 1009 patrocinio
1457 931 1595 996 sanctam
1612 921 1790 1014 Ecclesiam
1807 933 1889 980 cum
1903 917 1970 981 clera

196 1031 267 1080 nora
282 1021 328 1080 eat
340 1013 534 1096 prudentio,
547 1029 618 1078 noo
629 1018 675 1078 eat
687 1013 862 1078 conciliem
874 1021 990 1078 contro
1001 1013 1061 1078 llo·
1108 1022 1140 1078 et
1153 1011 1331 1094 Episcopis,
1346 1010 1551 1088 Regnumqua
1568 1023 1638 1070 cum
1655 1000 1852 1098 primatibus
1883 1009 1914 1062 et
1935 1018 1972 1078 pc-

195 1099 344 1161 minom:
361 1105 390 1158 et
408 1096 484 1160 illud
501 1097 533 1158 iu
550 1095 741 1168 canonibus,
760 1095 919 1158 Neminem
936 1101 1063 1177 propter
1106 1099 1182 1176 pulo
1199 1094 1259 1158 tuis
1274 1093 1422 1173 precibus
1439 1089 1624 1153 commendo
1639 1105 1647 1148 ι
1665 1085 1785 1163 qulbus
1809 1098 1877 1162 ego
1906 1101 1972 1178 nunc

197 1179 316 1243 obitum
333 1180 495 1242 abacorum
512 1179 641 1242 nimium
657 1179 774 1242 debere
791 1177 964 1241 contristari
981 1197 990 1238 ι
1007 1196 1061 1258 po·
1110 1181 1251 1243 ultimum
1266 1177 1335 1239 rate
1350 1177 1472 1242 dicens.
1489 1173 1620 1234 animam
1639 1182 1765 1246 quoquo
1790 1181 1905 1262 aream
1926 1171 1974 1229 tau

196 1265 258 1326 sito
274 1259 371 1324 animi
386 1277 541 1338 moerore,
560 1269 656 1325 tolum
674 1278 708 1324 so
731 1262 861 1324 contulit
884 1261 920 1322 ad
945 1260 1061 1341 largam
1109 1263 1255 1325 manibus
1271 1258 1441 1322 committo.
1470 1255 1608 1318 Instabat
1634 1258 1919 1346 tuncpraecrpua
1938 1265 1975 1311 sn

195 1341 255 1412 Dei
279 1341 525 1408 misericordiam
555 1344 808 1423 promerendam.
835 1341 1061 1408 coenobiorum
1109 1345 1266 1418 lemnitas,
1283 1340 1420 1404 celebris
1435 1337 1563 1417 Angelis
1585 1341 1616 1399 ei
1642 1333 1831 1428 bominibus
1859 1329 1974 1424 Asson·

198 1427 281 1490 euim
297 1425 329 1488 et
342 1423 553 1490 Ecclesiarum
571 1425 737 1504 ministris,
750 1426 929 1501 monacbis,
948 1431 977 1487 et
999 1427 1062 1487 cle·
1109 1426 1224 1506 ptiouis
1239 1424 1439 1488 beatissimae
1455 1421 1567 1482 lilarlre
1583 1419 1663 1480 dies:
1679 1431 1711 1477 1n
1729 1430 1825 1510 cutus
1843 1414 1970 1492 gaudae,

196 1508 271 1571 racis
288 1508 382 1570 mulla
396 1511 546 1588 elargitus
559 1515 618 1586 est,
632 1510 824 1587 multamque
836 1523 874 1570 ca
886 1505 1062 1572 benebceu-
1103 1517 1141 1573 ut
1157 1509 1206 1572 sui
1221 1509 1361 1586 corporis
1378 1505 1466 1566 lieret
1489 1501 1665 1574 dissolutio,
1693 1497 1855 1594 precibus
1886 1514 1903 1558 a
1930 1497 1971 1560 lla

197 1589 236 1652 tia
254 1592 357 1654 attulit
372 1593 632 1655 consolationem:
652 1591 801 1668 quicquid
819 1606 891 1653 vero
908 1592 936 1652 ei
952 1605 1061 1668 super·
1108 1593 1193 1656 mino
1206 1589 1377 1660 contendit,
1394 1583 1561 1666 lachrymis
1578 1590 1609 1645 et
1634 1579 1809 1676 gemitibus
1836 1585 1970 1659 impetra

196 1670 265 1750 luit,
285 1675 472 1752 peregrinis,
491 1674 603 1746 riduis,
622 1679 653 1736 et
668 1674 820 1752 orphanis
842 1675 991 1751 erogarit.
1008 1673 1064 1735 lix-
1109 1677 1162 1746 rit,
1181 1689 1311 1750 spernus
1327 1669 1538 1734 cumulatioris
1560 1663 1805 1758 misericordiae.
1834 1677 1874 1756 se
1898 1679 1969 1739 spen

199 1764 334 1818 terarum
351 1774 478 1836 quoque
494 1755 720 1834 provinciarum
739 1759 935 1819 monasteriis
948 1755 1062 1834 liegiae
1112 1757 1302 1820 babituram.
1319 1755 1430 1816 Aderat
1446 1767 1521 1829 ergo
1536 1748 1609 1811 lelix
1624 1747 1678 1809 ille
1693 1745 1776 1840 daos,
1796 1744 1893 1840 obilu
1917 1762 1969 1806 mor

198 1839 429 1903 manticenttae
446 1841 526 1905 dona
553 1840 716 1902 innumera
743 1855 800 1918 per
827 1839 960 1900 nuncios
986 1853 1062 1900 suos
1109 1828 1972 1922 felicitatisaliquemaccessionemhabituruscrrcun·

199 1921 311 1984 erebro
329 1923 424 1986 misit.
440 1921 530 2000 Eam,
548 1938 640 1998 quam
654 1923 685 1982 in
698 1920 856 1984 iuventute
870 1926 1062 1999 susceperat,
1110 1922 1233 1986 stabant
1249 1937 1318 1982 cum
1336 1919 1426 1981 Clero
1443 1915 1601 1994 Episcopi,
1620 1927 1690 1975 cum
1711 1916 1876 2006 ministris
1904 1910 1972 1971 Pran-

200 2019 323 2066 morum
339 2009 518 2082 gravitatem
531 2003 569 2066 ad
582 2019 763 2082 supremum
778 2004 1064 2081 usquavilaedicm
1110 2007 1198 2084 elpes
1221 2010 1251 2065 el
1267 2003 1415 2066 (inmites.
1431 2000 1496 2064 ilex
1523 1999 1553 2060 in
1581 1995 1684 2059 medio
1710 2007 1837 2089 recens,
1867 2009 1971 2088 moran

198 2089 395 2165 praesetulit.
418 2087 473 2149 Vix
497 2103 633 2162 unquam
648 2087 752 2149 ridere
767 2087 853 2150 alsus
876 2091 940 2162 cst,
954 2087 1062 2149 scieas
1110 2087 1247 2167 percepit
1263 2084 1664 2156 unctionemsanotemque
1677 2090 1971 2172 animameorpora

203 2173 367 2247 scriplum,
385 2170 479 2234 lliscm
494 2170 607 2232 doloro
631 2169 832 2242 anteceditur,
860 2173 889 2230 et
915 2173 1066 2232 omlrcmo
1110 2180 1141 2233 et
1157 2168 1318 2250 sangoinis
1335 2165 1446 2231 Gbrisli
1462 2165 1630 2226 recreatam
1658 2167 1782 2256 arataeo,
1813 2173 1902 2221 anno
1925 2159 1970 2220 llo·

201 2253 322 2332 gotidii
339 2253 444 2319 tractus
460 2257 608 2332 occupet:
622 2267 748 2329 semper
763 2251 802 2314 ila
819 2267 1064 2329 recomparans,
1110 2255 1243 2316 minione
1260 2249 1481 2312 incarnationis
1495 2246 1664 2308 millesimo
1675 2249 1843 2304 trrcesrmo
1858 2247 1968 2320 quarto,

202 2335 280 2400 acsi
296 2339 393 2398 staret
406 2338 443 2397 ad
461 2333 596 2397 tribuual
612 2333 738 2409 curisti,
764 2336 832 2396 eius
855 2337 1064 2410 praesentiam
1111 2338 1142 2398 iu
1159 2351 1268 2396 manus
1283 2339 1452 2412 perpetuae
1467 2328 1615 2407 Virginis,
1633 2331 1663 2386 el
1679 2331 1867 2418 sanctorum
1885 2325 1971 2403 duge-

201 2413 1065 2500 oculisintericribusserenorultucontemplansdbri·
1111 2421 1223 2490 lorum,
1240 2424 1386 2480 aeternae
1412 2413 1527 2494 quietis
1553 2407 1739 2474 beatitudins
1767 2404 1969 2480 inferendam,

202 2499 332 2582 stomin
348 2515 415 2576 ore,
433 2498 587 2564 Christum
605 2499 636 2560 iu
653 2499 759 2572 corde,
774 2499 929 2578 Clarislum
946 2499 976 2562 io
990 2517 1066 2562 cun·
1112 2501 1247 2564 tradidit.
1941 2573 1946 2584 Ι

202 2581 262 2644 ctis
277 2582 398 2645 actibus
420 2583 488 2646 suis
510 2581 762 2646 circumferebat.
786 2581 964 2644 lixlremum
988 2583 1067 2646 ritae
1152 2582 1257 2646 Extitit
1273 2595 1344 2646 mox
1368 2579 1511 2657 planctus
1527 2570 1820 2667 Sanctorumbaud
1836 2572 1968 2652 vulgans,

202 2664 285 2726 diem
303 2679 429 2744 semper
444 2665 484 2728 ob
501 2664 609 2728 oculos
626 2664 899 2740 mentisbabebal,
913 2671 1067 2744 almagno
1111 2666 1239 2746 Angelis
1254 2662 1462 2727 laetantibus:
1476 2659 1533 2723 sed
1550 2658 1692 2737 planctus
1714 2655 1770 2716 rllc
1786 2663 1904 2750 postea
1917 2674 1967 2717 mu·

206 2745 311 2822 cordis
327 2746 486 2810 desiderio
503 2748 539 2809 ad
556 2746 641 2809 illam
659 2763 870 2825 supernorum
885 2747 996 2810 citium
1009 2749 1067 2812 ire·
1111 2755 1193 2812 tatus
1209 2750 1239 2810 iu
1255 2747 1402 2827 gaudium
1419 2759 1556 2824 perenna
1571 2749 1630 2804 tom
1644 2745 1879 2832 praesentium,
1895 2755 1967 2832 quau

202 2828 360 2908 quantiam
374 2829 563 2908 adspirebat,
578 2828 743 2906 quemdam
756 2830 925 2909 angelicae
938 2845 1066 2894 conaer-
1110 2830 1285 2894 futurorum
1301 2829 1500 2908 populorum.
1515 2825 1562 2889 dd
1578 2824 1729 2902 exequias
1742 2837 1817 2884 erus
1834 2837 1874 2884 ex
1889 2837 1967 2883 omar·

202 2909 335 2975 salionis
351 2910 490 2975 habitum
517 2911 748 2990 praeseferens.
777 2913 919 2992 lienique
946 2915 1068 2977 cunctis
1111 2913 1171 2977 bus
1198 2913 1375 2976 Pannoniae
1401 2910 1502 2991 plagis
1529 2921 1717 2978 concursum
1733 2909 1798 2974 est,
1817 2906 1968 2980 corpusne

201 2999 330 3057 ornatus
345 2993 525 3068 virtutibus,
542 2995 574 3056 iu
591 2995 755 3057 sanctitate
771 3001 802 3058 et
823 2993 938 3058 lustitia
962 3011 1064 3058 coram
1110 2995 1219 3060 urbem
1237 2995 1368 3072 regiam,
1384 3000 1458 3074 puta
1474 2993 1592 3062 llbaur,
1610 2989 1817 3067 perductum:
1842 2988 1897 3048 sed
1912 3003 1967 3048 cuu

200 3076 267 3140 Deo
282 3075 428 3140 cunibus
443 3076 558 3138 diebus
574 3076 653 3138 vilae
675 3094 751 3140 suae
773 3076 876 3141 rivere
899 3078 1067 3142 coustitue-
1111 3079 1252 3142 Ecclesia
1278 3078 1478 3141 beatissimae
1502 3073 1639 3154 Virginis
1666 3071 1702 3133 ab
1732 3084 1772 3132 eo
1788 3074 1965 3136 constructa.

202 3164 262 3235 rat,
279 3166 314 3222 ot
327 3159 358 3222 iu
375 3173 414 3223 eo
429 3158 490 3221 iarn
508 3157 660 3240 quaedem
675 3158 797 3244 laturae
811 3160 930 3241 gloriae
944 3161 1069 3242 species
1111 3162 1245 3226 necdum
1261 3165 1439 3225 consecrata
1462 3164 1559 3235 esset,
1586 3153 1825 3248 communicato
1849 3154 1924 3214 inter
1942 3169 1968 3214 se

202 3243 327 3306 elucere
342 3241 512 3306 rideretur.
1113 3247 1256 3312 consilio.
1275 3245 1362 3322 prius
1389 3241 1536 3320 lipiscopi
1564 3242 1704 3302 statuunt
1718 3233 1966 3298 sauotrdcandaar

243 3325 304 3389 lice
321 3326 373 3386 diu
391 3331 462 3402 post
477 3323 508 3386 in
525 3324 667 3388 morbum
684 3323 805 3400 incidit,
825 3325 876 3402 qui
904 3326 932 3388 ei
960 3332 1067 3404 postea
1113 3328 1288 3402 basilicam,
1308 3333 1414 3404 postea
1430 3325 1512 3387 inea
1528 3339 1643 3402 corpus
1659 3317 1873 3382 bumandum.
1887 3316 1968 3380 Abso-

202 3413 333 3471 mortem
351 3407 473 3470 attulit:
491 3407 699 3486 diuturnaque
715 3407 782 3472 eius
805 3407 904 3470 morbi
928 3411 1069 3473 molestia
1113 3412 1175 3473 luta
1193 3409 1286 3488 igitur
1310 3405 1516 3472 dedicationis
1545 3403 1760 3496 solemnitate,
1773 3416 1901 3464 sacrum
1915 3415 1970 3462 cor·

205 3491 418 3563 increscente,
437 3490 572 3568 pedibus
587 3491 735 3554 insistere
759 3506 822 3553 non
846 3493 957 3569 potuit.
976 3489 1068 3566 'Quod
1113 3510 1172 3573 pus
1185 3495 1288 3556 media
1304 3491 1383 3554 aede
1405 3491 1599 3570 sarcophago
1624 3503 1643 3549 e
1668 3482 1806 3548 candido
1821 3499 1969 3546 ,marmore

205 3572 257 3636 ubi
274 3574 474 3636 adverterunt
489 3589 527 3636 ex
542 3572 690 3635 Palatinis
712 3573 901 3636 nobilissimi
924 3583 1067 3652 quatuor,
1113 3575 1267 3652 coniecto,
1297 3575 1474 3654 impositum
1502 3579 1562 3649 est,
1590 3570 1643 3634 ubl
1659 3566 1881 3646 compluribus
1895 3567 1971 3660 annis

201 3655 324 3719 seilicet
339 3655 455 3736 Regem
472 3655 537 3732 diu,
555 3656 752 3734 graviterque
768 3655 972 3733 laborantem,
998 3674 1067 3720 oum
1114 3657 1154 3721 cb
1170 3661 1238 3722 eius
1255 3657 1362 3720 merita
1379 3657 1528 3720 domiuus
1555 3652 1715 3729 permultis
1740 3649 1827 3713 malo
1844 3649 1970 3745 babenb·

203 3737 384 3801 etiamnum
412 3737 517 3801 cordis
544 3737 673 3814 perfidia
701 3745 893 3810 tenerentur,
921 3738 1064 3819 iniquum
1113 3741 1184 3810 bus,
1212 3740 1352 3804 lebribos
1376 3740 1500 3810 certatis,
1522 3735 1739 3814 afflictionem,
1764 3737 1796 3796 et
1820 3735 1969 3794 miseriam

203 3821 284 3884 inter
301 3835 336 3882 se
352 3820 517 3884 consilium
534 3819 683 3898 inierunt,
701 3827 734 3883 ul
749 3837 819 3885 cum
835 3821 966 3885 emedio
981 3822 1068 3887 tolle·
1114 3841 1201 3886 suam
1226 3823 1414 3898 latentibus,
1444 3825 1604 3886 innumera
1630 3817 1785 3901 praestitit
1808 3815 1970 3878 banebria.

202 3908 286 3967 real.
300 3901 367 3967 Iam
383 3901 739 3982 dicadresperasccnte‚
752 3908 918 3982 antequam
931 3903 961 3966 in
976 3903 1068 3968 domo
1114 3907 1213 3983 Saepe
1230 3922 1354 3985 quoque
1380 3905 1445 3967 illic
1472 3904 1616 3968 noctibus
1644 3900 1807 3981 angelicae
1824 3897 1971 3960 melodiae

201 3986 298 4065 liegis
312 3986 442 4050 lucerua
459 3985 696 4062 accenderetur,
713 4001 795 4048 unns
807 4002 844 4048 ex
858 3988 896 4048 iis
908 3986 1065 4064 audacter,
1114 3989 1237 4052 auditae
1252 3993 1355 4052 sunta
1372 3987 1490 4064 maltis,
1504 4003 1599 4067 saepe
1611 3987 1717 4050 odoris
1731 3980 1907 4046 auarissimi
1918 3980 1972 4045 lra-

201 4069 292 4132 oaelo
308 4069 442 4132 obscuro
465 4067 629 4146 ingressus
652 4073 713 4143 est,
735 4068 852 4134 nudum
876 4083 985 4132 ensem
1008 4071 1067 4134 sub
1115 4073 1233 4153 grantia
1248 4087 1304 4150 por
1320 4072 1468 4150 templum
1486 4085 1557 4134 sese
1573 4068 1707 4134 dilludil.

203 4152 347 4232 clamyde
361 4149 480 4222 lerens,
498 4166 559 4228 quo
576 4155 642 4212 erat
656 4150 772 4230 Regem
790 4150 963 4230 piissimum
979 4150 1067 4232 iugu-
1156 4153 1255 4216 lacuit
1269 4154 1300 4216 in
1317 4169 1355 4218 eo
1371 4155 1440 4216 loeo
1466 4169 1590 4216 sacram
1615 4165 1730 4232 eorpus
1744 4147 1839 4212 aunis
1854 4147 1970 4227 quadra·

203 4235 336 4300 laturus.
352 4232 414 4297 Sed
427 4249 497 4296 cum
511 4248 548 4296 eo
562 4231 690 4296 interret
702 4233 829 4311 pedem,
843 4234 895 4296 ubi
908 4233 971 4296 Rex
982 4236 1066 4314 quie·
1116 4236 1353 4316 giutaquiuque,
1382 4237 1502 4300 occulta
1530 4236 1661 4313 quadem
1686 4231 1914 4310 omnipotentis
1928 4229 1971 4294 liei

206 4315 327 4388 scebat,
344 4315 473 4380 caelesti
489 4331 595 4378 revera
617 4315 768 4394 impulsu,
792 4315 914 4397 gladius
936 4317 964 4379 ei
989 4319 1070 4382 erci-
1117 4319 1334 4399 dispositione,
1363 4319 1414 4382 cui
1440 4323 1489 4382 est
1510 4317 1660 4382 mirabilis
1685 4309 1877 4380 iussistis
1905 4315 1970 4382 suis,

205 4399 274 4463 dil:
291 4415 384 4480 quem
400 4399 463 4482 ilex
478 4399 581 4460 statim
598 4398 751 4469 sentiens,
776 4399 849 4477 quid
876 4401 902 4461 is
924 4399 983 4462 sibi
1006 4400 1069 4463 val·
1114 4402 1277 4465 marmoris
1291 4403 1428 4482 pondere
1451 4393 1608 4482 pressum,
1624 4407 1654 4466 et
1676 4400 1707 4462 in
1720 4399 1885 4478 pulverem
1899 4397 1971 4459 reda·

204 4484 259 4558 let,
276 4481 477 4568 perquisivit,
491 4496 563 4544 cum
579 4479 647 4553 iam,
663 4480 810 4545 divinitus
833 4481 863 4543 id
881 4484 1069 4561 praesciret.
1115 4491 1212 4559 ctum,
1229 4491 1262 4548 ut
1278 4490 1419 4563 tempore
1432 4483 1593 4563 praetutia
1609 4484 1735 4564 dignius
1749 4481 1971 4552 declarescant

203 4564 347 4630 dumille
361 4561 1069 4644 territuscorruit,agnosciteonsiliumamen·
1115 4569 1146 4629 in
1163 4567 1402 4638 resurrectionis
1417 4569 1469 4631 die
1484 4567 1652 4646 gloriosius
1669 4563 1971 4629 renovetur.1drcrc

205 4649 246 4711 lia
262 4647 403 4726 planum,
421 4646 518 4718 dolet,
538 4647 658 4709 accedit
673 4649 815 4724 propius,
839 4648 1014 4725 procumbit
1037 4651 1068 4710 in
1114 4652 1187 4729 quid
1216 4648 1383 4729 signillcat,
1411 4649 1536 4730 quando
1559 4651 1629 4714 sine
1653 4648 1757 4712 divina
1787 4647 1972 4710 ordinatione

203 4745 321 4876 genua,
337 4727 546 4809 lingis-pedes
562 4728 768 4806 amplectitur,
784 4741 819 4792 se
833 4745 984 4807 peccasse
996 4747 1069 4795 con·
1114 4733 1227 4796 taclum
1245 4732 1372 4796 minime
1388 4739 1546 4812 putamus,
1564 4733 1640 4796 libet
1656 4730 1755 4797 oculis
1780 4728 1972 4794 interioribus

228 4817 320 4888 tetur,
336 4813 412 4892 petit
428 4810 502 4874 tanti
518 4809 676 4890 parricidii
690 4812 825 4882 reniam,
843 4811 906 4874 ilex
933 4814 1004 4892 pius
1030 4814 1068 4877 ab
1115 4813 1447 4897 speculari.Forlassis
1462 4831 1523 4880 uon
1541 4815 1619 4880 nilrtt
1636 4811 1752 4878 terreni
1767 4812 1922 4893 pulveris,
1938 4812 1972 4874 di·

206 4909 244 4957 eo
258 4895 369 4958 taciem
386 4909 449 4958 uon
466 4895 583 4971 avertit,
608 4908 766 4972 propenso
792 4889 896 4958 anirno
924 4895 1069 4975 ignoscit.
1113 4905 1204 4970 rinae
1227 4899 1464 4962 examinationis
1486 4899 1562 4978 igne
1582 4897 1790 4978 purgandum,
1806 4893 1842 4958 in
1860 4895 1914 4959 illo
1934 4909 1971 4956 re·

206 4977 332 5040 bivero
348 4976 434 5042 iubet
447 4975 563 5053 inquiri
579 4976 650 5040 illos
662 4975 822 5040 immanes
838 4979 1020 5055 parricidas:
1037 4979 1069 5042 ln
1116 4988 1283 5058 manserat,
1306 4981 1376 5046 aina
1401 4998 1462 5060 quo
1484 4983 1597 5062 Reges,
1627 4995 1737 5059 magua
1758 4979 1902 5058 potentio
1926 4977 1971 5040 lul·

207 5065 351 5141 repertos
366 5065 450 5125 tanto
465 5059 578 5124 sceleri
595 5065 820 5139 congruentem
833 5060 944 5124 mortis
955 5060 1071 5143 proteri
1117 5063 1151 5138 ti,
1166 5064 1256 5125 vitam
1279 5069 1473 5143 praesentem
1499 5066 1549 5127 rix
1564 5062 1689 5142 quidem
1715 5061 1900 5142 bansigere
1914 5075 1971 5138 pos·

205 5138 407 5207 sententiam.
684 5167 685 5170 ¹
1116 5151 1200 5209 sunt.
1217 5145 1284 5210 Illis
1297 5162 1371 5228 ergo
1387 5146 1518 5210 evolutis
1534 5147 1624 5210 anuis
1647 5145 1787 5226 quinque
1803 5152 1837 5208 et
1853 5144 1970 5222 quadra·

245 5224 367 5306 Dignus
384 5223 519 5302 landem,
537 5224 590 5302 qui
616 5225 782 5304 centuplex
804 5222 950 5290 caelestis
972 5224 1070 5309 Regni
1116 5227 1213 5308 ginta,
1227 5244 1296 5292 cum
1313 5231 1351 5292 ad
1367 5229 1551 5308 praestanda
1564 5243 1619 5308 per
1631 5245 1702 5292 eum
1714 5227 1902 5293 mortalibus
1911 5239 1972 5289 suec

204 5308 345 5372 brorium
362 5311 620 5388 consequeretur,
637 5307 725 5372 lebro
741 5313 982 5388 correptusesc
999 5326 1071 5374 sen·
1116 5309 1349 5376 misericordiae
1364 5311 1516 5376 beuelicia
1531 5313 1634 5390 sancti
1651 5312 1698 5376 sui
1715 5311 1776 5376 iam
1790 5311 1889 5392 uellet
1901 5308 1972 5372 bers

210 5390 355 5471 tiansqua
377 5391 493 5454 edesse
519 5390 714 5468 migrationis
741 5396 882 5470 tempus,
910 5394 1081 5456 accersitis.
1119 5392 1226 5456 merila
1243 5395 1412 5470 declarare,
1429 5392 1729 5458 RomaniPoutllicis
1742 5391 1845 5457 literis
1861 5393 1971 5456 maudr-

206 5471 376 5552 Eplscopis
390 5479 421 5538 et
436 5472 624 5553 primoribus
640 5471 758 5553 palatii,
775 5471 948 5538 Christiano
971 5475 1072 5538 uomi-
1117 5481 1181 5539 tum
1213 5475 1279 5551 luit,
1306 5483 1340 5540 ul
1365 5492 1470 5542 eorum
1494 5493 1623 5559 corpora
1644 5477 1856 5553 siccarentur,
1878 5475 1930 5555 qui
1947 5473 1971 5532 ia

207 5569 248 5619 ue
262 5555 477 5635 gloriantibus.
495 5553 629 5635 primum
644 5556 784 5620 tractarit
798 5573 868 5620 cum
882 5555 929 5622 cis
944 5557 984 5621 de
997 5557 1073 5622 sub·
1116 5557 1276 5623 Pannonio
1288 5558 1479 5634 dbristiaoae
1491 5560 1563 5625 lidei
1579 5560 1699 5623 semina
1712 5561 1917 5631 tociacenses
1928 5569 1971 5619 sot

206 5636 367 5704 stituoudo
381 5638 443 5704 sibi
456 5637 554 5719 uage.
570 5635 691 5704 Deinde
706 5644 836 5719 paterna
862 5639 984 5706 monuit
1002 5655 1071 5717 eos,
1119 5641 1166 5706 rel
1190 5642 1431 5722 praedicatione,
1458 5645 1507 5708 rel
1534 5639 1728 5710 institutione
1752 5643 1791 5707 ad
1815 5639 1968 5708 Dominum
