4044 6256
309 299 361 359 itio
945 249 1022 356 tti'l
1039 291 1173 358 uiuenti
1192 289 1310 352 iltelsit

241 424 288 480 tur
304 417 334 479 iu
347 416 482 480 saeculo.
498 415 536 480 lit
547 415 616 497 qula
632 420 663 480 ut
677 415 820 486 diximus.
836 429 976 494 magnus,
992 419 1023 478 et
1037 431 1085 480 re·
1128 413 1224 478 sidius
1239 415 1266 478 si
1282 412 1404 479 tenurit
1425 409 1597 476 intendere.
1613 405 1817 498 Procedente·
1830 403 1974 494 autema
1999 379 2000 396 ¹

126 492 129 500 '
242 496 1084 574 ruscbristianuserat,dumbiiartdistributiocopac-
1128 496 1538 568 cirillumuttuxtaritum
1559 489 1752 568 imperialem
1775 489 1920 564 triginta
1935 487 1975 548 dic.

241 581 367 659 peribus
382 597 470 662 opem
488 586 627 662 praestet,
645 579 753 660 magis,
771 596 806 641 ac
829 581 926 660 magis
940 585 968 642 ei
983 579 1083 658 Domi:
1127 578 1186 642 hus
1200 580 1237 643 ed
1253 579 1434 642 vindemiam
1455 574 1685 650 iocundaretur3
1707 577 1820 666 nocato
1846 565 1973 660 clamis

239 681 297 726 nus
309 666 529 730 subministrat.
545 666 615 726 dam
637 662 837 726 deambulans
857 679 913 740 per
927 663 1081 742 palatium,
1127 660 1256 726 silniaco
1271 662 1396 742 Sophia.
1411 659 1505 724 roluit
1519 673 1587 722 eum
1602 655 1720 736 erigere
1740 669 1772 715 ιι
1795 650 1971 725 imperius.

238 748 313 810 uidit
329 749 357 808 in
375 748 544 825 parimento
556 747 665 809 domus
680 745 811 808 tabulam
827 761 1037 824 marmoream,
1051 749 1082 810 ia
1128 742 1191 818 Duo
1207 750 1374 824 comperto,
1390 743 1528 807 liberius
1549 754 1640 804 cursu
1662 737 1758 800 veloci
1774 732 1818 796 ad
1836 731 1972 795 Consta·

239 847 298 899 qua
315 830 394 893 Crux
410 829 564 892 Dominica
582 835 645 891 erut
658 829 789 908 sculpta,
807 832 837 888 et
857 829 909 899 ait,
925 828 1020 894 Cruce
1033 838 1081 893 ιιι
1127 828 1353 906 linopolitauam
1369 828 1517 890 ciuitatem
1529 822 1712 902 regreditur.
1724 814 1972 913 Apprehensen-

239 911 370 976 Domine
395 911 523 974 frontem
551 913 717 986 munimus,
745 917 774 972 ct
799 919 939 990 pectora3
956 917 986 976 et
1008 929 1081 976 cccc
1126 925 1184 988 que
1200 911 1375 990 Augustam,
1401 909 1439 973 ah
1465 905 1609 970 omnihus
1637 903 1792 966 thesaurus
1822 897 1973 975 spoliant

238 1011 358 1058 crucem
376 994 433 1057 suh
450 993 580 1072 pedihus
595 993 822 1056 conculcamus.
836 991 873 1056 lit
886 994 967 1057 dicto
979 995 1080 1072 citius,
1125 993 1223 1054 sotum
1240 993 1269 1056 el
1285 992 1379 1056 rictus
1395 989 1563 1070 quotidiani
1578 989 1754 1050 alimentum
1777 979 1974 1074 relinquens

238 1077 327 1139 iussit
342 1093 407 1139 eam
430 1075 551 1147 auierri.
569 1076 751 1154 delossuque
775 1075 887 1152 tahula,
910 1083 1001 1154 atque
1015 1094 1080 1140 erc·
1125 1075 1361 1156 Segregatisqua
1383 1074 1487 1155 pueris
1508 1073 1575 1134 cius
1595 1066 1793 1141 ehematiae
1810 1071 1930 1141 posuit
1950 1069 1975 1126 dc

241 1167 301 1236 cta,
317 1157 473 1222 inueniunt
487 1159 592 1222 subter
607 1166 637 1220 et
651 1159 740 1221 aliam
755 1161 814 1220 lroc
828 1161 951 1238 signum
966 1159 1080 1222 hahen-
1125 1155 1267 1222 ductibus
1282 1159 1358 1231 scis,
1381 1159 1529 1220 mandans
1543 1168 1680 1232 prorsus,
1696 1157 1728 1212 ut
1744 1147 1863 1240 nullus
1880 1147 1923 1240 de
1937 1166 1976 1206 aa

237 1246 311 1304 tem.
337 1240 584 1318 Nonclentesque
608 1240 697 1304 lussit
722 1249 752 1304 et
765 1241 846 1304 illam
862 1242 995 1305 auterre.
1017 1241 1079 1316 Qua
1125 1239 1287 1304 tertoribus
1300 1242 1336 1302 ud
1351 1256 1417 1304 cam
1434 1240 1560 1301 liaberet
1574 1249 1751 1298 'accessum
1767 1231 1975 1292 lastinianum

112 1344 120 1360 ·
237 1329 336 1387 amota
349 1326 507 1400 reperiunt
518 1330 547 1386 et
560 1325 693 1386 tertiam:
718 1325 865 1404 iussuque
880 1325 946 1388 eius
962 1325 1080 1388 ethaeo
1124 1338 1194 1384 uero
1208 1324 1396 1403 obiurgatum
1413 1326 1493 1385 tanto
1506 1320 1538 1382 iu
1554 1323 1708 1398 posterum
1730 1327 1847 1376 amore
1865 1311 1975 1384 diteris

236 1406 381 1468 aulertur.
395 1406 458 1480 Qua
470 1406 566 1470 ablata
579 1405 737 1469 inueniunt
749 1422 889 1484 magnum
902 1409 1077 1470 thesaurum
1124 1411 1157 1467 ut
1170 1404 1233 1469 lilio
1249 1407 1315 1468 eius
1329 1405 1421 1468 liliam
1436 1420 1522 1468 suam
1546 1401 1755 1482 promitteret:
1784 1411 1975 1466 rursumque

237 1487 400 1550 habentem
417 1505 508 1568 supra
525 1489 608 1552 mille
623 1490 685 1552 auri
708 1492 894 1552 centenaria.
911 1489 1080 1552 Sublatam·
1123 1487 1185 1550 fllia
1207 1505 1263 1552 suo
1288 1489 1378 1556 tiliam
1405 1489 1471 1550 eius
1497 1491 1669 1564 expeteret:
1695 1481 1750 1544 sed
1775 1494 1845 1540 noo
1867 1482 1920 1538 est
1934 1495 1972 1539 res

236 1586 297 1649 quc
322 1587 439 1644 eurum,
469 1571 655 1650 pauperibus
679 1572 779 1634 adhuc
805 1571 1022 1643 abundantius,
1049 1580 1080 1634 ut
1123 1571 1227 1632 sortita
1242 1569 1396 1634 effectum.
1411 1571 1569 1634 Exercitus
1583 1571 1650 1630 eius
1670 1564 1781 1627 Perses
1797 1560 1974 1636 debellant,

236 1659 450 1725 consueuerat,
461 1654 681 1718 subministrat:
696 1670 753 1717 nec
765 1654 793 1717 ei
804 1654 952 1718 Dominus
966 1656 1078 1733 aliquid
1122 1653 1276 1732 victorque
1292 1670 1464 1732 regressus,
1481 1659 1590 1714 tantam
1610 1648 1719 1711 m⁰¹0ffi
1736 1645 1886 1724 praedae
1903 1644 1975 1703 ⁶⁰¹⁰·

237 1734 372 1799 delicere
386 1737 589 1816 permittebat,
607 1753 660 1816 pro
676 1737 753 1800 hona
769 1738 922 1800 uoluntate
937 1753 1004 1802 sua.
1121 1734 1166 1808 lit,
1180 1743 1212 1798 ut
1233 1739 1407 1798 crederetur
1428 1731 1585 1813 cupiditati
1605 1733 1755 1794 humanae
1780 1741 1888 1805 posse
1904 1727 1973 1788 suh·

278 1816 354 1891 Quid
370 1819 397 1882 ui
413 1819 608 1896 inposterum
625 1818 773 1881 Dominus
788 1819 999 1896 transmiserit,
1015 1835 1076 1882 uon
1122 1833 1203 1880 cere.
1220 1818 1330 1898 Viginti
1344 1818 1505 1898 Elephanti
1520 1817 1600 1894 capti
1621 1815 1658 1876 ad
1679 1812 1919 1892 Imperatorem
1935 1811 1973 1871 de

235 1901 383 1965 omittam.
410 1901 520 1966 Narscs
545 1902 596 1964 ille
610 1903 668 1964 dur
683 1901 798 1974 ltaliae,
814 1919 883 1966 cum
901 1903 929 1963 in
947 1905 1075 1981 quadarn
1123 1900 1303 1964 ductisunt.

234 1986 352 2048 ciritata
365 1986 487 2047 domum
504 2000 642 2062 maguam
666 1984 803 2056 haberet,
820 1985 850 2047 ιι
871 1985 988 2048 ltaliam
1009 2001 1077 2047 cum
1161 1983 1326 2050 Audiamus
1349 1999 1432 2048 nunc
1444 1982 1588 2048 ‘Sanctum
1601 1977 1781 2058 Gregorium
1810 1975 1970 2070 disputan·

234 2067 340 2130 multis
369 2066 518 2129 thesauris
542 2081 698 2144 egressus,
715 2068 752 2131 ad
777 2084 867 2144 supra
884 2071 1075 2130 memoratum
1121 2069 1181 2128 tem
1210 2083 1279 2130 oum
1305 2065 1456 2147 Eutychio
1479 2063 1652 2128 Patriacche
1676 2061 1716 2132 de,
1739 2067 1972 2123 resurrections

233 2148 343 2210 urhem
359 2149 492 2212 aduenit:
509 2149 613 2227 thique
629 2149 659 2211 in
676 2150 766 2214 domo
778 2151 958 2213 suaocculte
971 2153 1075 2212 cister·
1120 2149 1215 2224 carni,
1230 2149 1479 2228 utintelligamus
1493 2147 1647 2211 Tiberium
1663 2142 1894 2221 Imperatorem
1919 2157 1969 2202 noo

235 2246 305 2292 uam
320 2231 404 2294 iodit.
422 2231 451 2294 ln
469 2249 526 2307 quc
549 2234 641 2294 multa
658 2233 748 2295 millia
771 2234 1010 2296 centenariorum
1025 2249 1077 2296 au·
1121 2232 1301 2311 pepercisse
1316 2231 1464 2313 liutyclrio
1479 2230 1610 2293 erranti:
1632 2226 1770 2305 quamuis
1794 2226 1909 2304 ipsum
1923 2222 1970 2284 Ει-

231 2311 271 2389 ιι,
289 2315 467 2394 argentique
481 2315 635 2394 reposuit;
651 2315 753 2395 ibique
766 2317 933 2379 interiectis
944 2317 1077 2380 consciis
1121 2315 1256 2393 tychium
1278 2314 1591 2385 maximiiaceret‚eo
1613 2309 1808 2387 potissimum
1835 2309 1967 2382 nomine,

236 2397 288 2458 uni
315 2398 523 2459 tantummodo
545 2398 624 2471 seni,
653 2413 708 2478 per
732 2400 931 2462 iuramentum
957 2398 1077 2463 condita
1120 2397 1201 2474 quod
1223 2396 1282 2460 sihi
1306 2397 1467 2478 imperium
1492 2392 1706 2475 praedixisset,
1734 2398 1765 2454 ut
1790 2389 1968 2452 Eustathios

234 2481 468 2546 commendarit.
482 2478 694 2558 Deiunctoque
709 2480 845 2552 Narsete.
858 2483 934 2544 hacc
949 2483 1006 2545 sub
1019 2489 1077 2544 ter·
1120 2479 1150 2540 in
1167 2479 1233 2542 eius
1258 2479 1315 2543 ritu
1339 2486 1476 2544 testatur.
1499 2477 1549 2542 Sia
1573 2477 1664 2555 igitur
1687 2474 1826 2548 loquitur
1843 2473 1967 2535 Sanctus

233 2578 265 2621 rc
281 2561 424 2625 latebant.
442 2561 577 2639 Cumque
598 2563 791 2639 supradictus
813 2579 918 2634 senex.
941 2565 1033 2628 huius
1045 2581 1076 2626 e·
1120 2559 1285 2641 Gregorius
1299 2563 1329 2626 ιι
1345 2563 1401 2626 lih.
1417 2563 1572 2625 lloralium
1588 2555 1831 2638 quartodecimo.
1850 2555 1964 2616 Etsur·

232 2643 429 2724 leercosynas
444 2645 567 2709 assiduo
592 2653 749 2725 cerneret;
776 2648 873 2726 pergit
888 2647 924 2710 ad
947 2663 1016 2710 eum
1032 2646 1076 2708 di·
1119 2659 1173 2706 sue
1195 2645 1422 2709 circumdabar
1438 2645 1522 2724 pelle
1536 2659 1621 2706 mea.
1640 2640 1721 2703 Dum
1742 2642 1860 2718 aperte
1884 2641 1965 2715 peltis

233 2742 321 2789 cans.
340 2727 383 2799 Si,
401 2727 519 2803 inquit,
536 2727 609 2790 mihi
625 2728 737 2807 aliquid
764 2730 906 2806 prodest,
938 2746 1075 2810 magnam
1120 2727 1250 2805 dicitur,
1267 2730 1370 2792 omnis
1381 2727 1540 2792 dubitatio
1550 2722 1905 2790 cerneresurrectionis
1917 2739 1963 2782 au-

231 2823 295 2870 rem
313 2808 367 2871 tihi
394 2808 504 2873 Caesar
529 2811 657 2873 edicam.
684 2811 735 2875 Cui
759 2812 822 2887 ille,
840 2814 903 2884 Dic,
919 2812 970 2888 ait,
994 2813 1075 2887 quod
1118 2808 1237 2885 fertur:
1263 2827 1368 2890 neque
1392 2807 1662 2890 sicntliutyobius
1679 2805 1963 2881 Constantinopoli·

235 2891 366 2954 volueris
381 2904 390 2970 3
420 2891 554 2971 proderit
580 2893 662 2954 enim
692 2894 757 2961 tihi.
772 2896 810 2956 *si
827 2895 968 2972 quiddam
984 2894 1074 2960 nohis
1118 2897 1214 2954 tanae
1227 2894 1316 2958 urbis
1330 2893 1506 2972 Episcopus
1519 2893 1657 2969 sumpsit,
1680 2904 1799 2965 corpus
1824 2897 1961 2950 nocturn

230 2975 422 3049 protuturum
439 2990 518 3036 esse
533 2975 711 3039 narraveris.
739 2976 938 3053 Thesaurum,
964 2979 1074 3058 inquit,
1118 2977 1155 3038 iu
1177 2975 1237 3038 itta
1257 2977 1499 3040 resurrectionis
1523 2976 1630 3055 pluria
1652 2974 1712 3035 erit
1732 2971 1953 3050 impalpabile.

231 3054 367 3120 Narsetis
383 3058 571 3120 reconditum
588 3056 697 3129 haheo,
713 3061 792 3136 quod
809 3062 839 3122 in
852 3067 985 3123 extremo
999 3063 1076 3126 ritae
1117 3061 1228 3126 uentis,
1243 3076 1380 3140 aereque
1402 3059 1563 3122 achilliaca.
1580 3057 1620 3120 ln
1644 3055 1703 3118 illa
1723 3059 1814 3116 euim
1828 3069 1958 3116 resurre-

230 3140 352 3215 positus
366 3140 465 3202 celare
480 3155 540 3201 non
558 3144 694 3219 possum.
715 3139 799 3204 Tunc
815 3141 922 3205 Caesar
937 3144 1076 3207 Tiberius
1118 3142 1231 3204 ationis
1242 3143 1345 3221 pluria
1360 3147 1419 3205 erit
1432 3157 1548 3218 corpus
1562 3146 1706 3203 nostrum
1720 3136 1840 3200 subtile
1854 3153 1908 3214 per
1921 3138 1959 3210 ei·

231 3225 367 3298 gauisus,
384 3225 473 3285 mittit
486 3237 583 3300 usque
596 3222 633 3286 ad
650 3223 751 3285 locum
767 3239 877 3303 pucros
891 3241 975 3289 suos.
989 3226 1075 3288 Prae·
1116 3224 1233 3301 scotum
1247 3225 1428 3304 spiritualis
1449 3224 1625 3303 potentiae,
1651 3223 1708 3283 sed
1730 3219 1898 3298 palpabile
1911 3237 1961 3296 per

232 3305 361 3367 cedente
378 3320 447 3367 reru
463 3321 550 3378 sene,
568 3307 597 3368 hi
614 3313 784 3383 sequnntur
808 3308 946 3370 adtoniti.
969 3309 1075 3372 Perre·
1115 3308 1444 3372 ueritatemnaturae.
1472 3307 1558 3372 Dede
1583 3306 1679 3370 etiam
1703 3302 1899 3381 Redemptor
1910 3319 1960 3364 no·

231 3388 414 3466 clientesque
429 3388 466 3449 cd
489 3387 663 3460 cisternam,
686 3390 922 3467 deopertamque
943 3392 1076 3471 ingredi·
1115 3395 1179 3452 ater
1193 3390 1413 3456 dubitantibus
1427 3390 1538 3452 desua
1550 3388 1785 3453 resurrectione
1797 3385 1959 3462 discipulis

230 3474 322 3531 untur
337 3489 344 3530 :
361 3472 391 3531 in
408 3487 466 3548 qua
483 3474 595 3533 tantum
611 3487 729 3548 acrum,
753 3480 970 3551 argentumque
986 3489 1073 3554 repe·
1117 3474 1255 3536 ostendit
1281 3489 1411 3550 monus,
1437 3480 1465 3536 et
1490 3473 1587 3546 latus,
1600 3469 1774 3550 palpanda
1794 3485 1879 3538 ossa.
1897 3485 1960 3529 aar·

229 3553 323 3622 uiuat,
342 3557 374 3614 ut
388 3569 442 3628 per
458 3555 569 3617 multos
584 3553 651 3616 dies
665 3554 710 3618 ιιι
723 3561 919 3619 evacuaretur
932 3575 947 3619 a
963 3558 1077 3635 ιιιιι-’
1116 3571 1254 3637 memque
1264 3555 1413 3634 praebuit
1423 3557 1543 3632 dicens,
1556 3555 1701 3633 ratpoto,
1715 3551 1871 3622 alcidem.
1887 3552 1960 3630 uitii

230 3634 377 3699 lantibus.
390 3635 433 3698 lix
448 3636 507 3698 boc
522 3637 574 3698 ille
586 3638 717 3717 amplius
730 3638 818 3700 hilari
840 3641 1014 3719 erogatione
1029 3639 1074 3702 di·
1117 3640 1252 3713 spiritus
1266 3655 1409 3715 carnem,
1426 3647 1455 3700 et
1468 3654 1541 3702 ossa
1559 3653 1626 3700 nors
1640 3635 1745 3704 nabet,
1760 3637 1843 3697 sieut
1857 3651 1906 3695 me
1920 3637 1960 3695 ui-

230 3719 386 3794 sponsavit
401 3721 519 3796 egenis.
660 3718 661 3724 ’
1119 3723 1198 3784 dctis
1213 3720 1341 3785 hahere.
1361 3720 1421 3797 Qui
1434 3738 1508 3784 cum
1529 3721 1640 3784 eodem
1659 3717 1819 3798 Eutychio
1838 3721 1874 3777 in
1889 3715 1960 3778 con-

272 3797 345 3861 Dum
370 3802 446 3864 hacc
467 3808 656 3879 gererentur,
673 3802 808 3866 lustinus
830 3804 953 3883 impleto
968 3807 1070 3884 impe·
1117 3807 1406 3882 stantinopotitana
1434 3803 1510 3867 llrba
1530 3804 1653 3883 positus
1679 3801 1739 3862 ltoc
1764 3800 1961 3876 eoanpelicae
1999 3871 2000 3880 χ

230 3881 267 3944 ιιι
284 3887 388 3944 ιιιιιο
404 3883 522 3946 decimo
538 3901 629 3958 anno,
647 3887 818 3962 amentiam,
835 3904 922 3964 quam
939 3891 1073 3952 incurre-
1116 3888 1259 3950 centoris
1290 3888 1507 3954 testimonium
1529 3885 1728 3966 protulisses,
1754 3885 1814 3946 ait:
1837 3881 1956 3942 idcirco

231 3970 287 4042 rat,
305 3983 372 4028 oum
388 3965 448 4028 ιιιι
469 3965 575 4029 ιιιιιι.
591 3967 656 4044 Quo
671 3969 790 4045 sepulto
811 3969 950 4031 'itherius
966 3971 1075 4035 caesar
1117 3969 1271 4034 Dominus
1285 3969 1344 4032 boe
1356 3969 1440 4047 fecit,
1463 3977 1499 4032 ut
1513 3970 1749 4033 dubitationem
1761 3967 1957 4028 resumentic·
1999 4035 2000 4048 χ

230 4051 357 4126 ιιιιριιι
371 4048 428 4109 iam
444 4049 515 4112 olim
533 4050 709 4126 adgressum
731 4049 905 4127 Imperium.
929 4052 990 4116 Sed
1005 4071 1073 4116 cum
1118 4055 1169 4116 uic
1193 4069 1274 4116 suae
1298 4054 1338 4116 dc
1363 4053 1599 4130 discipulorum
1625 4050 1776 4114 cordibus
1790 4055 1955 4112 amoueret.
1999 4103 2000 4112 ,

231 4147 301 4192 eum
317 4131 486 4194 secuudum
510 4133 762 4196 consuetudinem
784 4135 842 4198 loci
858 4135 894 4196 ad
917 4143 1074 4215 spectacu-
1122 4135 1367 4218 tuirandum,
1383 4137 1530 4215 inquam,
1554 4140 1598 4198 est
1619 4149 1670 4197 res
1691 4132 1785 4196 ualde
1798 4135 1835 4193 ut
1849 4145 1954 4209 quam·

230 4213 292 4274 lum
320 4213 391 4276 circi
419 4215 652 4292 praestolaretur
672 4217 808 4294 populus
833 4234 1072 4297 processurum,
1119 4222 1259 4295 astruis,
1285 4225 1321 4284 ut
1341 4220 1418 4283 iude
1442 4219 1535 4282 nohis
1560 4218 1707 4281 dubietas
1725 4219 1850 4293 surpot.
1874 4213 1955 4274 unde

231 4311 336 4373 parare
352 4297 378 4358 ci
402 4297 540 4374 cogitans
562 4314 616 4374 pro
639 4305 723 4376 purte
750 4299 907 4363 iustiniani
934 4303 1072 4379 insidias,
1118 4301 1352 4379 discipulorum
1376 4301 1476 4366 cordo
1502 4319 1523 4363 a
1545 4301 1708 4364 dubietate
1727 4305 1849 4360 sauata
1870 4303 1952 4358 sunt.

231 4377 283 4456 qui
301 4385 373 4440 tunc
396 4394 493 4456 nepos
517 4379 626 4442 lustioi
653 4380 839 4460 habebatur;
862 4385 913 4445 ille
939 4386 1075 4462 periore
1123 4381 1206 4459 Quid
1231 4385 1317 4448 euim
1345 4385 1485 4446 deterius
1511 4385 1579 4447 dici
1599 4388 1701 4462 potest
1722 4397 1820 4460 quam
1845 4385 1881 4440 ιιι
1905 4379 1957 4440 ιιι

213 4477 216 4484 ·
231 4468 336 4522 sancta
354 4461 515 4539 processit.
532 4461 747 4541 completaque
763 4458 909 4544 oratioue,
923 4474 1026 4530 uocato
1038 4468 1074 4530 ad
1119 4466 1210 4529 nobis
1225 4468 1264 4528 de
1278 4467 1347 4530 eius
1360 4482 1438 4530 uera
1451 4483 1548 4530 carne
1563 4466 1699 4529 dubium
1717 4461 1785 4537 liat,
1800 4477 1860 4540 per
1874 4464 1956 4540 quod

230 4560 265 4604 se
282 4543 367 4606 urhis
383 4545 460 4621 Papo
477 4562 545 4606 cum
568 4546 759 4620 consulibus,
783 4555 874 4624 atque
897 4549 1072 4628 praelectis,
1121 4549 1274 4628 discipata·
1288 4551 1357 4612 eius
1373 4551 1416 4610 ad
1429 4547 1526 4628 iidem
1546 4549 1587 4612 ab
1613 4549 1702 4610 omni
1724 4553 1800 4607 sunt
1822 4544 1959 4606 dubieta-

230 4628 374 4703 palatium
392 4635 437 4689 est
454 4628 621 4704 ingressus.
643 4627 761 4692 Dehinc
782 4629 906 4693 indutus
929 4649 1074 4710 purpura,
1122 4633 1324 4710 inseparati.
1353 4631 1388 4693 Si
1412 4633 1499 4695 enim
1514 4647 1581 4694 uon
1604 4631 1662 4693 hoc
1685 4628 1834 4692 habuisse
1848 4630 1958 4689 astrui·

232 4707 404 4772 diademate
420 4716 593 4784 coronatus,
610 4712 719 4773 throno
740 4713 892 4790 Imperiali
916 4715 1076 4793 impositus
1121 4720 1185 4789 tur,
1201 4717 1289 4794 quod
1312 4716 1466 4778 ostendit:
1489 4715 1577 4778 uredo
1597 4711 1676 4794 fides
1700 4709 1868 4787 discipulis
1895 4713 1960 4771 eius

232 4807 300 4850 cum
326 4791 487 4855 immensis
513 4792 654 4854 laudibus
683 4795 848 4872 imperium
877 4796 1074 4861 confirmavit.
1115 4795 1311 4871 'confirmata
1326 4803 1381 4872 est,
1393 4798 1471 4861 inde
1491 4805 1604 4861 nostra
1617 4797 1806 4860 destruitur.
1830 4801 1860 4854 et
1874 4793 1958 4869 paulo

232 4871 413 4938 Factiooarii
430 4892 552 4953 quoque
568 4876 744 4954 operientes
759 4877 795 4939 ad
812 4879 925 4940 circum
942 4897 1010 4942 curn
1026 4898 1076 4945 co·
1121 4879 1209 4950 iutra,
1228 4879 1306 4944 Cum
1327 4883 1404 4960 piae
1431 4882 1606 4944 memoriae
1631 4879 1772 4943 liberius
1787 4875 1959 4955 Imperator

231 4957 409 5034 genuissent
426 4975 503 5034 quae
519 4965 583 5022 acta
599 4960 727 5032 lucrant,
746 4960 860 5038 pudore
876 4962 993 5027 contusi
1009 4967 1076 5027 siue
1121 4968 1241 5025 secreto
1255 4979 1317 5039 me,
1334 4969 1362 5026 et
1373 4963 1566 5043 liutpaldum
1577 4962 1767 5040 suscipiens,
1784 4959 1864 5039 quid
1877 4960 1959 5021 iuter

232 5036 344 5104 ellectu
371 5041 504 5118 regressi
529 5047 611 5119 sunt,
640 5043 716 5104 nihil
743 5045 870 5122 homini,
889 5047 938 5125 qui
968 5048 996 5108 in
1011 5047 1076 5110 Deo
1121 5059 1179 5106 aas
1195 5046 1378 5109 discordiae
1390 5052 1574 5109 uersaretur
1592 5045 1782 5124 annuntiet
1795 5043 1958 5120 utriusque

233 5135 320 5199 spem
338 5131 491 5214 posuerat,
509 5125 662 5188 aduersari
679 5127 825 5190 calentes.
839 5129 1010 5192 Transactis
1021 5129 1076 5208 igi·
1120 5132 1225 5205 partis
1250 5129 1457 5207 allegationes
1479 5144 1636 5206 pensons,
1666 5126 1804 5190 eundem
1832 5123 1955 5197 tibrum,

233 5211 282 5266 tur
293 5219 398 5282 paucis
411 5203 519 5269 diehus
530 5207 1033 5288 aduenienslastinianuspcdibus
1044 5227 1078 5277 sa
1126 5225 1220 5288 quem
1245 5213 1284 5275 de
1298 5211 1529 5275 resurrectione
1543 5213 1727 5291 scripserat,
1743 5209 1821 5276 ιιιι,
1838 5221 1956 5284 quoque

233 5285 362 5364 proiecit
376 5286 581 5364 Imperatoris,
596 5289 769 5367 quindecim
783 5292 811 5353 ei
826 5297 998 5356 centenaria
1013 5296 1078 5358 aurl
1126 5293 1372 5371 allegationibus
1384 5297 1550 5358 destruens
1565 5293 1762 5367 deliberabit,
1778 5297 1815 5352 ut
1827 5287 1957 5370 {lammis

233 5369 379 5466 deierans
394 5368 433 5432 oh
446 5371 586 5434 meritum
599 5374 724 5457 gratiae.
738 5374 832 5450 Quem
843 5373 896 5438 ille
908 5378 1077 5440 secundum
1123 5378 1261 5440 cremari
1274 5377 1441 5440 debuisset.
1467 5375 1548 5438 Haec
1574 5377 1701 5440 Sanctus
1727 5375 1895 5452 Gregorius.
1916 5371 1958 5430 lix

234 5455 398 5528 patientiae
414 5467 488 5516 succ
504 5456 594 5516 ritum
609 5455 770 5536 colligens,
788 5459 817 5520 in
833 5458 974 5537 palatium
991 5459 1081 5523 lussit
1126 5474 1182 5537 quc
1199 5460 1322 5522 historic
1338 5460 1499 5538 perspicue
1515 5459 1659 5530 cernitur,
1672 5462 1803 5536 quantus
1825 5453 1907 5518 tuerit
1929 5455 1957 5515 ιι

235 5535 395 5630 adsistere.
413 5534 527 5615 Sophia
543 5553 614 5599 vero
625 5539 771 5617 Augusta,
785 5540 943 5604 immemor
954 5545 1082 5620 promis·
1128 5555 1164 5603 eo
1175 5539 1317 5623 Principe
1328 5543 1497 5606 catholicae
1507 5541 1580 5604 lidei
1591 5542 1687 5606 uetus.
1700 5541 1770 5603 lirul
1783 5539 1863 5602 enim
1874 5534 1957 5616 uctr-

234 5631 343 5695 stonts,
360 5635 449 5698 qnam
467 5619 622 5702 quondam
635 5619 668 5684 in
682 5623 835 5689 'liberium
852 5625 1015 5706 hahuerut3
1039 5627 1083 5692 ic·
1128 5623 1217 5688 chius
1231 5642 1292 5689 non
1307 5626 1404 5691 soluto
1420 5625 1598 5705 imperatori
1618 5623 1828 5705 gratissimum
1843 5628 1873 5685 ct
1890 5621 1957 5682 ami·
