4086 6258
11 455 23 506 Ι

11 541 22 592 Ι

11 623 21 676 Ι

11 711 20 764 i

11 795 19 848 Ι

11 883 18 921 ι

11 963 17 1010 Ι

11 1051 16 1094 Ι

11 1133 17 1178 Ι

11 1223 16 1262 ι

11 1299 15 1346 Ι

11 1387 15 1431 Ι

11 1471 15 1514 Ι

11 1549 14 1598 ι

11 1641 15 1684 Ι

11 1801 15 1854 Ι

11 1893 14 1926 1

11 1979 14 2018 ι

11 2063 14 2104 t

900 622 954 694 aa
1025 573 1037 656 '.

190 913 193 924 ·
316 848 599 1098 aare
656 853 946 1028 annu
1006 851 1532 1088 muntenni

756 1397 1074 1430 m:

502 1737 505 1742 ·
692 1709 1132 1912 enarrarre

102 2111 273 2193 Congitanti
296 2111 370 2176 mibi
395 2111 637 2178 insolitomeo
652 2129 788 2187 recessu,
805 2114 836 2176 iu
851 2129 911 2192 quo
955 2111 1070 2190 quippo
1092 2128 1171 2190 gone
1193 2113 1270 2176 sitne
1291 2115 1466 2194 opponitur,
1491 2129 1580 2194 nuum
1604 2117 1714 2180 bonam
1729 2129 1799 2181 asse

59 2211 77 2260 a
101 2195 233 2274 negotiis
253 2195 388 2276 publicis
408 2213 519 2262 tacens
543 2191 617 2260 mibi
642 2197 715 2274 ipse
731 2214 815 2274 racc,
833 2211 911 2274 guae
955 2211 1067 2274 negare
1089 2211 1150 2264 noa
1178 2211 1354 2274 possumne·
1382 2198 1510 2262 Accedit
1534 2203 1798 2278 prosternendae

62 2293 155 2344 eausa
177 2279 228 2354 sit,
245 2295 299 2342 cur
313 2285 406 2341 artem
423 2279 772 2358 bonmolendinum
788 2279 911 2342 notissi-
954 2277 1037 2340 ocos
1051 2283 1186 2342 mortem
1198 2295 1266 2342 reon
1280 2281 1362 2354 lecit
1379 2282 1435 2343 sed
1450 2283 1705 2346 somniculosae·
1715 2297 1800 2346 mors

60 2377 109 2423 rua
132 2361 277 2424 omnibus
299 2377 370 2424 asse
392 2362 531 2438 deberet,
554 2363 732 2441 pancissimi
752 2361 911 2426 addiscere
952 2361 1547 2446 iatrouteioorbcmterrorom‚(sep.
1562 2363 1688 2448 icti.)
1702 2373 1734 2428 nt
1748 2365 1798 2428 sn·

11 2501 12 2524 ,
59 2443 221 2519 studeant3
237 2442 313 2506 nibil
330 2445 462 2506 occurrit
475 2445 570 2517 aliud,
588 2444 660 2521 nisi,
677 2445 757 2523 guod
781 2444 912 2521 Sapiens
955 2444 1043 2519 piens
1056 2445 1155 2514 docet.
1173 2446 1221 2508 eui
1244 2447 1394 2508 suberibit
1416 2449 1578 2524 apostolus
1593 2448 1713 2524 lautus,
1730 2465 1797 2510 curn

58 2525 113 2594 ait.
127 2527 288 2588 stultorum
311 2525 464 2589 inlinitum
481 2543 551 2592 esse
567 2542 738 2591 numerum.
752 2527 851 2602 (beel,
866 2522 911 2610 Ι.)
955 2526 1013 2585 ait:
1036 2526 1096 2588 Per
1109 2544 1214 2590 unum
1227 2528 1388 2590 bornicum
1401 2535 1570 2607 peceatum
1583 2532 1628 2592 im
1642 2533 1798 2596 mundum

60 2606 144 2680 Quae
161 2613 262 2686 potest
275 2608 356 2672 enim
372 2607 445 2689 lingi
461 2612 507 2674 rel
524 2611 648 2690 cogitari
664 2610 787 2672 stultitia
804 2613 909 2682 maior,
953 2607 1144 2687 ostracites
1161 2627 1222 2690 pec·
1241 2618 1409 2688 peceatum
1428 2627 1525 2689 mors,
1547 2615 1584 2675 in
1605 2630 1668 2691 guo
1689 2631 1798 2678 omnes

60 2707 151 2764 ouum
174 2698 269 2753 ortem
282 2691 364 2752 illam
381 2692 551 2771 negligere,
567 2709 604 2756 ex
626 2695 683 2770 qua
699 2695 777 2755 bona
793 2709 911 2755 summu
952 2702 1178 2768 peccauerunt.
1195 2693 1298 2774 (Rom.
1314 2693 1361 2774 5.)
1377 2693 1464 2756 Certe
1480 2696 1504 2756 si
1522 2695 1603 2757 Deus
1619 2695 1701 2773 lecit,
1718 2713 1799 2756 mors

60 2779 90 2834 et
107 2775 295 2853 sempiterna
309 2775 503 2853 dependent;
519 2780 549 2838 et
562 2781 644 2838 artes
655 2777 801 2852 plurimas
812 2793 847 2838 uc
861 2791 911 2852 pe·
955 2774 1034 2835 bono
1052 2790 1110 2836 non
1126 2784 1183 2849 osb
1200 2779 1477 2852 comendentes
1493 2777 1572 2839 Deus
1590 2779 1668 2852 tecit,
1685 2779 1798 2841 bunum

60 2869 100 2916 ne
113 2855 357 2919 innumerabiles
368 2873 477 2936 magno
489 2857 595 2920 labore
606 2858 795 2938 perdiscere,
808 2865 839 2920 ei
851 2875 911 2919 nun
955 2858 1005 2930 sit,
1022 2854 1144 2919 dicente
1159 2859 1274 2937 llogse:
1293 2855 1375 2922 Vidit
1386 2858 1469 2922 Deus
1484 2867 1611 2935 cuneta,
1622 2877 1706 2940 quae
1719 2860 1798 2939 ,iece-

60 2938 180 3001 minore
202 2939 305 3002 studio
320 2953 475 3007 exercere.
492 2942 606 3020 quibus
622 2941 754 3018 peritura
769 2941 848 3003 bona
863 2939 912 3002 rel
955 2946 1017 3012 roi,
1032 2945 1060 3001 et
1072 2942 1270 3004 crontuoldo
1282 2940 1517 3022 bonu.tGea.l)

61 3029 283 3083 conservantur
297 3023 343 3084 rel
356 3024 629 3100 augenturiPorno
644 3029 738 3085 artem
753 3023 833 3086 bene
849 3038 911 3083 mo·
996 3019 1139 3095 Quamvis
1155 3031 1253 3086 nutem
1270 3040 1352 3086 mors
1367 3026 1397 3085 in
1413 3040 1447 3087 se
1463 3025 1542 3087 bona
1557 3041 1618 3088 non
1634 3026 1684 3098 sil,
1702 3032 1800 3088 tomen

60 3103 162 3164 riendi
185 3110 280 3165 artem
302 3118 373 3166 esse
393 3104 500 3167 artium
517 3106 652 3168 omnium
669 3106 842 3178 maximnm,
860 3121 913 3168 ne·
956 3104 1105 3182 supientia
1129 3105 1181 3166 liei
1204 3106 1249 3167 sic
1273 3112 1399 3168 mortem
1413 3108 1499 3185 quasi
1515 3109 1642 3170 condire
1658 3110 1751 3184 norit,
1769 3117 1801 3170 ot

61 3201 112 3246 mu
128 3185 263 3265 negabit,
279 3188 330 3263 qui
346 3192 460 3249 attente
471 3189 605 3268 cogitare
618 3189 757 3262 voluerit,
772 3188 801 3249 in
816 3196 912 3250 rnorie
955 3200 993 3248 ex
1009 3192 1105 3249 morte
1120 3189 1211 3250 multu
1228 3187 1306 3250 bona
1329 3189 1400 3250 oriri
1416 3193 1546 3266 possint.
1560 3188 1637 3252 llice
1648 3190 1739 3253 barid
1751 3208 1799 3252 ca·

61 3269 249 3330 reddendam
271 3283 342 3332 esse
364 3268 430 3332 beo
443 3271 592 3333 rationem
608 3271 648 3336 de
663 3271 818 3344 omnibus,
836 3287 913 3349 quae
957 3269 1012 3344 nil,
1028 3268 1172 3338 Pretiosa
1190 3272 1228 3332 ιιι
1241 3275 1410 3347 conspeetu
1424 3271 1554 3336 Domini
1567 3287 1653 3334 mors
1668 3270 1798 3336 Sancto·

61 3353 124 3412 toto
146 3353 223 3412 ritae
239 3352 339 3428 spatio
354 3352 521 3432 egerimus,
537 3354 719 3422 dixerimus.
735 3353 913 3432 cogitaveri·
954 3365 1031 3412 rum
1050 3352 1131 3427 eius,
1149 3354 1160 3426 l
1176 3351 1227 3414 Ps.
1246 3352 1316 3414 lib.
1331 3349 1345 3434 )
1360 3353 1541 3416 etlleclesia
1564 3356 1601 3417 de
1624 3352 1744 3417 (llrristo
1760 3360 1801 3416 lo·

60 3447 143 3494 mus.
167 3433 267 3508 (llott.
292 3432 358 3514 tt.)
381 3452 479 3514 usque
501 3436 538 3499 ad
560 3436 686 3499 uerbum
704 3439 797 3497 uuum
814 3437 912 3498 otiosa
955 3449 1066 3508 nuens,
1082 3437 1141 3496 eit:
1160 3432 1221 3510 Qui
1244 3441 1378 3499 mortem
1397 3443 1540 3499 nostrum
1564 3439 1732 3501 moriendo
1747 3440 1798 3500 de·

60 3515 225 3592 prolatum.
247 3516 372 3580 diabolo
392 3522 569 3597 recusante,
592 3517 781 3582 conscientie
805 3517 911 3581 iustiti·
954 3517 1085 3594 anemii,
1109 3521 1138 3580 ot
1168 3520 1267 3579 uitem
1292 3521 1487 3594 resurgendo
1514 3521 1691 3598 repererit.
1715 3517 1801 3582 Certe

60 3603 163 3666 eante.
179 3613 278 3675 poeno
301 3599 408 3663 mortis
429 3608 573 3664 aeternae
588 3601 635 3664 rel
651 3602 786 3679 praemio
799 3601 911 3678 sempi·
955 3613 1049 3671 mons,
1073 3614 1153 3676 quae
1174 3607 1302 3674 mortem
1317 3601 1477 3675 destrunt,
1493 3609 1522 3664 et
1537 3603 1625 3663 uitam
1642 3605 1800 3680 repararit,

61 3687 149 3742 torno
166 3697 223 3744 nos
237 3688 429 3759 expediente.
442 3683 588 3746 Videmus
602 3685 740 3761 quotidie
751 3701 819 3747 cum
835 3683 912 3746 iudi·
955 3681 1014 3744 nisi
1031 3681 1117 3745 rnlde
1139 3683 1217 3745 bona
1241 3697 1312 3746 esso
1336 3699 1395 3746 non
1419 3684 1532 3760 potuit3
1555 3684 1684 3762 proinde
1699 3683 1725 3747 si
1739 3702 1801 3746 non

61 3761 142 3824 oium
159 3773 335 3842 expectatur
350 3765 388 3826 de
404 3766 497 3830 rebus
511 3767 600 3829 etiam
616 3765 742 3840 inlimls,
755 3768 913 3848 litigantes
955 3764 1171 3843 contentique
1185 3765 1293 3828 sallem
1311 3782 1393 3828 mors
1404 3767 1483 3828 bone
1495 3767 1589 3830 luisse
1602 3767 1730 3830 dicenda
1744 3776 1801 3835 est,

62 3845 198 3922 quietern
215 3847 327 3911 nullam
344 3863 475 3926 espere3
491 3850 546 3911 sed
563 3866 645 3910 nunc
660 3849 830 3913 advocatos
850 3851 914 3913 odi·
954 3847 1060 3926 ltaque
1075 3854 1199 3912 sanctus
1221 3848 1398 3910 umbrosius
1413 3849 1523 3912 librum
1539 3847 1582 3912 De
1596 3849 1678 3912 bono
1692 3852 1802 3913 mortis

62 3942 107 4001 re,
122 3945 203 3990 nunc
217 3929 531 4012 Procuratores,nunc
542 3931 679 4005 ludices,
693 3948 774 3994 nunc
787 3934 911 3996 istorum
953 3929 1123 3992 inscribere
1139 3947 1199 3993 ntrn
1215 3930 1375 4008 dubitarit,
1392 3933 1421 3992 in
1438 3947 1499 4009 quo
1514 3932 1593 3995 libro
1608 3935 1682 3995 salis
1698 3943 1801 4009 aperte
1882 3953 1883 3956 ¹

61 4009 199 4088 ipsorum
221 4015 337 4076 amieos
358 4015 408 4078 rel
428 4013 551 4092 efflues3
568 4020 598 4078 et
612 4015 643 4075 in
656 4014 740 4076 obitu
758 4018 912 4090 pendente
954 4011 1152 4086 demonstret,
1174 4019 1313 4094 mortem,
1337 4015 1474 4092 quamvis
1487 4029 1524 4078 ex
1547 4019 1673 4094 peccato
1688 4022 1801 4093 natam,

61 4107 154 4156 causa
177 4109 279 4158 eoram
301 4113 421 4160 summo
435 4095 555 4170 iudice,
573 4098 612 4160 de
627 4099 684 4158 rita
700 4099 747 4160 rel
762 4100 800 4162 de
815 4109 912 4162 morte
954 4110 1027 4159 suas
1041 4095 1156 4160 bebere
1169 4111 1231 4158 non
1245 4099 1372 4176 exiguas
1384 4097 1541 4159 utilitates

60 4178 262 4256 sempiterna,
283 4194 390 4257 saepe,
413 4195 485 4242 reus
501 4181 679 4258 imparatus,
695 4187 726 4241 et
740 4186 911 4259 morboop·
994 4177 1121 4240 Accedit
1142 4178 1276 4258 denique
1298 4181 1385 4245 ratio.
1409 4195 1486 4258 qtrao
1508 4186 1648 4251 moriem,
1665 4179 1802 4256 quamvls

61 4272 202 4335 pressus.
216 4261 265 4324 ιιι
279 4261 327 4324 sui
339 4277 479 4343 compos,
492 4266 610 4341 cogitur
623 4265 771 4324 rationem
783 4265 912 4327 reddere
955 4258 985 4322 in
1001 4275 1036 4322 se
1058 4261 1178 4331 malam.
1200 4277 1236 4324 ex
1250 4263 1344 4341 grotta
1359 4262 1414 4325 oet
1428 4263 1521 4324 mritis
1536 4262 1614 4324 bona
1631 4264 1801 4339 producere

63 4341 103 4402 de
115 4341 155 4403 iis
170 4343 276 4417 rebus,
292 4347 330 4407 de
346 4343 469 4422 qulbus,
486 4345 557 4406 dum
574 4346 655 4408 beno
668 4344 793 4421 caleret,
808 4347 911 4410 tortos·
954 4357 1047 4418 posse
1059 4343 1255 4406 demonstrat.
1272 4343 1403 4406 Primum
1418 4344 1512 4414 enim,
1529 4360 1671 4423 magnum
1685 4344 1799 4406 bonum

60 4438 97 4485 se
113 4439 277 4504 numquam
293 4427 444 4508 cogitarit.
460 4427 538 4490 Hinc
554 4428 703 4488 turmatim
717 4428 820 4492 miseri
834 4445 913 4492 mor·
955 4440 992 4488 ex
1007 4433 1103 4488 morlo
1124 4425 1310 4505 colligimus,
1327 4443 1395 4488 cum
1411 4442 1444 4490 ea
1461 4426 1552 4488 inem
1568 4429 1695 4504 imponit
1710 4427 1801 4489 misc·

63 4506 141 4570 teies
163 4508 192 4569 in
215 4509 388 4588 gebennam
407 4516 514 4584 ruunt3
537 4517 567 4570 et
589 4517 620 4572 ut
641 4509 774 4587 loquitur
788 4520 913 4576 sanctus
954 4509 1009 4570 riis
1030 4508 1170 4585 piurimis
1191 4516 1222 4571 et
1242 4509 1381 4572 menimis
1396 4509 1487 4572 buius
1503 4511 1589 4590 ritae.
1602 4509 1659 4572 lob
1675 4518 1800 4573 sanetus

60 4589 179 4654 Petrus.
190 4591 224 4654 Si
234 4593 337 4656 iustus
352 4597 407 4658 uim
418 4592 604 4662 soluubt'tur,
617 4593 749 4672 impius.
763 4599 792 4656 et
801 4610 913 4673 pecco«
955 4590 1079 4654 disertis
1092 4590 1194 4653 uerbis
1209 4593 1348 4668 queritur
1364 4593 1403 4656 de
1418 4591 1550 4655 miseriis
1564 4592 1641 4654 ritae
1658 4607 1802 4670 praesen·

64 4681 114 4734 tor
135 4674 191 4737 ubi
210 4677 394 4753 parebunt?
409 4677 453 4756 (l.
469 4676 537 4739 Pet.
554 4675 600 4752 Ι.)
615 4673 679 4754 ligo
695 4677 786 4754 igitur
801 4694 913 4756 operae
955 4674 1005 4735 tls.
1021 4673 1131 4750 Homo,
1148 4673 1258 4747 innuit.
1273 4678 1371 4738 octus
1386 4675 1426 4738 de
1437 4677 1582 4742 euellere.
1596 4675 1802 4738 breoiuioens

63 4759 214 4830 praetium
237 4773 308 4820 esse
329 4759 412 4836 duri,
436 4765 468 4820 ut
489 4773 537 4838 mo
558 4758 625 4834 ipse
642 4759 784 4836 primum,
800 4761 913 4822 deindo
955 4762 1107 4834 ternpore,
1122 4755 1264 4835 repletur
1276 4757 1386 4823 moltis
1399 4759 1550 4823 miseriis.
1566 4757 1647 4836 (lob.
1665 4753 1731 4840 ΙΙ.)
1745 4757 1801 4819 Ec·

62 4833 171 4901 lrntres
193 4854 280 4902 meos
301 4841 493 4915 admoneam,
510 4847 542 4904 ut
556 4847 650 4902 artem
666 4839 747 4904 beno
763 4842 914 4905 moriendi
955 4838 1115 4902 elesiastes
1128 4840 1185 4902 ait:
1201 4839 1465 4920 tcedcoimcgis
1479 4845 1741 4920 marocenorum
1757 4842 1801 4902 oi·

63 4921 332 4999 magnilaoiemos:
354 4931 383 4988 et
398 4927 424 4988 si
439 4925 490 5003 gui
506 4925 580 4997 sint,
592 4923 644 5002 qui
660 4923 698 4987 ab
714 4923 783 4986 aliis
798 4925 913 4988 doctio-
953 4925 1072 4992 centes,
1095 4927 1123 4984 el
1143 4921 1319 4999 feliciorem
1338 4928 1475 5002 oleoque
1486 4925 1641 4998 iudicent,
1658 4925 1715 5002 qui
1728 4939 1801 4985 neo

63 5006 151 5067 ribus
167 5005 321 5085 magistris
336 5006 414 5070 bano
427 5017 521 5071 oriem
536 5008 671 5070 noudum
685 5006 860 5084 didicerint,
877 5025 912 5070 ea
955 5004 1037 5067 dum
1061 5011 1159 5067 notos
1184 5009 1239 5074 est.
1262 5021 1321 5067 nec
1340 5007 1421 5068 uidit
1441 5007 1541 5080 molo,
1566 5021 1649 5084 quoe
1664 5004 1722 5068 sub
1736 5007 1801 5068 soie

62 5090 183 5158 saltem.
206 5105 285 5167 quae
312 5105 370 5153 nos
390 5091 429 5153 de
449 5090 506 5152 bae
527 5097 589 5153 arte
606 5105 642 5152 or
658 5089 758 5153 Libris
772 5092 870 5154 sacris
883 5096 913 5154 et
955 5086 1047 5160 bunt.
1064 5087 1162 5159 (licei.
1179 5086 1224 5169 Ι.)
1240 5088 1472 5150 Ecclesiasticus
1487 5103 1589 5150 aurem
1603 5087 1696 5160 addit,
1714 5095 1744 5150 ei
1758 5088 1801 5147 di-

62 5172 186 5249 scriptis
200 5181 337 5236 reterum
353 5175 564 5252 magistrorum
576 5171 725 5252 colligere
739 5173 911 5236 curavimus
955 5171 1018 5232 eit:
1036 5169 1204 5248 occupatio
1218 5185 1339 5250 magno
1353 5178 1462 5234 erecto
1483 5177 1527 5232 est
1541 5169 1688 5233 omnibns
1702 5171 1801 5233 bomi-

61 5269 124 5315 non
142 5256 325 5335 despiciant.
955 5252 1063 5320 nibus.
1087 5259 1115 5314 et
1129 5255 1242 5328 ingram
1262 5269 1360 5331 grune
1375 5270 1471 5332 super
1483 5250 1566 5333 fiilos
1581 5255 1698 5329 ldnm3
1714 5269 1735 5314 c
1749 5253 1802 5314 dle

104 5338 165 5402 Sed
188 5344 350 5418 antequam
372 5338 409 5400 sd
434 5343 595 5416 praecepta
617 5336 710 5401 buius
724 5341 796 5400 artis
812 5338 910 5401 renio·
955 5335 1061 5400 emitas
1087 5337 1127 5396 de
1147 5345 1255 5397 uentre
1269 5337 1381 5398 metris
1396 5351 1519 5406 eorem,
1541 5353 1643 5414 eisquc
1663 5337 1700 5396 in
1713 5336 1802 5396 diem

61 5435 144 5494 mos,
162 5437 276 5502 operae
298 5420 428 5498 pretium
451 5434 521 5483 esse
536 5419 607 5482 duxi
624 5421 662 5482 de
686 5428 791 5484 natura
805 5423 911 5483 mortis
955 5419 1139 5498 sepulturae
1159 5419 1195 5480 in
1210 5427 1344 5480 matrem
1358 5421 1514 5481 omniurn.
1529 5419 1625 5492 (beel.
1643 5413 1709 5498 tlt.)
1725 5421 1800 5492 ape·

61 5520 224 5582 quaerere,
241 5510 342 5566 utrom
357 5520 438 5566 mors
453 5504 485 5565 in
501 5503 594 5564 rebus
606 5502 697 5566 bonis
709 5504 756 5564 vei
767 5502 853 5565 malis
866 5519 911 5564 re·
956 5502 1052 5564 stolus
1067 5513 1191 5576 quoque
1206 5503 1243 5562 de
1260 5502 1392 5562 miseriis
1404 5502 1579 5563 buiusritee
1592 5502 1798 5574 conqueritur,

60 5589 207 5662 ponenda
221 5588 272 5651 sii.
289 5585 326 5648 lit
340 5589 463 5664 quidem
480 5585 507 5648 si
523 5600 603 5646 mers
616 5584 756 5652 absolute
769 5585 910 5648 conside·
956 5593 985 5646 et
997 5589 1053 5645 ait:
1065 5582 1186 5659 Infelix
1197 5599 1252 5661 epo
1265 5582 1369 5658 borno,
1383 5586 1454 5661 quis
1465 5600 1515 5647 nne
1528 5583 1671 5647 liberabit
1683 5583 1722 5644 de
1735 5597 1802 5643 eor·

62 5679 161 5743 retur,
183 5673 251 5734 sine
273 5670 330 5732 ulla
354 5669 543 5733 dubitatione
566 5667 643 5730 mala
665 5668 820 5732 censendo
847 5675 908 5743 est,
953 5669 1155 5764 potententia
1171 5665 1428 5748 buiuslfflom.)

170 5771 324 5832 Bruuosrrtrr
336 5770 366 5828 V.
381 5770 424 5828 vt.
592 5836 595 5853 ι
1618 5765 1649 5822 bl
