4086 6258
308 259 361 320 tit
664 313 668 320 .
907 265 953 320 DE
975 257 1122 324 suurltit
1139 263 1249 324 VERB.
1272 264 1358 322 DOM.
2018 316 2021 385 Ι

236 395 417 481 parentibus
432 397 498 462 suis
513 398 641 463 habero:
658 396 799 462 Christus
814 399 896 461 enim
920 398 1022 462 minus
1039 399 1092 461 dc·
1137 401 1314 476 impetrare,
1331 408 1364 461 ut
1379 399 1461 462 dicat
1475 407 1505 461 et
1521 398 1634 464 nobis:
1656 397 1738 460 hicce
1757 403 1865 458 mutar
1877 403 1957 469 tua3
1979 401 2023 466 ιιι

235 483 303 547 buit
318 480 435 561 parenti
453 498 541 560 suae,
558 498 650 560 qnam
673 481 766 544 ceteri
790 482 933 545 hominus
957 485 1023 545 suis
1040 500 1089 561 pa·
1138 482 1224 546 matri
1240 498 1316 545 suaa
1340 483 1379 546 de
1396 482 1487 545 nobis
1501 482 1593 544 dicat:
1618 480 1699 543 liare
1720 479 1808 558 pilius
1826 486 1914 542 tuus.
1933 474 2023 568 lloaq

237 567 376 630 rentibus
397 564 542 630 debeant.
556 565 654 630 deteri
672 566 814 628 homines
830 573 946 629 tantum
959 567 1092 645 parenti·
1137 575 1185 631 est
1198 581 1305 634 avarus
1322 568 1391 646 pius
1408 565 1555 630 Dominus
1570 566 1748 644 gratiarum,
1773 563 1946 624 dammodo
1966 557 2023 620 adl

236 652 295 716 bus
310 650 436 726 debent,
453 656 599 731 qnantum
614 650 730 712 reterre
745 665 807 713 non
821 659 961 728 possunt,
976 652 1091 712 debent
1137 652 1279 713 thronum
1295 651 1412 730 gratiae
1428 651 1497 714 eins
1509 666 1581 712 cum
1605 647 1666 710 lide
1681 652 1713 710 et
1728 646 1838 710 bducia
1853 693 1860 722 ,
1886 654 1920 708 et
1936 655 2023 735 uon

236 736 320 799 enim
335 733 422 796 vitam
439 733 640 812 parentibus,
664 749 754 812 qnam
777 732 840 794 illis
865 739 947 796 certe
974 733 1090 798 reterre
1136 734 1208 798 ticio
1224 736 1329 807 corda,
1347 734 1402 796 sed
1426 750 1497 798 aero
1524 741 1554 796 et
1580 733 1702 795 sincera
1723 731 1925 793 accedamus.
1942 727 2023 804 Qut*

237 832 298 882 noa
315 824 456 896 possunt.
469 817 633 893 Memento,
650 816 750 892 inquit
762 816 1091 898 Ecclesiastiensqua·
1137 835 1194 882 nos
1208 819 1381 882 coheredes
1403 835 1473 881 esse
1489 816 1583 880 ualuit
1603 815 1702 895 Regni
1724 814 1821 878 Petris
1836 813 1911 885 sni,
1938 827 2009 874 non

234 903 329 966 uiam
339 901 407 964 uisi
418 917 476 980 per
490 901 562 963 ilios
576 906 675 964 natus
686 899 894 977 confutares.
908 900 1091 983 (hecleal.)
1137 903 1354 980 dedignabitur
1367 907 1451 965 carto
1467 903 1523 964 ιιι
1545 901 1719 963 coheredes
1740 898 1857 960 habere
1879 895 2007 960 amaris

236 984 375 1049 Christus
390 993 504 1060 autem,
522 985 610 1062 isque
626 985 723 1060 salus,
741 985 893 1066 excipitur
913 986 952 1049 ab
969 989 1028 1049 bac
1043 1003 1090 1050 re·
1136 986 1342 1050 matrissuae.
1360 985 1421 1050 Sed
1435 1001 1493 1048 nea
1509 985 1575 1060 ipsa
1586 982 1679 1063 Virgo
1692 979 1921 1060 benignissima
1935 995 2009 1057 gra·

234 1069 316 1150 gula.
332 1067 458 1147 decepit
475 1069 557 1129 enim
573 1085 589 1128 a
605 1066 730 1145 Virgine
746 1073 842 1130 matre
864 1067 954 1134 uitam
973 1089 1063 1134 uriam
1079 1119 1087 1150 ,
1136 1071 1255 1134 rabitur
1270 1071 1467 1134 multitudine
1482 1068 1627 1144 liliorum,
1641 1084 1710 1129 aum
1723 1067 1823 1128 sinum
1840 1062 2007 1142 amplissi-

234 1153 399 1216 humauam
415 1151 568 1224 videlieet,
582 1151 638 1213 sed
654 1147 740 1212 dedii
752 1151 814 1230 illis
830 1158 892 1214 tres
908 1154 1090 1232 vitas,ritam
1137 1171 1219 1217 mum
1234 1155 1357 1228 haheat,
1374 1161 1405 1215 et
1417 1153 1503 1215 valde
1519 1151 1632 1230 cupiat,
1649 1151 1766 1213 nullum
1779 1148 1883 1228 perire
1898 1164 1939 1210 ex
1953 1145 2007 1210 his

235 1236 535 1313 humanam,quando
552 1250 621 1298 enm
636 1233 801 1297 cumPatre
815 1243 844 1298 ct
852 1233 967 1315 Spiritu
984 1247 1091 1301 sanato
1136 1255 1216 1314 quos
1229 1237 1312 1301 lilius
1327 1253 1403 1300 sous
1419 1253 1487 1298 eam
1500 1236 1637 1313 pretiosa
1648 1235 1799 1314 sanguina
1811 1241 1841 1294 at
1854 1240 1919 1294 tam
1934 1247 2008 1308 pre·

232 1319 356 1394 crearit,
374 1318 465 1380 sitam
480 1319 608 1397 gratiae,
625 1325 748 1397 quanda
765 1335 832 1382 earn
848 1319 879 1380 in
896 1321 1088 1385 benedictio·
1137 1323 1212 1385 tiosa
1229 1329 1326 1384 morta
1341 1321 1641 1382 redemit.tldeamus
1652 1334 1726 1398 ergo
1741 1333 1812 1379 aum
1828 1315 1948 1378 diducta
1963 1317 2004 1376 ad

234 1402 326 1465 nibus
341 1401 516 1464 dulcedinis
533 1402 748 1478 praeveniens,
767 1404 900 1465 creando
915 1404 1089 1468 iustihcauit
1137 1408 1410 1482 thronum-gratiae
1426 1403 1550 1478 Christi,
1568 1410 1599 1464 et
1615 1401 1821 1480 suppliciter,
1845 1416 1908 1462 nec
1925 1400 2001 1462 siae

232 1492 263 1547 et
277 1484 471 1548 iustificando
487 1484 612 1547 crearit:
631 1487 720 1547 ritum
737 1485 866 1564 gloriae,
884 1491 1006 1565 quando
1022 1505 1088 1552 eam
1135 1489 1279 1567 lacrymis
1295 1491 1333 1550 ab
1347 1505 1384 1550 ιο
1397 1493 1587 1566 petamusut
1599 1487 1637 1547 de
1649 1499 1838 1562 unoquoque
1852 1489 2003 1544 nostrum

230 1568 267 1632 ad
283 1569 411 1649 gloriam
428 1576 583 1631 aeternam
600 1569 721 1645 evenit,
740 1577 770 1629 et
785 1584 879 1646 super
902 1572 1015 1634 choras
1029 1574 1089 1635 An·
1137 1573 1223 1634 matri
1240 1587 1314 1635 suaa
1328 1571 1505 1635 dicanEcee
1519 1569 1607 1648 filius
1619 1576 1705 1641 turta,
1719 1576 1749 1629 et
1761 1569 1933 1644 uniruique
1947 1581 2005 1628 no·

229 1652 368 1732 gaiorum
385 1652 539 1714 exaltarit.
557 1651 655 1724 Quare
681 1651 708 1713 si
735 1651 875 1715 Christus
901 1655 954 1731 qui
981 1657 1090 1720 heatae
1136 1665 1231 1718 strum
1248 1659 1287 1716 de
1303 1663 1466 1717 matresua
1489 1653 1582 1716 dicat:
1600 1652 1680 1714 Ecce
1693 1656 1799 1714 mater
1812 1660 1881 1714 tuo.
1899 1649 2004 1722 Quam
2022 1631 2023 1694 i

230 1737 318 1798 matri
334 1750 409 1798 sune
426 1735 496 1814 plus
512 1736 596 1798 dedit
611 1751 703 1812 quarn
717 1736 755 1797 ab
772 1751 807 1796 ca
831 1740 988 1800 nascendo
1003 1755 1089 1804 accc·
1135 1739 1216 1802 bene
1233 1739 1323 1800 nobis
1340 1744 1398 1800 erit
1412 1739 1471 1799 sub
1486 1735 1642 1813 praesidio
1664 1743 1765 1797 tantae
1781 1735 1899 1810 matris,
1925 1733 2003 1805 quis

231 1819 285 1897 pit,
302 1819 403 1897 legem
419 1819 584 1881 observare
600 1818 742 1891 voluit,ut
757 1818 786 1879 ei
800 1825 954 1899 tamquam
971 1825 1089 1901 parenti
1137 1839 1193 1885 nas
1208 1822 1370 1886 detrahere
1385 1821 1512 1882 audebit
1528 1827 1566 1882 de
1581 1819 1652 1881 sinu
1669 1818 1842 1895 einstquae
1859 1831 1917 1880 aas
1930 1819 2003 1878 ten·

229 1909 364 1964 mutuam
380 1902 478 1964 ricem
495 1902 652 1975 redderet,
671 1907 786 1978 quanto
809 1905 907 1982 magis
923 1907 1019 1968 aeteri
1034 1910 1087 1969 bo·
1136 1907 1218 1982 tatia,
1236 1921 1315 1984 quae
1339 1905 1495 1968 tribulatio
1508 1918 1656 1980 superare
1673 1903 1782 1978 poterit
1798 1899 2002 1962 cauhdentes

229 1986 330 2048 minos
345 1985 383 2047 ad
395 1987 455 2048 bac
467 1985 649 2048 solvendum
662 1984 843 2064 parentibus
855 1988 991 2052 debitum
1005 1998 1089 2054 tene·
1134 1991 1164 2051 in
1183 1988 1353 2068 patrocinio
1368 1991 1474 2051 matris
1497 1989 1550 2051 lici
1565 2033 1573 2060 ,
1592 1993 1622 2048 et
1638 1994 1760 2049 nostrae
1774 1984 1913 2062 riteque
1937 1998 2000 2046 nos

228 2069 360 2132 huntur?
372 2069 469 2141 Adde,
487 2066 570 2147 qnod
586 2071 726 2148 quamvis
742 2071 925 2133 honorando
943 2084 1086 2149 parentes
1135 2073 1224 2152 primi
1241 2075 1357 2136 erimus
1370 2075 1401 2133 in
1419 2073 1491 2136 tanti
1508 2067 1730 2134 consecutione
1747 2066 1999 2131 beneficiiltutti

227 2153 376 2214 iaciamus
391 2198 399 2225 ,
416 2152 498 2232 quod
514 2153 688 2228 debemoS,
717 2161 818 2214 tamen
835 2154 1010 2235 benignitas
1031 2158 1087 2222 Ilei
1135 2173 1192 2220 nos
1209 2162 1457 2234 praecesserunt,
1476 2156 1573 2228 multi,
1590 2151 1776 2232 inquam,ad
1792 2151 1954 2229 singulare
1967 2155 1999 2214 ot

226 2237 398 2316 praemium
414 2237 543 2312 addidit,
559 2237 590 2296 in
606 2235 691 2314 lege:
703 2235 837 2299 Honora
848 2246 977 2317 patrem
994 2247 1087 2305 tuum
1136 2242 1225 2316 plane
1240 2248 1410 2302 maternum
1424 2239 1627 2317 patrocinium
1643 2234 1999 2314 tarraelirglntsaaccs·

226 2327 256 2382 et
269 2324 408 2383 matrem
422 2325 526 2398 tuam,
540 2326 577 2382 ut
588 2320 631 2382 sis
647 2319 823 2399 longaevus
839 2328 1085 2400 superterram.
1134 2331 1252 2400 serunt,
1270 2327 1301 2386 et
1313 2339 1405 2384 nemo
1421 2322 1569 2385 contusus
1584 2327 1635 2382 aut
1651 2319 1746 2382 tristis
1762 2318 1913 2380 dimissus
1936 2324 1996 2394 est,

227 2398 348 2485 (duod.
365 2398 433 2484 20.)
449 2410 479 2466 ιι
496 2419 550 2479 per
562 2401 815 2465 Ecclesiasticum
832 2399 1017 2488 (declani.)
1034 2411 1087 2470 ad·
1133 2407 1190 2470 sed
1205 2421 1314 2468 omnes
1329 2407 1444 2468 hilares
1467 2415 1496 2467 et
1518 2405 1708 2482 gaudentes,
1730 2403 1797 2464 lrcti
1821 2400 1996 2480 patrocinia
2022 2417 2023 2422 ¹

226 2487 303 2548 didit
318 2485 451 2564 Spiritus
466 2492 605 2574 sanctus:
621 2483 681 2562 Qui
696 2486 835 2549 honorat
847 2494 975 2564 patrem
989 2508 1085 2555 suum
1133 2497 1235 2551 tantae
1248 2489 1413 2552 matrislie
1426 2506 1484 2567 qua
1500 2488 1582 2549 anim
1599 2485 1748 2566 scriptum
1765 2487 1903 2563 astupeo
1918 2499 1995 2548 aon·

221 2569 463 2648 jucundabitur
484 2572 522 2632 in
534 2566 622 2648 tiliis,
640 2575 669 2633 et
689 2571 728 2634 in
749 2571 802 2632 die
825 2575 984 2636 orationis
1004 2591 1086 2640 suae
1134 2579 1210 2635 teret
1224 2578 1323 2652 caput
1338 2579 1442 2636 tuum.
1465 2572 1557 2652 (deu.
1570 2570 1615 2652 3.)
1638 2573 1669 2631 in
1693 2586 1728 2631 ea
1751 2567 1937 2639 condonat,
1962 2583 1995 2630 se

191 2681 192 2688 ι
227 2653 436 2718 eumadietnr.
457 2651 520 2715 Nec
540 2654 639 2716 salum
663 2656 834 2732 praemium
861 2655 980 2719 addidit
1004 2658 1087 2722 Deus
1133 2673 1257 2736 quaque
1279 2657 1410 2719 fidenter
1437 2656 1648 2718 ambulaturus
1674 2669 1771 2732 saper
1793 2651 1946 2731 aspidem
1969 2659 1995 2712 et

227 2737 451 2801 honorantibus
467 2737 687 2815 parentes,sed
702 2737 791 2798 etiam
810 2755 941 2813 poenam
959 2757 1019 2803 non
1034 2743 1086 2804 ho·
1134 2739 1473 2816 basiliscumlPsalm.
1489 2735 1557 2821 90.)
1574 2747 1604 2800 ιι
1619 2739 1856 2802 conculcaturus
1870 2736 1996 2800 leucen

226 2819 509 2884 notantibusNam
527 2819 608 2884 Deus
623 2821 711 2884 dimit
726 2815 898 2904 (Metili.)
915 2825 1013 2902 inquit
1029 2826 1086 2888 llo·
1134 2833 1163 2886 et
1177 2824 1537 2888 draconemhudiamus
1552 2822 1590 2884 dc
1608 2823 1712 2883 multis
1727 2835 1855 2897 paucos,
1869 2833 1926 2880 eos
1944 2835 1994 2895 pa·

227 2906 402 2985 minus,qui
411 2904 621 2967 malediceret
629 2905 787 2984 patainei
798 2907 897 2968 matri
907 2916 1009 2970 morte
1020 2926 1086 2972 mo·
1132 2909 1298 2981 tissimum,
1324 2910 1375 2985 qut
1392 2908 1578 2986 singularem
1594 2904 1738 2967 fiduciam
1754 2905 1785 2964 in
1801 2902 1994 2978 protectione

224 2989 371 3052 ricturet
385 2988 623 3050 Ecclesiasticus
631 2987 816 3068 (Ecclesia.)
831 2989 977 3054 adanzest
987 2996 1086 3056 mate·
1132 2991 1266 3070 Virginis
1283 2991 1387 3052 matris
1409 3007 1443 3052 se
1460 2990 1604 3069 posuisse
1619 2993 1779 3062 testantur,
1797 2993 1829 3048 ut
1843 2983 1993 3048 credibile

226 3073 330 3138 dietus
346 3071 453 3148 noea,
470 3071 529 3151 qui
544 3079 718 3150 emcspcrm
731 3079 880 3135 matram.
897 3073 996 3153 Atque
1012 3078 1085 3140 bina
1133 3077 1185 3150 sit,
1203 3076 1274 3136 illas
1289 3090 1360 3137 essa
1385 3074 1423 3135 de
1440 3089 1569 3135 numera
1583 3073 1706 3135 illarum
1721 3120 1730 3146 ,
1746 3070 1861 3150 quibus
1877 3068 1992 3130 dictum

130 3149 137 3164 '
226 3155 388 3232 discimus,
411 3154 659 3218 maledictionem
683 3162 845 3233 pareatum
870 3157 901 3218 in
925 3157 1007 3222 filios
1024 3162 1081 3222 rim
1132 3157 1172 3220 sit
1187 3175 1203 3220 a
1217 3158 1358 3229 Domino,
1376 3174 1447 3219 ecce
1461 3163 1565 3219 mater
1580 3162 1684 3232 tua,ct
1698 3156 1737 3217 dc
1752 3153 1866 3235 quibus
1878 3151 1991 3214 dietum

225 3255 366 3318 magnam
383 3239 671 3315 causamentum
689 3237 848 3300 confirmat
863 3255 929 3302 eam
944 3240 1085 3306 licuslie
1133 3243 1172 3304 sit
1189 3243 1289 3303 matri:
1306 3257 1377 3304 ecce
1391 3241 1477 3318 natm
1493 3247 1580 3302 tuns.

226 3339 285 3402 qua
301 3338 335 3387 rc
352 3328 454 3385 extant
469 3323 499 3383 ιι
513 3321 651 3383 historiis
667 3323 806 3402 exempla
823 3339 884 3384 non
897 3341 993 3402 pauca
1010 3346 1086 3404 quo·
1173 3325 1293 3387 Primus
1306 3326 1346 3386 sit
1358 3323 1624 3401 SanctnsEphrem
1640 3317 1992 3402 spus,t³ararantiqaus

225 3421 294 3468 rum
309 3423 402 3469 unum
428 3405 514 3467 valde
531 3406 654 3482 insigne
679 3414 780 3468 narrat
794 3405 926 3469 Sanetus
941 3409 1084 3490 Augusti·
1132 3415 1164 3472 ιι
1177 3417 1279 3470 ιιιιιι
1295 3409 1494 3472 celebritatis.
1511 3411 1544 3470 ut
1558 3423 1585 3468 s.
1599 3405 1784 3486 Hieronymo
1800 3409 1892 3478 teste,
1908 3400 1990 3482 (tto.

225 3505 285 3551 nus
307 3489 454 3566 inlibris,
478 3487 560 3568 (tib.
577 3489 629 3552 22.
647 3505 719 3565 cap.
737 3485 787 3570 8.)
805 3489 844 3551 de
868 3489 994 3554 diritate
1017 3492 1082 3557 liei.
1132 3492 1398 3568 descriptoribus
1414 3491 1522 3553 eccles.
1540 3489 1636 3568 )lihri
1663 3491 1732 3552 eius
1758 3491 1936 3570 tegerentur
1962 3489 1989 3550 io

225 3571 348 3635 Summa
371 3575 448 3634 haec
470 3580 538 3634 est:
562 3572 649 3651 Apud
674 3574 835 3634 Gaesarem
858 3573 1082 3654 Cappadociae,
1131 3575 1281 3638 Ecclesiis
1298 3576 1421 3654 publice
1438 3583 1507 3652 post
1523 3573 1696 3644 Scripturas
1712 3583 1850 3634 sanatas.
1875 3568 1934 3631 iiia
1954 3571 1986 3631 in

225 3657 334 3718 decem
351 3655 418 3730 lilii,
433 3659 552 3733 septem
570 3671 683 3727 mares,
702 3665 732 3717 et
749 3662 811 3718 tres
827 3657 971 3733 laminae,
989 3680 1004 3720 a
1022 3679 1084 3722 ma·
1132 3659 1280 3720 Sermone
1304 3662 1342 3720 de
1354 3658 1510 3720 Laudibus
1526 3657 1700 3734 lletparae,
1720 3659 1929 3728 intemerata,
1945 3654 1988 3714 in·

225 3747 271 3801 tre
294 3739 460 3810 maledieti,
478 3737 625 3806 continuo
643 3740 788 3800 diuinitus
806 3742 932 3803 coerciti
944 3745 995 3804 tali
1012 3762 1084 3820 poe·
1132 3744 1208 3817 quit,
1224 3757 1421 3822 ploransque
1440 3757 1526 3820 puro
1544 3739 1636 3822 Virgo
1651 3741 1795 3818 Deipcrc
1809 3737 1936 3816 Regina
1957 3755 1989 3798 a·

226 3839 264 3884 na
280 3829 399 3898 sunt,nt
415 3821 604 3884 horribiliter
616 3828 813 3900 quaterentur
829 3839 938 3887 amnes
951 3837 1085 3892 tremore
1131 3827 1258 3888 mnium
1273 3843 1345 3905 spes
1360 3824 1615 3905 desperantium,
1634 3833 1664 3885 et
1677 3823 1755 3887 inira
1771 3843 1779 3883 ε
1808 3823 1853 3884 ιιι
1877 3829 1987 3899 portus

226 3907 434 3975 membrorum
451 3905 481 3966 in
498 3923 557 3984 qna
572 3906 752 3968 foedissima
766 3907 873 3982 specie
890 3910 997 3973 oculas
1013 3929 1070 3974 suo
1128 3911 1278 3988 procellis
1300 3921 1504 3974 aenatorum.
1521 3909 1675 3970 solatium
1694 3907 1813 3970 mundi
1827 3953 1841 3982 ,1
1862 3920 1987 3968 carcere

224 4005 291 4051 rum
317 3990 427 4050 cirtam
454 4005 514 4051 nan
531 3990 678 4064 terentes,
700 4006 819 4066 quaqua
837 4006 959 4054 versum
974 3997 1084 4073 cuique
1131 3993 1320 4055 clausorum
1335 3994 1518 4064 liberatum,
1533 3999 1568 4054 tu
1579 3993 1804 4071 orphanorum
1814 3991 1985 4067 susceptio,

226 4073 269 4134 ire
285 4073 384 4134 risum
400 4079 460 4151 est,
478 4081 539 4134 toto
556 4074 635 4135 lcrre
649 4073 835 4152 legabuntur
852 4077 1082 4156 arbelinmano;
1131 4085 1166 4136 tu
1182 4079 1383 4156 captiuorum
1397 4077 1626 4152 redeurptiotu
1641 4075 1884 4154 aegrotantium
1895 4073 1986 4135 emul-

224 4156 285 4218 duo
301 4157 414 4218 exiliis
431 4158 554 4219 tandem
570 4171 625 4234 per
646 4158 794 4233 reliquias
817 4157 919 4222 Sancti
936 4161 1084 4240 Stephani
1132 4162 1221 4232 tatio,
1239 4169 1267 4221 et
1290 4163 1439 4222 oninium
1454 4162 1543 4222 solus
1560 4179 1567 4218 :
1587 4166 1616 4222 et
1631 4159 1732 4220 inira:
1761 4157 1826 4220 Sub
1848 4155 1911 4218 alis
1925 4158 1985 4217 tuis

225 4239 468 4320 protomartyris,
484 4239 594 4302 Sancto
607 4242 779 4320 Augustino
795 4252 970 4320 praesente,
989 4251 1083 4307 aurati
1131 4244 1256 4306 custodi
1269 4261 1332 4315 ιιι,
1350 4252 1379 4305 ιι
1394 4251 1523 4322 protege
1538 4291 1545 4314 ‚
1563 4245 1714 4305 arriserere
1729 4242 1818 4316 mei,
1842 4242 1901 4319 qui
1915 4255 1984 4301 saar

224 4331 308 4386 suni·
1130 4329 1197 4388 luta
1212 4329 1420 4406 inquinatus,
1437 4335 1467 4388 et
1483 4327 1572 4387 inira:
1590 4326 1660 4388 Nan
1674 4325 1755 4387 milti
1770 4325 1840 4386 alia
1851 4322 1981 4398 ιιιιιιιι,

578 4457 660 4523 ιιι·
675 4460 743 4522 tt·
1131 4407 1983 4564 ti‘lttttttttttittitttlttltttlltltt

795 4645 801 4658 ι
883 4644 903 4656 ..
1129 4576 1185 4637 luit
1200 4593 1281 4638 unus
1298 4595 1332 4638 ιι
1346 4578 1452 4656 iisqui
1467 4575 1621 4655 Virginem
1639 4575 1866 4638 sanctissimam
1883 4573 1912 4632 ia
1927 4573 1982 4649 pri-

397 4637 441 4700 Dss
456 4644 573 4719 ‘liiii¹⁰
588 4638 699 4716 fructa
712 4641 801 4706 vetit
817 4650 913 4707 terta.
1131 4661 1188 4720 mis
1205 4661 1389 4732 caluerunt,
1408 4667 1438 4722 et
1452 4661 1482 4722 ia
1499 4662 1565 4720 eius
1581 4660 1751 4737 patrocinio
1772 4663 1979 4736 sperauerant,

433 4814 440 4828 g
565 4817 571 4830 .
830 4743 839 4766 '
964 4742 968 4762 ⁴
1130 4742 1186 4803 Hie
1209 4743 1239 4804 in
1257 4742 1401 4806 Oratione
1422 4745 1460 4804 de
1483 4742 1639 4805 Nativitate
1661 4742 1694 4803 b.
1711 4737 1983 4821 Virginisilioa·

265 4807 350 4904 Onus
373 4817 404 4873 at
431 4831 538 4912 rugum
563 4820 741 4897 impositum
770 4841 787 4886 a
816 4824 946 4889 Domina
969 4828 1082 4891 Sancto
1128 4825 1224 4894 alrim,
1244 4827 1354 4902 inquit,
1373 4831 1401 4888 et
1417 4823 1607 4902 danafilia.
1625 4833 1655 4887 et
1669 4825 1820 4902 Domina,
1843 4830 1983 4901 peecata·

222 4889 344 4970 loanni,
362 4903 394 4956 nt
410 4895 545 4994 Virginis
562 4905 664 4965 matris
679 4921 781 4968 euram
794 4925 829 4968 aa
841 4911 1081 4974 sollicitudinem
1127 4911 1172 4972 ris
1185 4912 1367 4972 orationem
1382 4911 1504 4988 accipe.
1522 4911 1673 4972 ardenter
1694 4917 1803 4972 tomen
1829 4908 1980 4983 amantis,

221 4983 342 5070 gereret
358 4994 429 5074 rere
445 4983 500 5076 luit
515 4999 619 5080 iugum
633 5003 724 5050 snare
742 4998 773 5052 et
788 5007 867 5055 onus
882 4994 1040 5068 lere.Quis
1052 5013 1083 5059 e·
1129 4999 1157 5053 et
1185 4995 1327 5064 colentis,
1345 5001 1438 5073 teque
1457 4995 1563 5055 solam
1584 5009 1673 5070 spem
1697 4991 1816 5073 gaudii
1839 4988 1983 5053 habentis

220 5075 283 5122 nrm
301 5062 588 5156 naulrbentrssrme
604 5073 795 5137 cohabitaret
818 5080 904 5138 matri
927 5079 983 5148 illi,
1001 5097 1082 5160 quae
1126 5079 1211 5138 uitae
1226 5079 1398 5140 antistitem
1414 5125 1422 5153 ,
1438 5079 1475 5138 in
1488 5079 1632 5156 qratiam
1645 5095 1719 5138 cum
1739 5073 1805 5153 tilia
1818 5083 1872 5136 tuo
1888 5074 1980 5135 redu·

221 5143 353 5237 Verbum
366 5159 556 5247 incarnatum
571 5153 602 5248 in
615 5160 702 5218 utero
715 5174 824 5222 novem
839 5161 1000 5223 mensibus
1014 5181 1081 5240 par·
1127 5170 1261 5238 centem,
1278 5161 1600 5239 firmamquegsalutis
1615 5161 1761 5236 arrham,
1776 5163 1980 5237 peecatorum

220 5233 301 5322 terit,
320 5237 350 5289 et
365 5229 410 5290 rllr
424 5237 503 5296 totos
521 5242 642 5315 trrgrnta
666 5257 764 5304 annos
792 5245 990 5307 devotissime
1014 5248 1080 5309 dul·
1126 5247 1292 5308 sarcinam
1308 5245 1443 5308 discute.
1462 5248 1653 5306 tentationes
1667 5243 1981 5320 comprensamque

219 5315 628 5410 crssrmequeneohabitarit?
641 5323 715 5394 Quis
733 5342 794 5387 aon
820 5330 952 5390 invideat
969 5329 1081 5392 dilecto
1126 5343 1164 5388 ac
1179 5337 1288 5390 scaete
1301 5330 1403 5390 uitam
1416 5343 1523 5389 meam
1537 5327 1695 5405 guberna,
1714 5334 1810 5406 atque
1826 5326 1869 5387 cd
1882 5325 1980 5388 caele·

220 5394 354 5490 ιιιιιιιι,
372 5413 425 5493 qai
442 5415 471 5460 ιι
490 5401 629 5495 absentia
644 5405 712 5468 iiiiii
729 5408 780 5471 Dei
806 5413 1008 5488 prementium
1026 5416 1080 5478 ob·
1125 5419 1204 5472 stem
1220 5412 1453 5474 beatitudinem
1466 5412 1519 5488 sac
1531 5419 1558 5472 te
1572 5411 1651 5473 duce
1663 5409 1978 5490 perveniam.hddam

218 5485 431 5576 ttnurtmatrrs
444 5482 519 5547 ber?
532 5485 590 5549 Sed
607 5489 667 5552 nisi
679 5489 779 5570 lallor,
795 5510 962 5574 passumus
978 5505 1007 5559 ct
1024 5514 1080 5562 nos
1127 5495 1205 5556 dnos
1222 5511 1258 5556 ex
1272 5493 1412 5556 Patribus
1433 5492 1572 5563 latinis,
1602 5513 1627 5556 s.
1646 5495 1809 5557 anselmus
1825 5494 1855 5554 in
1873 5492 1928 5555 lib.
1942 5493 1977 5554 de

218 5577 234 5624 a
251 5562 444 5643 benignitate
461 5565 552 5631 Verbi
571 5573 667 5635 nostri
690 5591 783 5638 causa
808 5579 966 5654 incarnati,
991 5587 1022 5643 ot
1043 5599 1079 5644 er
1126 5575 1315 5641 Excellentia
1330 5576 1466 5656 Virginis
1481 5577 1595 5640 alicubi
1610 5579 1694 5640 dicit:
1712 5576 1825 5656 itaque
1840 5577 1896 5638 cui
1915 5575 1975 5638 sal

217 5643 386 5713 dilectione
403 5651 509 5729 nimia,
526 5657 622 5717 nostri
639 5671 730 5722 cansa
746 5659 884 5725 crucifixi
902 5711 909 5743 ,
934 5664 1079 5744 precibus
1127 5667 1189 5726 tem
1202 5662 1251 5726 ita
1267 5676 1447 5728 eoncessum
1461 5661 1670 5744 iuemtnaepe
1684 5659 1894 5728 dulcistudia
1906 5675 1976 5740 pas·
