4002 6228
245 233 281 294 td
764 238 806 298 DE
825 237 1063 300 SGlelfflilBlls
1082 237 1347 300 mcctstlsrtcts

174 383 242 514 pos,
258 367 295 432 ad
312 367 460 445 Saxones,
477 375 507 434 et
521 369 558 436 ad
575 368 652 442 alios
667 384 749 436 anuo
770 369 890 436 decimo
911 369 1033 436 Pontiil·

175 467 209 514 eo
225 469 272 516 us.

463 619 555 685 lies.
570 620 750 686 Antlrclrrto.

214 783 343 847 Sanctus
355 783 547 857 anthelmus.
560 786 789 867 sircAdelmus‚
799 790 1031 871 llpisoopusluit

172 864 203 928 in
219 866 331 938 Scotia,
348 872 378 928 et
393 883 473 929 anco
489 867 576 932 Dum.
594 870 665 944 tuo.
682 871 792 936 sedero
808 875 920 951 eoepit,
935 881 964 935 ct
976 873 1031 938 lte·

171 947 210 1010 da
227 949 282 1013 lib.
299 947 329 1011 5.
346 949 420 1012 lrlst.
436 966 505 1028 cap.
524 951 573 1014 to.
595 955 718 1031 scripsit
740 954 778 1018 dc
801 957 975 1034 virginitate
996 957 1031 1019 li·

170 1031 275 1104 brum,
301 1033 353 1108 qui
370 1037 448 1094 extat
463 1032 492 1094 in
514 1034 700 1099 Bibliotheca
724 1045 895 1101 sanctorum
909 1038 1030 1103 Petrum

171 1121 253 1177 torno
266 1111 354 1178 tertio
366 1115 439 1178 edit.
454 1119 600 1179 secunda.
615 1118 745 1198 Scripsit
756 1117 1031 1202 ettomoeittrsetr·

171 1199 212 1259 tis
227 1197 276 1260 dle
292 1201 395 1261 eontra
412 1215 533 1263 errores
547 1199 718 1272 Britonnm.
743 1210 820 1266 teste
840 1204 933 1268 Beda.
956 1203 1029 1270 ttius

171 1279 230 1342 rita
247 1277 376 1344 habetur
393 1283 473 1360 apud
489 1281 610 1344 Surium
627 1285 677 1348 die
693 1284 744 1348 28.
761 1286 841 1351 llail.

354 1503 357 1510 ,
416 1447 502 1512 Des.
518 1449 704 1513 Marcellino
720 1448 792 1515 tlt.

213 1607 344 1674 Sanctus
367 1611 564 1677 Marcellinus
581 1614 742 1694 Presbyter
766 1615 811 1679 air
833 1614 1029 1690 apostolicos

171 1692 274 1756 socius
286 1693 342 1756 luit
356 1711 383 1758 s.
400 1696 546 1768 Suibertl.
566 1700 656 1774 primi
674 1697 840 1762 verdensis
856 1700 999 1776 Episcopi
1016 1745 1026 1776 ,

169 1779 221 1852 qui
237 1776 312 1840 obiit
327 1795 406 1840 anno
421 1778 511 1842 Dum.
529 1779 598 1842 lll.
616 1780 676 1844 Sed
693 1779 760 1858 ipse
786 1781 818 1844 b.
833 1781 1028 1846 Marcellinus

170 1861 393 1922 dtottosmulto
409 1860 490 1934 vixit,
517 1868 548 1923 ot
568 1863 693 1941 scripsit
717 1867 807 1928 vitam
829 1882 856 1927 s.
880 1864 1026 1940 Suiberti,

169 1957 247 2020 quaa
262 1951 340 2005 extat
355 1947 434 2023 apud
451 1943 569 2006 Sotium
586 1945 636 2006 dio
652 1951 749 2023 primo
761 1946 869 2023 iterat,
885 1953 977 2026 atque
989 1949 1026 2012 ad

168 2025 346 2087 relationem
362 2028 469 2088 lactan
486 2043 521 2088 ex
537 2027 595 2088 hoc
611 2027 731 2090 libros.
747 2030 1028 2098 ilaroellinitsdui-

168 2107 274 2169 bertus
290 2108 486 2253 oasrbonlratus
501 2110 555 2172 luit
567 2115 671 2190 postea
687 2128 702 2172 a
718 2111 820 2176 Leone
835 2111 889 2177 lll.
905 2112 1028 2178 Populi·

169 2205 299 2256 oeenno
355 2191 386 2254 l.

1117 370 1337 452 Phlloropltloe
1353 371 1447 446 libros
1462 375 1602 450 quatuor.

1116 453 1240 518 Librum
1257 455 1296 518 de
1308 455 1435 523 Pascha.
1452 455 1749 536 stroteqotcootto:

1116 535 1283 615 ltptstotom
1299 539 1338 600 de
1353 538 1540 602 divinatione
1555 539 1672 616 utnulla,
1689 539 1819 606 elrllae.

1116 619 1239 684 librum
1256 621 1293 682 de
1307 620 1382 685 Area
1399 622 1473 686 ttoe.

1116 702 1239 766 librum
1255 704 1294 768 de
1310 704 1423 783 linquis
1437 705 1584 780 gentium.

1114 785 1254 864 lienique
1270 788 1389 849 oraculo
1406 786 1565 868 Sibyllina.

1373 953 1493 1017 ceruos
1507 955 1634 1020 lomna·

1114 1093 1256 1168 Gorrtiuet
1278 1105 1372 1172 libros
1395 1108 1532 1190 quinque
1547 1082 1693 1174 historiae
1715 1109 1818 1193 geniis
1841 1069 1935 1190 cone,

1154 1207 1223 1250 eum
1239 1187 1391 1268 Epitome.

1004 1311 1007 1316 ·
1113 1271 1193 1334 uros
1208 1272 1263 1336 ss.
1281 1271 1450 1345 aaronem,
1463 1273 1594 1352 retius,
1606 1239 1752 1351 ¹terrast⁸
1770 1247 1937 1342 cotonea-

1156 1369 1197 1430 ro,
1210 1355 1334 1428 tlttnlae,
1350 1353 1483 1430 Parieti,
1501 1358 1645 1436 llostasli,
1663 1359 1937 1438 liertolll,drnol·

1151 1437 1219 1515 phl,
1234 1437 1495 1516 Burgundoiorae.
1634 1507 1636 1512 ,

1110 1517 1186 1581 Item
1204 1537 1325 1582 carmen
1343 1525 1381 1583 de
1397 1519 1506 1585 Insilui
1521 1525 1677 1603 martyrio.

1111 1601 1367 1681 ttorqrotogtum.

1113 1683 1156 1746 De
1170 1689 1229 1748 situ
1247 1686 1452 1750 Hierusalem.
1989 1717 1990 1726 ³

1112 1766 1394 1846 interpretationem
1409 1769 1789 1838 nominumlleltralcorutn
1802 1777 1936 1842 etGrae·
1989 1797 1990 1856 t

1107 1906 1111 1920 q
1153 1866 1258 1912 corum
1274 1853 1305 1912 in
1322 1851 1419 1915 sacris
1434 1851 1541 1918 Bibliis
1555 1857 1792 1922 occurrentium.

1111 1929 1271 2012 Excerpta,
1289 1937 1320 1998 et
1333 1935 1533 2000 collectanea.

1363 2136 1493 2211 Quartus
1508 2135 1632 2198 lomus.

250 2354 293 2420 pe
308 2372 333 2418 3,
353 2356 511 2422 gemam
525 2357 878 2441 compamimpoqqano
894 2360 964 2426 ηρ,
1070 2336 1209 2404 Continet
1223 2303 1468 2438 esplanationem
1481 2338 1511 2403 lo
1527 2323 1817 2414 Pentateuchumssct
1832 2337 1934 2404 libros

208 2520 338 2584 Sanctus
352 2519 520 2587 Germanos
532 2521 705 2604 Episcopus
721 2524 1027 2604 constantinopolu-

167 2617 227 2664 nus
243 2603 314 2666 rinlt
331 2609 519 2684 temporinos
534 2607 671 2686 Gregorii
687 2608 726 2674 ll.
742 2609 854 2688 Papae,
871 2618 900 2672 et
916 2611 1027 2672 tennis

165 2683 274 2748 lsaurii
310 2687 423 2765 imper.
452 2691 611 2755 haeretiei.
639 2691 729 2756 llolta
760 2697 885 2768 propior
922 2707 1025 2757 sacras

168 2766 337 2848 Imagines,
356 2779 386 2834 et
399 2771 471 2833 lecit
486 2773 622 2852 egregie.
636 2782 666 2836 et
681 2776 803 2850 pertulit
817 2774 944 2837 lortitcr:
963 2782 1026 2836 ton·

165 2851 237 2924 dem
256 2857 482 2931 nonagenarius
498 2855 528 2915 lo
545 2856 636 2918 exilio
652 2864 789 2920 mortuus
804 2866 849 2918 ost
872 2874 952 2920 nnuc
968 2857 1025 2922 liu·

164 2933 240 2996 mini
256 2932 327 2997 tau.
344 2935 475 3015 Scripsit
488 2938 592 3000 multa.
617 2937 702 3002 llrtat
726 2956 807 3001 nunc
829 2940 957 3004 Thouria
977 2955 1024 3002 re-

165 3033 233 3078 rum
256 3034 410 3079 sacrarum
437 3021 466 3082 in
487 3019 676 3084 Bibliotheca
703 3038 730 3084 s.
752 3021 873 3086 Patrutn
897 3028 979 3086 tomo
995 3021 1025 3086 li.

163 3100 237 3161 edit.
254 3099 285 3162 2.
301 3100 409 3163 Extant
425 3105 513 3164 etiam
530 3102 678 3179 epistolae
693 3110 754 3166 tres
770 3103 885 3168 Graece
899 3111 930 3167 et
945 3105 1025 3170 lati·

162 3197 202 3246 ne
217 3187 356 3262 ejusdem
372 3199 400 3250 e.
415 3184 555 3248 Germani
571 3185 601 3247 in
615 3185 752 3250 Gonellic
765 3189 903 3252 secundo
918 3187 1022 3250 Nicae-

162 3280 214 3342 no‚
233 3273 291 3328 art.
310 3267 339 3328 l.
356 3283 481 3346 qnorum
499 3268 585 3329 tertia
601 3271 689 3332 ratde
706 3270 820 3350 prolixo
836 3278 895 3332 est:
913 3270 1024 3347 qulbus

1151 2419 1192 2484 Ile
1218 2438 1280 2484 um.

1110 2438 1232 2566 ltemffn
1247 2503 1419 2567 Samuelem
1433 2502 1680 2585 explanationum
1696 2503 1933 2586 allegoricarum

1149 2586 1395 2665 librosquatuor.
1712 2635 1716 2641 -

1109 2669 1184 2732 ltem
1200 2669 1446 2746 explanationem
1473 2669 1503 2733 in
1520 2667 1671 2746 Esdram,
1694 2667 1831 2744 lobiam.
1857 2667 1930 2746 lob,

1149 2752 1320 2830 proaemio,
1337 2761 1367 2816 et
1381 2751 1513 2816 Caelica.
1783 2820 1784 2828 ,

1110 2833 1246 2912 uentqoo
1262 2835 1301 2896 de
1317 2834 1525 2908 tabernaculo.
1552 2839 1582 2898 et
1605 2835 1698 2913 rasis,
1722 2855 1758 2902 ac
1772 2835 1930 2900 meatibus

1149 2917 1216 2990 eius
1228 2917 1325 2980 libros
1340 2917 1432 2982 duos.

1361 3094 1630 3170 Quintuslcmos.

1109 3259 1474 3326 ContinetGommcntaria
1491 3263 1520 3326 in
1537 3270 1630 3328 lotum
1644 3279 1753 3330 nurum
1765 3266 1934 3328 testamen·

162 3348 304 3425 epistulis
320 3352 519 3427 praeponitur
531 3349 804 3431 epistolaGreqorii
816 3353 917 3430 Papae
933 3353 972 3417 ll.
987 3355 1023 3417 nd
1072 3349 1146 3420 lum.
1162 3348 1300 3426 exceptis
1314 3345 1453 3426 eplslolis
1468 3345 1499 3410 b.
1515 3345 1612 3411 Pauli.

164 3430 361 3493 Germanum.
380 3432 464 3503 Extat
478 3435 558 3510 apud
584 3433 747 3500 ilenricum
768 3436 921 3498 canisium
938 3443 1019 3499 torno

164 3513 194 3576 3.
212 3514 354 3590 antiquae
369 3513 510 3577 lectionis
525 3515 726 3592 lraqmenlum
743 3517 858 3582 Gracco
881 3517 1019 3583 latinum

164 3595 315 3660 Orationis
331 3595 469 3660 ciusdem
485 3597 524 3660 de
540 3598 735 3666 haeresibus.

406 3721 450 3826 lle
470 3761 647 3826 Venerabili
660 3761 761 3826 Beda.

203 3927 393 3994 venerabilis
408 3923 782 4005 BedaPresbytertlnrlus
797 3922 897 4018 iluroit
911 3921 1019 3984 codem

162 4018 312 4092 tempore;
328 4027 409 4075 enno
420 4010 577 4086 ,siquidem
592 4011 678 4070 Gom.
695 4005 765 4070 ldl.
782 4009 812 4068 in
826 4021 900 4068 rrrts
911 4009 1024 4098 pratel

164 4098 232 4174 lpse
249 4103 376 4158 testatur
391 4097 420 4156 in
436 4093 498 4156 lloe
514 4092 612 4172 quinti
628 4091 695 4152 ttbrt
712 4087 856 4151 historiae
881 4087 1021 4167 dnqltcu·

162 4169 370 4258 nae.Serlpsit
386 4178 609 4258 plurlmn,qoae
623 4182 693 4237 octo
710 4175 799 4235 tomis
814 4168 1019 4255 continentur,

459 4337 578 4403 Primus
593 4340 719 4406 Tomos.

200 4497 342 4566 Gootlnel
357 4518 405 4575 ea,
422 4494 500 4584 quae
516 4503 553 4567 ed
572 4503 823 4580 Grammatlcam,
846 4502 1018 4568 arithmeti-

161 4595 241 4660 cetu,
257 4583 471 4658 cormarrino,
487 4588 721 4662 astronomiam,
733 4588 879 4652 llusleaur
895 4587 1020 4652 disimi-

160 4660 208 4726 les
223 4671 301 4731 artes
317 4670 482 4748 pertinent.

442 4835 605 4905 Secundus
619 4835 746 4902 Tantus.
772 4880 778 4894 2
906 4843 907 4846 ’

201 5001 341 5069 Continet
356 5005 468 5069 librum
482 5005 521 5068 de
537 5011 640 5070 natura
657 5019 773 5070 rerunt.

201 5084 245 5148 lie
261 5094 429 5168 temporum
442 5091 570 5153 ratione.

200 5167 245 5229 lle
259 5185 313 5234 ser
328 5171 480 5234 aetatibus
492 5171 609 5236 muudi.

200 5248 244 5312 lie
260 5255 449 5334 temporibus
462 5253 498 5316 rd
512 5252 742 5332 lutetthendam
754 5252 1016 5334 supputationem.

201 5331 382 5416 temporum
396 5351 502 5400 socme
516 5337 697 5416 scripturae.

200 5415 375 5483 sententias
389 5436 426 5481 er
442 5419 588 5484 Cicerone
602 5425 633 5483 et
645 5419 820 5488 tristoteto.
884 5433 886 5442 ’

200 5495 244 5560 lle
260 5502 441 5566 Proverbiis.

200 5581 243 5646 lle
256 5584 433 5650 substantiis
446 5585 684 5652 Elementorum.

1235 3501 1239 3511 ¹
1371 3511 1481 3578 Sextus
1496 3509 1622 3574 tomus.

1105 3677 1247 3744 Continet
1261 3653 1501 3753 retractationes,
1529 3683 1559 3741 et
1574 3674 1772 3757 quaestiones
1795 3673 1827 3738 in
1854 3673 1931 3736 Aula
1989 3741 1990 3744 Ἴ

1145 3760 1371 3839 Apostolorum.
1989 3799 1990 3830 2

1107 3841 1369 3907 commentariolo
1385 3857 1494 3904 omnes
1508 3840 1654 3919 epistolas
1668 3856 1695 3904 s.
1711 3839 1795 3904 Pauli
1816 3853 1853 3902 ex
1868 3835 1930 3902 lu·
1989 3871 1990 3912 r

1144 3926 1259 4007 qusttni
1273 3925 1448 4002 sententiis,
1465 3931 1495 3988 et
1509 3923 1611 3989 verbis
1626 3928 1781 4004 excerpta.
1989 3959 1990 3996 p

1349 4048 1505 4128 Septimus
1520 4045 1646 4110 Tomos.
1989 4023 1990 4058 ¹

1104 4175 1244 4274 Continet
1259 4175 1401 4240 homilias
1415 4173 1454 4238 de
1468 4179 1618 4253 tempore,
1634 4175 1664 4234 el
1679 4169 1719 4233 dc
1730 4167 1843 4234 sanctis
1859 4165 1930 4246 plu·

1104 4275 1595 4424 ltertltmllilt'rumdemullerelorti.
1987 4373 1990 4416 2

1104 4424 1229 4490 Librum
1245 4423 1420 4488 deollloiis.
1875 4449 1877 4460 ι
1988 4455 1990 4498 ,

1105 4507 1260 4572 Scintillas
1273 4506 1336 4570 sire
1351 4509 1438 4569 lucos
1453 4517 1644 4570 communes.
1987 4530 1990 4582 χ

1104 4590 1336 4671 Fragmentum
1359 4588 1456 4654 libros
1481 4586 1682 4668 Sapientloles
1696 4629 1713 4660 ..
1730 4587 1762 4647 et
1786 4577 1928 4646 l’srlteril
1986 4625 1990 4652 r

1145 4688 1265 4738 tersus.

1359 4837 1491 4904 Gonnos
1505 4837 1631 4902 Tomos.

1104 5001 1246 5069 Continet
1259 5004 1316 5069 lib.
1331 5004 1371 5068 de
1384 5003 1498 5082 templo
1514 5001 1689 5068 Salomonis

1104 5085 1229 5150 lilrrotn
1240 5088 1278 5150 do
1290 5091 1442 5152 creatione
1456 5087 1521 5148 sire
1536 5101 1631 5164 opere
1646 5101 1701 5154 sex
1716 5080 1847 5150 dietum.

1104 5168 1307 5245 Quaestiones
1318 5171 1348 5233 in
1366 5169 1597 5256 octateuchum.

1103 5251 1139 5316 ln
1154 5261 1283 5333 quatuor
1297 5253 1392 5318 libros
1409 5253 1535 5331 ltoqom.

1103 5334 1306 5410 Quaestiones
1321 5337 1430 5398 rarius.

1102 5416 1534 5482 Commentartatotsotmos.
1779 5484 1785 5491 ,

1103 5499 1323 5564 Commentario
1339 5502 1370 5564 in
1385 5500 1482 5566 Bootii
1496 5500 1610 5565 librum
1624 5499 1666 5564 de
1679 5495 1840 5564 Triuiiale.

1101 5582 1143 5646 lia
1160 5585 1265 5648 Verbis
1282 5584 1406 5649 Glttlsll.
