4056 6260
372 705 796 895 ιιιιιιϊ
853 717 1445 899 conchata
1519 997 1524 1004 ἱ

535 1035 651 1126 SIVE
682 1037 751 1126 bh
782 1039 919 1129 BONO
951 1040 1303 1188 inestimabili

786 1271 908 1324 hinni
925 1273 1042 1324 ms

443 1772 678 1831 Reverendis
692 1774 881 1848 patribus,
898 1780 935 1833 et
949 1775 1190 1836 cbarissimis
1205 1775 1397 1838 ιιιιιιιιιιι

660 1879 860 1939 universus
875 1880 1068 1940 societatis
1082 1886 1171 1941 Ιιιιι

292 2069 446 2134 nonarius
462 2071 495 2133 s.
512 2071 550 2134 a.
564 2072 599 2134 n.
620 2070 806 2155 perornata
821 2073 1040 2139 bellarminus
1063 2091 1107 2138 ea
1121 2075 1235 2139 ccccm
1251 2073 1469 2152 secretana.
1484 2075 1527 2139 ι.
1572 2099 1574 2104 -

66 2263 208 2330 Libellos
223 2271 380 2346 tres,quos
394 2267 436 2330 ite
448 2269 563 2348 gemitu
576 2267 743 2332 columbae
757 2269 892 2332 conscri-
941 2268 988 2330 rel
1000 2267 1161 2330 insolitum
1177 2267 1462 2334 societatillabent
1474 2271 1556 2334 enim
1571 2268 1713 2334 seniores
1721 2269 1804 2352 apud

24 2349 88 2424 psi,
108 2351 175 2413 iure
192 2350 265 2413 mihi
279 2353 395 2428 videor,
410 2352 515 2414 Patres
528 2353 646 2431 optimi,
657 2353 775 2416 nomini
791 2361 893 2416 restro
942 2369 998 2414 nos
1014 2352 1189 2431 exemplum
1206 2354 1326 2416 illustre
1341 2353 1538 2418 Fundaloris.
1551 2355 1644 2417 ἰιιιι
1656 2355 1737 2417 enim
1752 2369 1805 2418 oo·

23 2431 133 2495 dicare
151 2441 202 2497 ιιι
216 2442 299 2496 ιιιιι
313 2435 542 2512 ροιιιιιι.Νιιι
557 2440 588 2498 ιι
603 2453 661 2514 ego
678 2454 693 2498 a
708 2439 803 2516 prima
821 2437 894 2498 ιιο-
943 2438 991 2515 ιιι
1009 2436 1210 2516 lacrymarum
1225 2436 1336 2500 beatus
1352 2437 1491 2516 ignatius
1503 2437 1533 2498 in
1548 2435 1695 2518 precibus
1708 2437 1805 2500 abun·

23 2515 176 2580 lesceotic
194 2517 337 2581 Societati
356 2519 438 2598 lesu,
458 2523 526 2599 ipso
543 2521 651 2600 spirito
665 2520 737 2583 Iesu
752 2525 892 2592 locante,
944 2519 1046 2596 dabat,
1063 2529 1095 2582 ut
1110 2520 1320 2584 necessarium
1338 2521 1495 2599 siluerit,
1520 2521 1558 2584 ιι
1581 2523 1649 2600 ipso
1672 2519 1804 2584 Domino

24 2613 142 2662 nomen
168 2601 253 2664 dedi:
269 2607 300 2664 el
315 2604 346 2664 in
360 2604 428 2665 eius
444 2605 514 2665 sinu
532 2603 570 2665 de
586 2603 666 2665 lacte
683 2605 751 2666 eius
767 2605 847 2674 sori,
864 2610 894 2666 et
942 2607 1219 2679 temperamentum
1245 2612 1363 2682 petere.
1387 2605 1544 2686 sliquos
1563 2605 1655 2681 plane
1672 2605 1804 2668 admire-

24 2683 57 2743 ιι
74 2686 144 2747 ιιιι
161 2687 366 2749 ιοιιιιιιιιο
389 2688 427 2748 ιι
451 2687 521 2749 cibo
538 2689 605 2749 cios
621 2687 765 2766 sumpsi,
789 2693 820 2749 ct
835 2688 893 2751 sub
939 2688 1004 2750 bile
1016 2690 1077 2765 est)
1091 2705 1157 2750 cam
1170 2705 1185 2750 a
1199 2687 1331 2750 Domino
1344 2689 1470 2768 gratiam
1488 2687 1808 2770 impetraril,utquasi

26 2767 97 2830 aius
113 2769 265 2848 regimine
282 2771 352 2843 lac,
377 2775 407 2832 et
424 2770 527 2832 cibum
551 2771 720 2834 iniantibcs
735 2779 765 2834 et
779 2773 894 2834 adultis
941 2771 1081 2833 habenas
1096 2771 1296 2850 laerymarum
1314 2773 1345 2832 in
1357 2788 1451 2834 manu
1467 2790 1520 2836 soa
1539 2771 1807 2852 haberet.quaodo

25 2849 123 2930 longo
147 2858 287 2932 tempore
315 2853 496 2917 ministravi.
519 2851 556 2915 itt
579 2853 645 2933 ipsa
670 2855 832 2930 Societas,
862 2861 894 2916 ot
941 2855 1116 2934 nellet,ipse
1128 2853 1279 2934 lacrymas
1291 2853 1480 2934 iooderet,et
1493 2855 1616 2937 quando
1627 2853 1808 2932 velletren-

27 2935 203 2998 membrum
220 2937 333 3010 ninum,
351 2946 381 2998 et
397 2953 501 2999 rerum
525 2937 678 3017 gementis
701 2938 892 3014 Columbae,
944 2940 1031 3000 tinuo
1043 2937 1324 3011 sisteret‚nenimia
1338 2939 1474 3018 prolusio
1486 2940 1689 3020 lacrymarum
1701 2938 1809 3002 oculos

27 3015 57 3076 id
75 3025 141 3095 est,
166 3019 327 3083 militantis
350 3020 531 3094 Ecclesiae,
556 3037 616 3083 non
641 3022 741 3084 solum
765 3038 891 3100 gemere
940 3021 1089 3084 laederet.
1105 3019 1191 3096 Quod
1206 3021 1397 3101 privilegium
1413 3040 1503 3100 cuam
1517 3023 1609 3086 inerit
1623 3021 1806 3100 singulare,

27 3115 90 3162 oon
107 3109 222 3179 cessat;
239 3102 295 3166 sed
312 3103 403 3166 eliam
429 3104 596 3167 Columbae
618 3106 811 3168 velocitatem
827 3105 894 3168 imi·
941 3105 1087 3185 cognosci
1106 3111 1206 3186 polest
1218 3121 1255 3168 ex
1268 3104 1385 3168 loaone
1399 3103 1559 3179 Cassiano,
1573 3109 1625 3186 qul
1640 3104 1808 3170 collatione

27 3188 99 3259 tata,
117 3187 154 3247 ab
171 3187 241 3266 ipso
254 3203 310 3251 suo
326 3189 465 3258 exordio,
480 3187 517 3249 ad
531 3189 683 3250 extremas
698 3201 797 3267 usque
811 3189 897 3252 ilun-
940 3191 1044 3269 priore
1060 3189 1097 3251 de
1114 3191 1276 3261 oratione,
1300 3188 1502 3268 demonstrat,
1526 3192 1641 3254 donum
1659 3189 1805 3270 lacryma·

27 3265 58 3328 di
83 3276 185 3344 partes
200 3271 302 3334 volare
319 3271 381 3334 noo
404 3271 574 3334 dubitarit:
597 3279 628 3333 et
650 3271 819 3336 Columbae
834 3273 896 3336 loc·
941 3289 1008 3335 rum
1032 3273 1077 3335 sic
1092 3271 1258 3351 aliquando
1282 3274 1541 3350 conpetentibus
1563 3273 1651 3350 dari,
1674 3281 1708 3334 ut
1730 3272 1807 3336 alias

28 3352 231 3427 moditatem,
257 3354 362 3417 dirino
379 3371 510 3417 monere
526 3403 534 3430 ,
552 3362 640 3417 nacta
657 3403 664 3424 ,
682 3355 768 3418 brevi
783 3358 829 3418 sle
845 3373 896 3420 ex·
941 3354 1147 3435 rogantibus,
1172 3361 1203 3418 et
1217 3357 1462 3437 quaerentibus,
1486 3365 1517 3420 et
1532 3355 1751 3436 pulsantibus,
1767 3370 1807 3418 ne

28 3437 123 3498 erevit
138 3439 170 3500 in
186 3445 311 3517 gentem
329 3438 529 3518 magnamini
546 3437 721 3516 provincias
735 3439 821 3501 orbis
836 3445 896 3503 ter·
940 3445 1023 3518 gutta
1041 3438 1165 3517 quidem
1182 3455 1219 3502 ex
1232 3439 1318 3501 arido
1330 3441 1424 3502 corde
1437 3440 1566 3516 exprimi
1581 3437 1807 3520 queatitabeoi

28 3533 81 3582 rae
98 3536 179 3598 pene
195 3537 305 3585 omnes
320 3523 479 3602 complexa
497 3537 568 3584 esse
583 3523 740 3586 videatur:
758 3539 794 3586 oo
809 3523 894 3587 deni·
942 3538 1067 3602 quoque
1083 3524 1177 3585 iidem
1194 3524 1338 3584 seniores
1355 3527 1450 3586 nostri
1476 3522 1522 3608 (ut
1537 3522 1594 3586 alia
1613 3521 1706 3585 multa
1723 3538 1809 3599 prae·

29 3619 88 3681 nuc
103 3621 189 3668 more
204 3605 382 3668 columbino
399 3607 474 3668 iram
491 3607 559 3668 sine
576 3605 671 3682 telle,
691 3607 722 3667 in
740 3607 845 3683 corde,
865 3613 895 3670 et
943 3603 1072 3688 teneam)
1089 3607 1264 3685 exemplum
1281 3606 1363 3668 beati
1380 3607 1535 3670 irancisci
1549 3606 1731 3682 hircanios
1747 3622 1808 3684 quo

31 3685 61 3748 in
75 3689 179 3764 lingua
193 3688 310 3763 terens,
328 3698 359 3754 et
374 3690 518 3752 irascitur
533 3690 626 3762 villis,
645 3697 677 3752 et
691 3690 810 3753 bellum
826 3705 897 3752 conr
941 3689 1017 3752 illud
1035 3696 1177 3764 constat,
1195 3697 1276 3752 lanta
1288 3691 1381 3768 ¹copia
1398 3691 1607 3770 spiritualium
1623 3689 1809 3752 consolatio·

33 3772 188 3835 erroribus
203 3775 295 3852 gerit.
321 3775 461 3836 Accessit
485 3777 515 3836 et
537 3775 595 3834 alia
619 3790 712 3836 causa
729 3773 895 3836 dedicandi
942 3789 1028 3850 num,
1045 3781 1075 3836 el
1087 3773 1290 3853 lacrymarum
1303 3775 1556 3837 suavissimarum
1571 3774 1761 3844 abundasse.
1776 3777 1809 3836 ut

32 3855 123 3919 huius
147 3857 289 3935 opusculi
312 3857 457 3920 iratribus
473 3858 563 3920 meis.
580 3857 651 3918 dom
669 3875 740 3921 cum
757 3858 894 3937 Septem·
941 3857 1009 3938 ipse
1026 3874 1150 3935 quoque
1165 3859 1443 3936 temperamentum
1459 3857 1620 3922 aDomino
1636 3860 1743 3936 petere
1755 3872 1807 3918 co·

32 3939 76 4002 ιιι
93 3955 202 4004 ιιιιιι
218 3941 357 4013 proxime
373 3940 492 4021 elapso,
509 3957 595 4003 more
613 3942 688 4004 mihi
711 3941 825 4016 solito,
842 3955 896 4004 ιι·
942 3947 1078 4021 geretur.
1095 3939 1215 4002 liabent
1230 3940 1368 4018 denique
1391 3941 1533 4018 iuniores
1553 3942 1650 4004 nostri
1667 3938 1807 4017 exempla

33 4025 121 4103 gotiis
135 4023 205 4087 aliis
218 4024 419 4096 intermissis,
437 4023 502 4086 lieo
517 4025 588 4098 soli,
606 4031 636 4085 el
650 4024 725 4087 mihi
739 4039 894 4101 vocarem,
942 4025 1073 4087 duorum
1086 4024 1331 4086 adolescentium
1346 4024 1690 4096 nobilissimorumnon
1704 4023 1807 4086 minus

34 4109 201 4188 inspirante
216 4107 373 4181 Domino,
402 4109 511 4170 ardere
534 4105 625 4186 coepi
640 4108 798 4172 desiderio
816 4108 896 4169 erci-
940 4109 1073 4186 virtute,
1092 4123 1183 4186 quam
1199 4108 1375 4188 sanguine,
1400 4108 1481 4171 beati
1497 4107 1642 4178 videlieet
1658 4104 1804 4170 stanislai

34 4194 113 4255 tandi
129 4190 241 4255 Christi
264 4191 374 4254 lidelcs
397 4193 434 4254 ad
456 4191 642 4270 gustandum
662 4191 778 4254 bonum
806 4189 894 4270 spiri·
941 4190 1069 4262 Rosiae.
1087 4199 1117 4254 et
1133 4190 1215 4254 beati
1230 4189 1346 4270 Alogsii
1362 4189 1534 4272 Gonaagae,
1553 4192 1604 4270 qui
1620 4187 1747 4264 flumina
1763 4188 1807 4251 lc-

35 4277 158 4340 tuolium
177 4277 394 4356 laerymarum,
419 4275 503 4348 illos,
527 4273 651 4354 inquam
667 4321 675 4348 ,
694 4273 804 4336 fideles
820 4321 828 4347 ,
844 4272 896 4352 qui
943 4291 1119 4355 crgmarum
1136 4322 1144 4350 ‚
1163 4273 1343 4353 praesertim
1367 4273 1398 4334 in
1417 4276 1563 4352 precihus
1579 4275 1709 4337 tondere
1724 4271 1809 4336 nide-

37 4361 91 4423 boc
104 4361 216 4440 ingens
230 4357 345 4421 bunum
363 4359 502 4420 nondum
527 4373 584 4434 per
606 4359 826 4436 experientiam
843 4373 896 4419 no·
941 4359 1064 4422 bantur.
1083 4359 1143 4420 Sed
1160 4373 1222 4418 oon
1239 4373 1348 4419 omncs
1364 4357 1511 4438 Religiosi
1535 4358 1573 4421 ad
1596 4374 1663 4420 eam
1682 4371 1808 4419 mensu·

37 4450 149 4506 reranl.
166 4443 272 4522 Neque
288 4443 370 4503 enim
390 4458 437 4503 me
459 4441 556 4520 iogit,
582 4457 707 4520 semper
722 4441 842 4518 tuisse,
867 4445 898 4502 et
942 4458 1008 4504 ram
1030 4442 1145 4520 gratiae
1169 4439 1376 4515 perveniunt,
1401 4447 1434 4503 ut
1456 4439 1721 4504 cohortationibus
1745 4454 1807 4501 oon

38 4529 223 4590 nuncetiam
240 4541 311 4588 csse
328 4528 358 4587 tn
376 4524 516 4587 Ecclesia
539 4523 592 4587 liei
609 4525 666 4586 riri
684 4525 840 4603 periectos
855 4523 895 4584 ri·
943 4525 1128 4602 indigeaoi3
1150 4531 1224 4586 sunt
1239 4523 1322 4584 enim
1339 4522 1370 4584 in
1386 4525 1522 4604 amplius
1538 4523 1663 4586 iamiliis
1679 4519 1807 4601 perlecti

39 4627 96 4684 ros,
114 4609 166 4690 qui
183 4610 281 4672 instar
296 4607 463 4671 columbae
480 4623 606 4683 semper
620 4615 758 4687 gemant,
773 4615 802 4670 et
818 4607 897 4668 meis
944 4608 1099 4682 nonnulli,
1116 4607 1222 4685 plores
1239 4605 1448 4684 proficientem
1469 4607 1592 4686 plurimi
1605 4606 1805 4684 incipientes,

39 4690 300 4758 adhortationibus
315 4708 379 4754 non
393 4689 677 4772 indigeant.itaoue
693 4692 805 4770 scripsi
823 4706 899 4768 opu·
944 4690 1059 4768 quihus
1076 4706 1137 4751 non
1152 4689 1217 4753 sola
1234 4690 1374 4767 exempla
1392 4689 1573 4769 sufficiunt,
1597 4689 1651 4754 sed
1675 4689 1810 4752 lectione

40 4778 154 4841 sculum
169 4777 209 4837 de
225 4774 311 4838 bono
326 4776 543 4855 laerymarum,
561 4773 643 4851 quod
659 4774 805 4836 iratribus
821 4773 899 4835 meis
944 4788 1068 4851 quoque
1083 4773 1255 4847 librorum,
1279 4779 1310 4834 ιι
1331 4771 1598 4836 cohortationibus
1614 4773 1807 4836 adiuvantur.

40 4862 228 4938 potissimum
246 4874 429 4935 nuncupare
452 4857 620 4933 constitui,
643 4857 788 4934 quoniam
805 4856 898 4918 nullis
944 4857 1082 4933 Accipite
1098 4857 1203 4934 igitur,
1223 4855 1334 4917 iratres
1351 4856 1412 4918 mei
1428 4855 1625 4928 charissimi,
1643 4863 1674 4918 et
1686 4851 1810 4920 deside·

41 4945 108 5008 aliis
123 4959 220 5020 aeone
237 4941 327 5005 iacile
343 4943 479 5005 studium
493 4941 694 5020 lacrymarum
710 4942 901 5020 quaerenda·
944 4939 1103 5013 ratissimi,
1121 4939 1369 5002 monusculuma
1385 4956 1433 5002 ma
1449 4942 1526 5014 lero,
1541 4944 1572 5003 et
1583 4941 1741 5019 exiguum3
1754 4937 1810 5004 sed

42 5043 117 5104 rum,
133 5028 214 5106 qood
229 5028 329 5103 primo
346 5031 474 5105 aspectu
487 5023 658 5101 horridum,
669 5027 896 5100 molestumque
946 5036 1007 5086 non
1025 5038 1118 5102 parvo
1140 5020 1249 5084 allecto
1264 5020 1424 5084 donatum.
1449 5023 1493 5086 ιι
1515 5023 1589 5086 dum
1611 5024 1701 5086 vobis
1716 5021 1778 5101 ipsi
1793 5037 1810 5084 ι

45 5116 178 5193 apparet,
195 5112 386 5192 persuadere
402 5124 451 5171 me
467 5123 559 5185 posse
582 5108 716 5186 sperari,
740 5107 899 5186 quamtis,
947 5107 1036 5170 Patre
1053 5107 1180 5168 caelesti
1198 5107 1346 5183 irriguum
1364 5105 1523 5183 superios,
1546 5114 1577 5169 et
1592 5107 1735 5183 interius,
1749 5121 1810 5169 non

44 5211 118 5272 nuos
138 5194 291 5258 iraternos
315 5208 401 5255 amor
422 5192 498 5254 mihi
514 5209 530 5253 a
547 5191 644 5271 prima
658 5197 757 5255 aetate
773 5191 902 5254 coniun·
950 5193 1019 5252 sine
1035 5189 1154 5252 ardenti
1167 5188 1303 5268 suspirio
1316 5189 1431 5266 petitis,
1446 5188 1520 5251 mihi
1536 5205 1661 5271 quoque
1675 5189 1810 5270 idipsum

44 5283 91 5342 rit.
109 5279 142 5342 id
157 5293 228 5341 nero
244 5277 395 5340 libentius
416 5275 475 5338 ieci
492 5322 500 5349 ,
517 5277 599 5353 quod
615 5275 833 5353 intelligerem,
852 5289 906 5336 oo·
951 5275 1066 5339 donum
1083 5272 1194 5338 restris
1208 5269 1413 5350 orationibus,
1430 5277 1461 5336 ιι
1475 5275 1620 5355 suspiriis
1634 5275 1811 5356 impetrate.

45 5362 239 5428 hortationem
257 5371 355 5424 meam
376 5375 438 5422 noo
456 5359 585 5424 tendere
599 5359 636 5422 ad
649 5357 764 5440 aliquid
781 5371 907 5436 norum,

689 5631 1093 5667 lm
