4080 6252
808 321 915 384 bibuli
938 321 1076 384 uirilius
1697 321 1752 382 tie

9 481 19 539 p
80 448 209 528 bomine
222 452 394 542 secundum
411 453 574 532 rationem,
589 453 845 529 quemadmodum
861 465 937 522 iem·
977 455 1084 525 stactei
1098 475 1108 537 3
1121 460 1152 520 ei
1166 453 1231 520 ieri
1247 455 1378 533 potorit;
1395 459 1426 517 ui
1439 453 1480 518 de
1495 453 1562 535 ipsc
1586 455 1754 536 principatu
1772 469 1822 532 pc·

9 554 18 608 i
78 533 219 616 perantia
237 536 350 618 resistit
366 535 570 616 uoluptatibus
586 545 710 618 propter
722 540 850 604 eandem
863 559 936 606 caii·
978 539 1137 604 riobtciur.
1160 539 1246 618 Quod
1273 538 1298 598 si
1326 537 1509 619 vigilantiam
1536 544 1565 599 ci
1591 537 1777 620 diligentiam
1793 539 1823 599 in

9 635 18 692 ι
78 633 160 683 sem.
177 619 328 684 Differuni
351 627 451 684 lamen
465 621 520 692 trec
536 623 671 690 uirtutes.
689 625 770 700 quud
789 622 934 687 tortitudo
977 624 1176 700 gubernando
1203 619 1386 702 principatu,
1406 637 1499 700 ,quam
1522 626 1651 697 oportet,
1677 621 1825 684 adbibere

9 729 17 778 t
78 703 197 764 resistit
212 702 382 775 doloribus,
400 717 455 768 eos
470 704 638 778 tolerando,
655 710 685 768 et
697 707 934 770 sustinendoat·
978 706 1261 782 uoluerii;laburem
1278 719 1338 766 non
1350 705 1490 786 exiguum
1507 703 1636 768 tolerare
1651 720 1720 766 eum
1737 718 1826 782 opor·

9 811 17 864 p
79 782 191 848 itiitere
210 786 409 866 temperantia
427 787 541 851 resistit
553 789 827 866 rotupuiibus‚cas
841 788 933 854 dccli·
977 788 1175 856 tebii.etnon
1189 805 1256 852 raro
1269 795 1376 851 uocias
1388 802 1546 849 insomnes
1560 786 1826 866 docere,cogiian·

9 879 17 940 i
80 866 209 948 nando,
234 884 270 931 uc
291 869 449 947 tugiendo.
467 868 502 930 iit
517 870 660 949 quoniam
677 869 811 950 pericula
827 874 933 938 mortis
977 873 1038 942 do,
1066 875 1097 934 ot
1121 868 1317 953 recogitando
1341 869 1489 942 remedia,
1513 884 1591 947 quae
1617 868 1705 930 matis
1726 871 1824 931 immi·

9 965 16 1028 p
77 951 206 1013 dolores
220 951 510 1014 vehementissimos
525 956 666 1030 excitant,
680 961 709 1018 ct
726 956 802 1018 baec
815 959 933 1034 pericu·
977 954 1122 1018 uentibus
1136 955 1275 1036 adbiberi
1300 960 1449 1033 oporteat.
1472 950 1702 1018 Datcrtemibas.
1726 953 1775 1028 qui
1793 970 1825 1014 u·

9 1060 16 1110 p
78 1032 109 1094 ta
126 1049 186 1096 uon
203 1051 288 1102 casu.
305 1033 935 1112 eutlortituito,sedordinericorourrunt
978 1036 1075 1098 nicam
1099 1039 1222 1100 domum
1246 1040 1409 1122 regendam
1432 1034 1587 1114 susceptis
1613 1034 1673 1097 nisi
1697 1034 1825 1096 naturali

9 1145 15 1194 Ι
79 1115 112 1178 ln
130 1115 234 1190 bellis,
246 1117 318 1181 ideo
334 1116 477 1181 tortitudo
493 1117 685 1196 potissimum
702 1121 803 1184 locum
819 1119 933 1186 bebere
977 1134 1080 1183 amore
1095 1135 1231 1193 uxorem,
1245 1129 1276 1187 et
1290 1121 1405 1186 liberos
1421 1118 1507 1180 valde
1519 1117 1670 1196 diligeret,
1685 1124 1715 1178 ct
1730 1115 1827 1178 chari·

9 1225 13 1276 ι
79 1198 201 1262 ridetur
216 1201 246 1262 iri
263 1198 406 1264 bellisdl
418 1201 554 1277 quumvis
565 1201 602 1264 ed
613 1201 728 1266 milites
742 1219 850 1268 omncs
865 1221 933 1281 per·
977 1209 1022 1264 ies
1039 1204 1087 1266 ilia
1103 1202 1210 1264 lorium
1225 1219 1295 1270 eum
1312 1205 1454 1266 redderet
1469 1201 1505 1262 ad
1528 1201 1725 1262 sustinendos
1741 1199 1824 1260 labo·

9 1313 13 1360 ,
78 1283 177 1344 lineat
194 1281 271 1346 buce
294 1281 388 1345 sirius
408 1282 615 1348 tortitudinis:
644 1292 742 1348 tamen
767 1291 932 1367 praecipue
977 1301 1038 1363 ies,
1062 1301 1141 1364 quos
1165 1301 1271 1350 secum
1297 1288 1393 1350 adieri
1413 1283 1587 1347 sollicitudo
1602 1281 1824 1345 bencudmini·

9 1399 12 1442 ,
77 1366 237 1443 pertinere
251 1365 370 1428 ridetur
382 1365 418 1428 ad
433 1365 670 1448 principemqui
683 1373 731 1432 est
743 1367 819 1442 Dur,
833 1378 862 1432 ei
876 1369 933 1434 ior·
977 1368 1118 1432 strandac
1134 1369 1266 1433 domus:
1281 1378 1364 1433 certe
1380 1369 1439 1431 sub
1454 1381 1546 1429 onere
1574 1370 1705 1428 careret.
1730 1363 1824 1438 Quam

9 1467 11 1526 i
77 1454 215 1530 perator,
233 1463 323 1527 quem
340 1464 448 1512 omncs
464 1451 578 1514 milites
594 1452 796 1528 intuebimur
809 1453 859 1531 qui
873 1454 932 1516 lor·
977 1451 1044 1512 lorii
1060 1466 1134 1530 crgo
1149 1449 1275 1520 debebit
1300 1469 1371 1518 esse
1398 1453 1497 1514 bonus
1519 1447 1675 1527 Princeps,
1700 1451 1725 1510 si
1742 1447 1824 1516 actii,

9 1567 11 1628 3
72 1530 282 1690 &ladmonem
300 1531 428 1594 militum
444 1532 565 1598 animos
581 1533 692 1614 erigit,
718 1541 748 1598 ct
772 1535 931 1600 debititate
978 1538 1012 1596 ul
1025 1533 1119 1678 delum
1132 1536 1239 1680 audiret
1253 1538 1404 1682 c'amoii'st
1423 1547 1603 1678 pauperum.
1620 1539 1651 1672 eli
1664 1545 1826 1674 opprlcgseo·

9 1647 10 1688 i
229 1657 238 1676 .
975 1632 1042 1679 rum
1071 1633 1162 1695 egere
1189 1635 1353 1682 unammu
1381 1636 1422 1682 iu
1460 1631 1585 1680 nemsu
1612 1631 1757 1692 pioumi
1817 1644 1827 1660 ·

9 1733 11 1778 p
121 1693 282 1762 Caeterum
306 1711 365 1760 nou
390 1696 455 1760 sole
471 1703 543 1762 suot
558 1697 637 1762 balta
654 1700 812 1765 bominum
825 1702 931 1766 edrer·
976 1700 1087 1772 lorum;
1102 1699 1251 1766 adbibere
1266 1703 1401 1768 remedie
1417 1697 1508 1764 melis
1521 1706 1578 1760 iam
1590 1631 1709 1767 inuias.
1721 1704 1756 1758 ei
1768 1705 1827 1758 tam

9 1819 11 1862 ,
74 1795 135 1844 sus
152 1781 305 1845 bomincs.
323 1780 353 1843 in
371 1779 484 1859 qulbus
499 1779 642 1844 tortitudo
664 1785 852 1860 requiritur,
876 1784 931 1848 sed
975 1782 1136 1847 dirersis?
1164 1782 1328 1850 laboriose
1351 1785 1510 1864 igiturest
1536 1781 1592 1842 rita
1615 1779 1686 1842 boni
1713 1777 1826 1840 Princi-

9 1901 11 1948 ,
74 1861 932 1942 sunlbellagrueiore,eiairocioredaemonumedrer·
977 1865 1196 1944 pis.sioulcio
1223 1868 1307 1950 longi
1332 1868 1422 1930 aelii:
1448 1863 1618 1944 periculosa
1643 1861 1827 1936 aero,siiu·
1883 1849 1888 1874 ¹

9 1987 12 2028 ,
73 1945 279 2022 susanimas,
296 1946 464 2022 dequibus
482 1947 612 2024 loquitur
632 1951 791 2030 apostotus
813 1953 842 2014 iri
867 1951 931 2031 epi·
975 1965 1047 2028 gum
1064 1949 1123 2012 sibl
1148 1969 1165 2013 e
1190 1950 1256 2014 Deo
1278 1951 1454 2032 impositam
1480 1947 1629 2011 excutiar:
1659 1945 1827 2006 ethonore

9 2055 11 2116 p
72 2027 153 2093 stola
173 2033 209 2092 ad
224 2027 390 2107 Doureios,
408 2029 527 2106 dicens,
544 2027 664 2094 induite
681 2048 734 2096 ros
749 2041 930 2098 armaturam
976 2035 1089 2103 brnen,
1107 2037 1137 2094 et
1151 2033 1263 2112 opibus
1278 2035 1337 2098 lrui
1360 2031 1443 2108 aelii,
1459 2045 1538 2110 quae
1554 2025 1756 2107 principatum
1780 2041 1826 2092 se·

9 2141 11 2198 l
74 2109 148 2190 Dei,
166 2119 199 2175 ut
214 2113 340 2193 possitis
362 2120 443 2176 stare
467 2111 613 2176 adversus
640 2115 767 2180 insidias
794 2115 930 2180 Diaboli:
975 2122 1120 2197 quaritur.

9 2239 11 2284 ,
74 2197 224 2274 quoniam
242 2209 302 2258 non
320 2200 367 2258 cst
382 2195 471 2258 nobis
496 2195 669 2262 colluctatio
694 2201 842 2264 advorsus
867 2216 932 2263 oar·
1017 2197 1103 2262 Daiei
1124 2198 1205 2278 apud
1227 2197 1438 2281 Dinogetistas
1458 2197 1640 2260 lleltliaeum
1657 2201 1685 2254 et
1701 2193 1825 2264 Lucam,

9 2323 11 2368 ,
75 2293 150 2341 nem
167 2283 198 2343 et
209 2278 404 2356 sanguinem,
417 2281 472 2341 sed
489 2281 634 2344 adsersus
647 2281 817 2362 principes,
833 2288 864 2346 el
880 2300 934 2362 po·
974 2281 1143 2344 similitudo
1159 2283 1307 2360 quaedam
1319 2284 1358 2344 dc
1372 2297 1459 2345 serio
1473 2281 1644 2358 praeposito
1657 2278 1709 2340 ioli
1722 2278 1825 2338 domui

9 2411 10 2416 ,
76 2366 218 2432 testatus,
234 2363 381 2424 adversae
398 2359 501 2424 mundi
519 2368 654 2426 rectores
669 2365 862 2429 tenebrarum
880 2366 934 2429 tie·
975 2363 1137 2428 uDomino
1151 2366 1273 2443 domus,
1296 2381 1375 2445 queo
1395 2362 1562 2426 similitudo
1584 2361 1758 2422 communis
1780 2365 1827 2420 esi

73 2443 207 2507 rumln
224 2442 379 2506 bochello
402 2443 578 2506 claruerunt
593 2447 665 2508 otim
682 2445 841 2512 tortissimi
856 2466 932 2512 mar·
976 2453 1034 2510 iarn
1053 2446 1182 2528 Principi
1207 2447 1377 2529 temporib.
1401 2462 1491 2525 quain
1514 2441 1676 2522 spirituaii.
1694 2441 1826 2519 Uterque

78 2532 178 2607 tyros,
195 2526 247 2602 qui
263 2527 445 2589 sustinendo
461 2525 586 2590 uiriliter
601 2531 764 2601 crucietur,
777 2537 808 2594 et
820 2540 932 2596 mortes
976 2531 1057 2594 enim
1074 2532 1266 2610 praepositus
1276 2538 1322 2596 est
1337 2529 1429 2594 eDeo
1440 2528 1504 2591 sire
1515 2525 1633 2608 Regno,
1647 2523 1711 2589 sire
1722 2523 1828 2586 Ecate-

9 2669 10 2678 ,
77 2608 932 2695 proronrassioaccbrisii.ridebanturqaidaraapcr·
975 2615 1055 2686 siue:
1078 2621 1107 2678 et
1129 2621 1257 2692 uterque
1279 2618 1427 2678 rationem
1443 2611 1508 2674 Deo
1524 2609 1631 2672 reddet
1645 2610 1683 2671 dc
1698 2605 1828 2668 admini-

9 2691 10 2698 ’
75 2692 276 2756 sequioribus
291 2693 469 2755 liorainibus
485 2693 564 2756 rinei
581 2701 611 2756 et
622 2702 774 2776 superari,
791 2698 846 2760 scd
864 2715 932 2779 per·
976 2697 1121 2760 strattona
1137 2712 1209 2773 sue3
1226 2706 1254 2762 et
1270 2707 1399 2776 uterquc
1424 2693 1590 2774 praemium
1613 2693 1661 2754 ari
1685 2706 1826 2768 poariam,

75 2779 240 2838 secutores
262 2774 434 2838 invisibiles
448 2774 638 2852 daemones,
655 2787 684 2839 ci
699 2796 805 2844 eorum
821 2781 932 2857 princi·
975 2779 1146 2846 seeundum
1162 2781 1267 2844 merita
1283 2799 1337 2844 sua
1351 2777 1492 2856 recipiet.
1504 2775 1541 2838 lii
1554 2778 1591 2836 dc
1605 2785 1732 2852 utruque
1746 2773 1828 2834 Prin·

76 2875 148 2936 pem
165 2856 320 2921 diabolum
337 2857 561 2934 gloriosissime
576 2861 783 2940 superabant,
801 2870 832 2926 et
845 2864 884 2926 dc
897 2863 932 2928 il·
975 2863 1044 2938 ripe
1061 2870 1128 2932 tam,
1143 2862 1304 2941 spirituali.
1328 2877 1419 2942 quam
1443 2859 1601 2936 temporali
1623 2855 1775 2932 intelligit,
1800 2861 1831 2916 et

55 2942 116 3024 'iis
131 2955 231 3003 curam
242 2938 320 3010 Deo,
337 2947 366 3002 et
380 2939 505 3020 Angelis
518 2942 864 3025 triumphabuntNeque
879 2949 932 3012 de·
975 2946 1105 3028 explicet
1120 2944 1210 3008 verbo
1228 2945 1346 3010 Domini
1370 2943 1402 3010 S.
1424 2943 1557 3008 Ioannes
1579 2939 1827 3022 chrysostomus.

74 3030 150 3088 sunt
166 3025 223 3088 boo
240 3031 376 3102 tempore
390 3032 537 3104 martyres
550 3026 717 3105 sanctl,qui
734 3046 790 3109 pro
806 3029 866 3092 dde
882 3047 930 3092 cu·
975 3047 1043 3093 cuin
1059 3029 1165 3092 scribit
1181 3030 1210 3088 in
1227 3037 1315 3108 caput
1332 3027 1470 3092 llatibael
1487 3023 1826 3102 moesiarumquariuni:

74 3105 353 3170 tliolicu‘adrersus
379 3105 525 3170 inbdcles
550 3107 755 3184 dimicantes,
779 3113 882 3176 multis
897 3112 928 3176 in
975 3117 1006 3174 at
1020 3128 1089 3176 eum
1115 3120 1286 3185 sequuntur
1311 3111 1484 3190 Episcopus
1508 3107 1683 3175 ionsenins,
1711 3110 1741 3164 et
1763 3102 1826 3166 alii.

74 3190 169 3258 locis.
185 3192 276 3252 iilam
292 3194 322 3249 ct
337 3189 520 3267 sanguinem
535 3191 651 3254 torliter
672 3192 824 3264 landoni.
847 3202 877 3256 ct
892 3194 931 3259 de
974 3189 1028 3258 usi
1044 3195 1135 3277 igilur
1150 3189 1227 3258 baec
1242 3193 1421 3258 similitudo.
1441 3208 1455 3254 r
1473 3189 1547 3264 Quis
1564 3194 1651 3268 puias
1667 3191 1715 3249 est
1729 3185 1828 3248 idelis

74 3271 213 3342 diabolo,
231 3269 283 3350 qul
299 3271 337 3332 ab
353 3273 440 3334 initio
456 3273 511 3350 luit
527 3273 678 3351 mendax,
696 3283 725 3338 ci
742 3293 796 3356 pro
811 3275 930 3342 viribus
961 3295 990 3344 ,a
1008 3284 1163 3356 serius,et
1177 3279 1323 3355 prudens,
1338 3292 1428 3354 quem
1443 3274 1601 3350 constituit
1613 3269 1760 3332 Dominus
1776 3284 1828 3330 su·

76 3355 194 3418 nirenta
207 3352 361 3418 seminare
377 3371 437 3417 non
453 3363 565 3425 cessei.
582 3354 714 3434 gloriose
731 3359 929 3439 iriurapirani.
977 3381 990 3424 o
1009 3378 1063 3442 per
1080 3363 1222 3426 inmitium
1245 3377 1331 3423 suum
1350 3364 1380 3421 ui
1395 3359 1447 3422 det
1469 3355 1529 3420 iilis
1544 3353 1634 3417 cibus
1655 3351 1685 3414 in
1711 3359 1827 3430 rampo·

116 3437 152 3500 ln
169 3438 228 3500 lioc
241 3435 334 3516 igitur
349 3438 432 3501 betto
458 3439 609 3519 spirituali
635 3440 750 3507 debent
772 3445 930 3524 principes
977 3463 991 3506 a
1009 3444 1063 3507 rei
1077 3444 1187 3509 Beatus
1199 3445 1252 3508 ille
1268 3458 1375 3507 serius
1390 3457 1481 3519 quem
1498 3454 1566 3498 cum
1589 3433 1705 3500 uenerit
1724 3433 1828 3496 Domi·

75 3517 249 3589 christiani.
276 3535 336 3582 non
354 3521 457 3583 minus
482 3523 645 3584 ecclesiam
669 3521 779 3587 Christi
803 3525 928 3603 iurare,
977 3544 1078 3600 inus,
1095 3528 1245 3594 invenerit
1259 3526 1305 3590 sio
1326 3525 1499 3588 lactentem.
1515 3520 1610 3583 Amen
1634 3517 1704 3580 diuo
1727 3517 1826 3588 robis,

74 3621 168 3682 quem
183 3604 216 3666 in
233 3601 316 3666 bello
331 3605 480 3682 corporali
498 3605 669 3683 prouincias
680 3624 763 3677 suas.
776 3607 823 3671 rel
835 3624 929 3688 regna
977 3631 990 3672 ii
1007 3611 1150 3686 quoniam
1166 3609 1374 3688 superomnia
1391 3607 1470 3670 bone
1487 3621 1541 3667 suia
1557 3601 1721 3666 consiiiaei
1743 3615 1827 3663 cum.
1913 3671 1916 3678 ,

76 3695 252 3767 protegere.
271 3683 313 3748 Do
329 3704 388 3764 qua
404 3701 437 3748 re
452 3687 558 3751 scribit
573 3704 601 3750 s.
616 3688 805 3769 Augustinus
820 3691 850 3754 iii
866 3691 930 3771 cpi·
977 3711 991 3756 ii
1009 3693 1039 3758 Si
1055 3701 1154 3758 autem
1170 3693 1279 3758 dixerit
1295 3707 1401 3757 servus
1417 3689 1469 3752 ille
1486 3687 1583 3749 maius
1594 3683 1733 3747 in'corde
1749 3699 1824 3744 suo:

73 3769 155 3832 stole
169 3769 206 3830 ed
223 3765 415 3832 vincentium
430 3767 630 3848 Donatislrim‚
654 3773 705 3835 ubi
721 3776 867 3849 ostendii,
885 3777 930 3836 iu·
976 3797 990 3838 r
1009 3793 1123 3840 rnorem
1142 3779 1210 3844 lecit
1225 3775 1372 3840 Dominus
1387 3789 1485 3839 maus.
1503 3769 1624 3846 renirc;
1648 3773 1677 3828 et
1692 3767 1829 3844 caeperit

74 3859 125 3914 sie
142 3867 303 3933 paganos,
330 3857 360 3915 ct
385 3851 555 3916 bernericus
581 3855 680 3930 puntrt
703 3875 719 3918 a
736 3856 928 3936 principibus
965 3877 991 3926 ,ii
1004 3866 1164 3934 percutere
1180 3874 1345 3924 conservos
1360 3873 1435 3918 suos
1450 3873 1459 3930 3
1473 3852 1658 3915 manducare
1673 3859 1773 3910 autem
1797 3852 1828 3912 et

75 3934 316 4032 temporalibus.
332 3933 444 4000 Scribit
466 3935 555 4032 etiam
571 3945 697 4001 sanctus
717 3938 882 4020 Gregorius
897 3942 928 4002 in
977 3962 990 4006 r
1007 3941 1115 4006 bibere
1130 3961 1198 4008 cum
1216 3941 1364 4004 ebriosis:
1378 3932 1730 4028 ¹icriieiDominustserii
1746 3930 1828 3994 illius

76 4015 875 4182 bittit?ilrlrliii¹lt¹..tlllr.tillium
892 4031 929 4168 :t
976 4019 1829 4186 :libiltibitillilillutibilis}

78 4182 251 4248 Mauritium
268 4180 483 4262 imperatorem
499 4230 506 4250 .
532 4192 560 4248 et
582 4185 613 4248 ia
629 4187 686 4250 eta
709 4187 746 4250 ud
761 4187 930 4252 Druniobli·
977 4210 991 4254 ii
1009 4189 1071 4253 illlc
1086 4191 1140 4255 erit
1155 4192 1260 4267 Datus,
1274 4188 1431 4252 aisirldor
1445 4183 1628 4247 deriliutnii·

75 4269 148 4330 dem
166 4266 302 4346 reginem
318 4263 517 4348 Francorum,
535 4275 566 4331 ut
582 4269 810 4346 idololatres,et
824 4273 930 4336 tiaere-
1013 4275 1152 4338 lieeeost
1171 4274 1349 4338 similitudo.
1367 4285 1457 4348 quam
1474 4267 1605 4329 brariaci
1619 4276 1821 4338 exponemus,

77 4350 161 4413 '5⁰⁰⁸'
173 4357 407 4430 persequantur.
975 4358 1045 4437 quie
1060 4355 1243 4420 utilissinam
1259 4355 1407 4416 caniiriai.
1424 4349 1511 4414 initio
1526 4347 1661 4426 declarat
1675 4343 1825 4406 Dominus
1929 4414 1934 4422 ,

117 4431 223 4512 licque
241 4447 314 4494 raro
330 4433 428 4496 solum
446 4432 476 4494 la
492 4432 583 4498 bellis
599 4483 607 4512 ‚
623 4435 761 4510 quemvis
775 4435 805 4501 in
822 4435 861 4500 iis
876 4453 928 4518 po·
974 4438 1133 4517 qualitates
1156 4438 1231 4502 duas
1253 4437 1362 4509 bonas,
1384 4451 1461 4514 ques
1477 4430 1604 4510 requirit
1621 4429 1649 4490 lu
1666 4427 1822 4498 omnibus,

77 4513 244 4586 tissimum,
262 4515 405 4580 tortitudo
422 4517 593 4581 necessaria
610 4525 669 4581 est:
692 4535 761 4582 nam
778 4519 928 4583 inlabere
973 4539 1051 4602 quus
1065 4519 1239 4585 assumiiud
1256 4515 1393 4599 regimen
1406 4513 1743 4583 sireDoctcslasticum,
1760 4511 1824 4571 siae

75 4600 168 4662 otiam
184 4598 375 4676 gubernandi
390 4599 576 4680 prouincias,
592 4609 622 4665 ei
638 4617 807 4681 regne.non
821 4603 927 4684 exigue
972 4606 1153 4682 temporale,
1170 4621 1248 4682 quae
1264 4609 1335 4666 surii
1351 4599 1494 4674 lidelitas,
1511 4605 1543 4659 ci
1565 4593 1736 4675 prudentia,
1751 4609 1824 4680 ipio·

74 4679 222 4745 tortitudo
238 4680 415 4760 requiritur.
433 4681 603 4748 Decurrunt
618 4687 699 4746 enim
716 4702 808 4749 curae
823 4690 854 4754 el
868 4687 929 4750 sol·
972 4703 1038 4751 rum
1055 4706 1114 4750 una
1130 4687 1263 4769 partinet
1277 4686 1315 4749 ed
1329 4685 1525 4758 voluntalem,
1542 4681 1633 4740 attera
1656 4675 1692 4738 ud
1710 4675 1822 4738 intelli-

75 4763 257 4828 licitudincs
272 4768 492 4844 pravissimae,
516 4772 546 4828 ct
571 4769 809 4832 molesiisaimaa
832 4773 863 4830 in
878 4786 930 4832 au·
972 4773 1122 4851 gentiem3
1147 4777 1178 4834 ci
1203 4774 1296 4849 prior,
1324 4769 1353 4830 ld
1380 4772 1439 4843 est,
1466 4763 1608 4837 idatius,
1635 4757 1770 4822 nasi-itur
1785 4773 1822 4822 ex

9 4917 10 4930 ,
76 4846 201 4912 diaaois
217 4850 360 4926 personis
373 4851 613 4926 miserabilibus,
631 4865 709 4928 quae
725 4851 764 4913 de
781 4848 929 4915 iniustitia
972 4855 1134 4932 oberitaie;
1164 4855 1314 4933 posterior
1327 4851 1436 4930 partlm
1459 4853 1505 4910 est
1529 4841 1687 4913 naturalis,
1714 4840 1820 4917 parlim

75 4929 212 4994 iudicum
228 4937 409 5009 queruntur.
425 4932 497 4996 item
514 4933 543 4994 in
559 4931 720 4997 audiendis
732 4931 927 5010 officialibus,
971 4936 1138 5017 acquiritur
1152 4955 1221 5002 usu.
1237 4940 1269 5002 ct
1281 4934 1436 4998 doctrina:
1452 4939 1481 4995 ot
1498 4929 1580 5008 prior
1594 4929 1641 4988 cst
1657 4926 1751 5004 magis
1769 4939 1821 4987 iia·

75 5015 129 5091 qut
146 5027 237 5075 cesus
252 5029 382 5090 asperos
404 5019 433 5077 et
448 5015 624 5094 inopinatos
649 5033 744 5096 serpe
770 5016 927 5080 relerunt:
973 5019 1117 5092 cessarie.
1144 5035 1236 5099 quoni
1259 5020 1427 5097 posterior:
1452 5015 1521 5089 quie
1549 5009 1708 5088 posterior
1721 5013 1823 5086 potest

73 5106 231 5180 praeterea
244 5093 274 5158 iri
286 5097 429 5176 legendis
440 5101 581 5178 epistolis
593 5099 632 5164 de
643 5099 826 5163 tumultibus
838 5099 928 5164 variis
972 5109 1137 5173 utcumque
1153 5100 1290 5183 suppleri
1307 5117 1363 5180 per
1377 5099 1476 5160 alius:
1494 5095 1576 5174 prior
1590 5108 1650 5154 non
1669 5094 1780 5169 petest.
1794 5087 1821 5150 l·

74 5181 106 5244 iu
122 5179 200 5242 locis
212 5177 362 5242 excitaris:
377 5181 509 5258 denique
521 5181 550 5246 in
564 5181 728 5247 uuillendis
741 5185 864 5247 nunctis
875 5183 929 5246 de·
965 5192 1062 5263 ‚tuque
1078 5184 1225 5248 Dominus
1237 5201 1306 5247 cum
1320 5179 1489 5262 'praebcere
1504 5177 1593 5240 vellet
1604 5180 1743 5236 sancium
1766 5171 1822 5234 Pc-

77 5263 227 5326 leoliones
243 5263 409 5342 civitatum,
426 5271 475 5326 eut
491 5267 713 5342 provinciarum
730 5265 929 5346 significanti·
973 5276 1049 5330 iruin
1065 5266 1360 5348 tortuosissimus
1383 5264 1446 5324 sota
1470 5260 1614 5324 ciiariiaie
1630 5257 1713 5318 illum
1730 5256 1823 5351 inter·

76 5345 148 5411 bus.
163 5342 247 5418 Quae
262 5348 386 5418 omniu.
402 5352 432 5408 cl
446 5346 503 5410 atie
518 5348 549 5411 id
564 5365 663 5427 genus
679 5347 784 5418 multu.
802 5351 830 5412 si
845 5349 927 5427 prin·
972 5352 1228 5431 rogaviqdicaas.
1242 5349 1354 5414 Simon
1365 5344 1498 5412 ioannis
1510 5358 1601 5406 omos
1613 5339 1744 5414 mcplus
1757 5335 1823 5432 baal

75 5444 150 5506 ceps
165 5425 310 5508 negliget.
325 5434 357 5492 ut
371 5429 540 5507 aotupiaiea
552 5448 637 5509 suas,
650 5437 681 5495 ei
693 5432 804 5512 private
815 5433 927 5512 gaudia
971 5433 1089 5498 Deinde
1103 5431 1238 5498 ostendit
1252 5433 1413 5500 Dominus,
1431 5431 1568 5506 regimen
1589 5425 1653 5487 sire
1673 5421 1825 5516 Ecclesia·

77 5526 138 5576 eoo
152 5508 353 5592 interrumpet
367 5532 376 5592 3
392 5513 597 5592 negligentiae
614 5517 738 5580 numine
753 5515 880 5586 carebit.
897 5521 927 5578 et
972 5516 1095 5587 sticum.
1110 5519 1175 5581 sire
1198 5513 1365 5593 temporale
1386 5510 1672 5591 quomodocumque
1688 5519 1825 5581 acquire·

9 5573 13 5634 i
77 5594 194 5658 inrisus
210 5590 336 5676 incipiet
353 5595 417 5660 Deri
434 5595 569 5676 populis,
596 5604 628 5662 ul
648 5599 725 5663 ulter
738 5599 926 5678 Sardanape·
972 5603 1031 5670 tur.
1047 5603 1113 5664 sire
1126 5599 1293 5673 electione,
1309 5597 1375 5662 sire
1397 5595 1457 5658 etio
1479 5592 1592 5656 modo:
1616 5584 1826 5666 principaliter

9 5665 13 5722 l
75 5675 146 5744 loss
162 5673 338 5760 ridentque
350 5677 539 5760 aequauea,
552 5679 654 5764 acque
665 5681 842 5748 bominibus
856 5683 928 5748 sati·
971 5683 1037 5750 dari
1051 5700 1068 5748 a
1083 5681 1160 5750 Deo.
1178 5681 1276 5769 Quem
1290 5677 1465 5754 comitioli,
1478 5675 1589 5757 inquit,
1607 5671 1760 5736 Dominus
1771 5683 1825 5736 aii·
