4056 6260
205 167 256 226 258
809 167 1041 232 ascensionis
1061 173 1098 234 IN
1120 173 1222 235 DEUM

135 319 214 384 qnae
230 304 316 368 Pater
330 303 434 385 posuit
444 305 475 369 in
490 307 603 390 abysso
615 304 783 386 sapientiae
797 322 885 386 saae;
897 321 989 385 qoam
1036 316 1127 392 potus
1141 308 1236 384 silim,
1252 312 1284 370 et
1296 305 1390 371 restis
1405 305 1588 384 nuditatem,
1605 310 1636 368 et
1660 303 1789 368 scientia
1803 302 1894 382 igno·

74 415 78 424 ·
132 389 300 462 Apostolus
317 405 378 452 non
394 391 493 470 aperit
509 439 516 468 ,
545 393 600 454 sed
628 391 774 462 mirator,
800 407 869 454 corn
892 390 988 451 dicit:
1036 395 1185 472 rentiam,
1210 398 1240 455 et
1253 391 1299 454 sic
1314 392 1353 454 de
1368 391 1508 462 caeteris,
1525 398 1555 452 at
1570 390 1655 451 nulla
1670 395 1809 451 creatura
1824 401 1892 448 om·

135 471 311 534 dotatione
324 474 513 538 dinitiarum
525 475 707 551 sapientiae
719 481 746 536 et
757 474 911 536 scientiae
922 472 990 549 Dei,
1036 495 1107 541 nem
1125 479 1279 540 miseriam
1296 476 1406 536 tollere
1430 480 1542 552 potest.
1556 474 1717 535 Praeterea
1742 479 1814 534 sunl
1836 468 1894 530 mi·
1926 527 1933 540 ,

135 571 237 635 (luam
252 558 595 636 inrarrrpreleeasibiitn
618 565 694 620 snat
708 559 832 620 indicia
848 558 938 632 elas,
965 563 995 616 tt
1037 564 1137 625 seriae
1152 563 1301 640 quaedam
1318 566 1399 620 lauto
1415 559 1593 637 graviores,
1616 565 1731 635 quanto
1746 554 1894 617 occultio-

139 641 378 717 investigabiles
404 643 479 704 eine
504 641 600 704 eins?
625 643 696 722 gnis
721 643 807 704 enim
833 640 994 718 cognoscit
1037 661 1109 712 res,
1134 653 1164 707 ei
1179 643 1365 718 interiores,
1393 642 1506 719 qulbus
1523 641 1608 702 solus
1622 641 1707 702 Deus
1721 636 1894 701 remedium

139 737 269 784 sensero
285 723 439 787 Domini?
453 734 511 788 ont
526 728 598 806 qais
613 725 821 788 consiliarius
835 726 904 786 eins
917 721 995 800 fail?
1039 727 1186 792 adbibere
1203 735 1324 806 potest,
1350 726 1432 788 vates·
1450 735 1521 787 εειιι
1535 725 1667 786 insidiae
1683 725 1870 784 daemonum
1886 769 1894 796 ,

138 805 204 868 H⁰0
219 806 318 869 solum
335 813 416 872 stlte
440 810 529 870 nobis
546 810 638 880 lietb,
661 808 742 885 titud
765 807 860 870 Deum
877 807 993 868 nullom
1039 814 1090 892 qai
1107 812 1251 891 plurimi,
1279 808 1483 872 versutissimi
1507 809 1725 883 potentissimi,
1744 810 1775 867 el
1789 809 1820 866 ln
1838 819 1897 866 nos

139 905 210 951 esse
227 890 419 968 iniquitatem
436 911 445 970 ;
469 901 499 956 ει
514 893 544 954 ιιι
572 891 739 954 εειιεειιεο
765 892 815 954 ιιιε
839 891 995 952 ιιειειεειε
1039 897 1175 976 pessime
1190 895 1313 956 animali
1329 900 1421 966 sunt,
1451 893 1527 954 tales
1550 893 1639 953 eliam
1664 897 1736 952 sunl
1750 903 1896 958 errores,

138 971 299 1048 laturum,
327 978 378 1052 qut
403 991 464 1038 non
492 975 671 1054 oossitiure
687 976 814 1037 dicere:
836 973 940 1036 Iustus
962 987 996 1035 es
1039 976 1897 1050 evcaecitatesmennaeiconscientiaecircumagens

136 1055 290 1130 Domine,
318 1066 348 1119 ει
362 1067 478 1121 rectum
494 1061 640 1121 iudicium
658 1065 764 1133 luam,
787 1074 823 1121 ae
838 1064 994 1136 praeterea
1040 1079 1097 1125 nos
1113 1063 1172 1142 ipsi
1188 1063 1219 1124 in
1236 1061 1327 1123 nobis
1343 1077 1403 1121 non
1420 1059 1570 1130 ridemus,
1589 1066 1620 1119 ut
1636 1073 1731 1135 saepe
1748 1056 1839 1118 nobis
1855 1057 1899 1116 vi·

136 1140 196 1202 boo
212 1146 366 1203 secretum
385 1145 458 1204 utile
473 1143 564 1205 nobis
579 1143 724 1204 omnibus
739 1158 822 1215 esse,
835 1158 904 1203 cum
920 1141 993 1203 binc
1037 1148 1164 1210 deamur
1178 1147 1293 1224 optime
1308 1145 1410 1206 valere
1424 1143 1457 1205 in
1480 1143 1605 1204 bomine
1627 1142 1798 1212 interiore,
1826 1154 1898 1201 oum

134 1222 187 1285 fiat
204 1271 212 1298 ,
236 1232 269 1288 nt
284 1224 387 1288 nullus
403 1227 563 1305 improbus
580 1227 617 1289 de
634 1226 733 1288 salute
755 1226 911 1304 desperet,
928 1225 994 1286 nul·
1037 1231 1216 1311 gravissime
1232 1235 1263 1291 et
1277 1227 1542 1305 periculosissime
1554 1226 1743 1294 laboremus,
1757 1224 1827 1301 quis
1841 1237 1900 1283 aas

138 1307 188 1368 ¹⁰⁵
205 1308 320 1385 l>robus
336 1311 374 1370 (ιθ
387 1318 468 1372 lilii
485 1309 583 1372 salute
596 1316 878 1389 praesumat,alque
891 1307 993 1384 essim,
1038 1315 1076 1376 ab
1093 1313 1245 1376 eiusmodi
1262 1311 1394 1373 miseriis
1411 1311 1532 1388 eripere
1547 1309 1725 1388 patesl,nisi
1740 1307 1825 1370 solas
1837 1321 1901 1366 me-

140 1396 171 1452 nt
187 1392 241 1453 viri
259 1391 346 1468 probi
363 1392 402 1454 de
419 1393 535 1456 nullius
551 1392 682 1472 improbi
699 1397 901 1456 conversione
917 1389 995 1452 dlffl·
1038 1397 1129 1460 diens
1145 1394 1365 1475 omnipotens?
1381 1399 1411 1454 et
1426 1396 1568 1471 quoniam
1586 1392 1678 1455 nobis
1693 1390 1901 1453 inscientibus

137 1474 221 1546 daut,
241 1490 296 1550 tlt0
313 1477 458 1538 Omnibus
481 1484 590 1549 olent,
618 1493 653 1538 ac
675 1476 714 1538 de
736 1478 873 1539 amolum
896 1476 996 1536 sainte
1039 1497 1132 1554 saepe
1154 1480 1237 1542 Dens
1254 1477 1492 1541 misericordior
1509 1493 1565 1537 nos
1581 1476 1618 1536 ab
1636 1475 1787 1537 eiusmodi
1806 1473 1899 1534 mise·

134 1557 260 1619 solliciti
278 1558 361 1618 sint:
384 1566 414 1622 el
429 1565 533 1622 contra
550 1575 641 1622 nemo
656 1563 852 1638 quantumvis
867 1558 991 1632 bonus,
1039 1565 1094 1626 riis
1105 1565 1340 1634 liberat,omnes
1352 1561 1496 1622 homines
1510 1560 1618 1637 ingrati
1633 1562 1740 1621 merito
1754 1557 1814 1618 dici
1828 1573 1902 1635 pas·

135 1647 166 1703 el
182 1647 307 1702 sanctus
323 1643 513 1722 insolescat,
537 1661 606 1706 corn
630 1659 721 1706 nemo
736 1643 824 1719 scial,
843 1642 915 1721 quid
932 1657 996 1703 ora·
1040 1654 1113 1709 sunl
1129 1664 1202 1726 erga
1220 1649 1325 1716 Deum,
1340 1650 1373 1706 ut
1385 1647 1451 1722 ipse
1469 1645 1616 1704 Dominus
1630 1649 1756 1704 testatur
1770 1657 1840 1702 cum
1856 1639 1905 1701 di·

138 1722 218 1786 stine
244 1725 285 1786 sit
299 1726 428 1788 allatura
443 1727 530 1803 dies,
558 1729 613 1789 sed
641 1743 750 1791 omnes
775 1743 844 1788 cum
868 1732 949 1787 metu
966 1731 996 1786 et
1041 1731 1212 1808 cit‚l’atrem
1228 1730 1395 1792 coelestem
1411 1728 1587 1805 beraipnam
1601 1727 1902 1805 csscsapcr·inpra·

139 1812 272 1870 tremore
287 1811 417 1873 salutem
434 1825 520 1872 suain
537 1817 716 1887 operentur.
733 1808 778 1872 Tu
793 1825 876 1885 rere,
895 1811 996 1870 anima
1041 1820 1110 1884 tas,
1138 1821 1167 1876 ει
1181 1815 1296 1876 ιιιειοε.
1313 1815 1366 1874 vix
1381 1811 1465 1872 enim
1482 1810 1637 1871 minimam
1655 1819 1770 1888 perlem
1788 1806 1902 1869 beoili-

136 1907 217 1962 mea,
235 1891 285 1954 his
301 1893 448 1955 omnibus
463 1893 677 1967 consideratis,
694 1900 810 1973 satage,
827 1900 860 1955 ul
882 1900 996 1955 certam
1041 1897 1158 1959 ciarum
1174 1897 1228 1958 Dei
1244 1897 1483 1974 cognoscimus,
1512 1911 1547 1955 aa
1563 1909 1602 1955 ne
1618 1909 1673 1970 pro
1696 1894 1748 1955 illa
1774 1891 1904 1969 quidem

135 1973 233 2037 iacias
250 1991 305 2052 per
321 1976 400 2037 bona
423 1992 517 2055 opera
540 1977 732 2040 vocationem
758 1985 789 2039 et
814 1977 997 2039 electionem
1042 1989 1130 2060 parve
1145 1981 1259 2060 gratias
1275 1979 1393 2058 agimus
1409 1995 1446 2040 ea
1467 1977 1642 2052 devellere,
1660 1983 1690 2038 et
1707 1975 1905 2044 bumilitate,

137 2062 269 2127 tuamet
282 2059 447 2137 aposlolus
463 2059 569 2122 Peiros
585 2066 615 2122 lo
630 2067 735 2124 monet
751 2060 782 2121 in
798 2059 928 2140 epistola
941 2073 997 2122 sua
1043 2081 1101 2140 qua
1114 2065 1312 2126 deberemus.
1322 2061 1440 2125 Deinde
1453 2077 1504 2123 res
1517 2067 1637 2140 creatae
1652 2077 1712 2122 non
1726 2058 1826 2121 solum
1841 2071 1905 2119 non

136 2142 321 2220 posteriore,
336 2158 415 2220 quae
431 2149 532 2205 aulem
547 2145 609 2207 sint
624 2159 716 2222 opera
730 2143 823 2220 bona,
837 2159 915 2218 anae
932 2159 997 2204 cer·
1042 2149 1153 2210 tollunt
1167 2164 1276 2210 omncs
1292 2145 1454 2215 miserias,
1482 2143 1538 2206 sed
1553 2160 1667 2223 paucas
1683 2161 1691 2204 :
1720 2151 1749 2203 at
1772 2158 1812 2204 ne
1835 2139 1905 2201 illas

137 2231 197 2287 tam
211 2225 326 2287 iaciunt
339 2227 543 2303 vocaliorem,
558 2233 588 2290 et
602 2228 798 2302 electionem,
814 2228 905 2290 docel
919 2226 998 2303 ipo·
1043 2230 1166 2307 quidem
1182 2232 1294 2293 tollunt
1315 2231 1353 2292 ab
1376 2227 1542 2294 omnibns,
1566 2227 1623 2288 sed
1638 2243 1654 2288 a
1670 2226 1790 2305 paucis,
1814 2225 1903 2287 solus

139 2309 240 2370 stolus
255 2309 399 2379 loannes,
418 2327 487 2372 cum
504 2310 566 2371 ait:
581 2309 693 2374 Filioli
706 2311 782 2381 mei,
798 2325 868 2373 non
883 2310 1000 2388 diligu-
1043 2315 1125 2377 Deus
1141 2331 1248 2376 omnes
1264 2313 1406 2376 miserias
1423 2361 1430 2385 ,
1459 2318 1489 2373 et
1512 2310 1550 2373 ab
1566 2309 1710 2372 omnibus
1727 2310 1835 2370 tollere
1852 2323 1907 2384 po-

142 2409 215 2454 mos
236 2393 343 2470 aerbo,
359 2409 466 2474 neqoc
488 2393 604 2474 lingna
618 2397 675 2457 sed
690 2409 796 2472 opere,
813 2402 843 2457 et
855 2397 999 2456 acritate.
1042 2401 1115 2460 test:
1139 2405 1169 2461 ει
1186 2398 1324 2478 quamvis
1339 2413 1399 2458 noa
1416 2392 1453 2456 ab
1468 2394 1614 2456 omnibus
1629 2389 1739 2456 omnes
1754 2392 1850 2465 tollat,
1866 2397 1909 2451 ta-

139 2474 278 2538 Gbaritas
294 2493 375 2539 enirn
392 2484 460 2552 est,
484 2493 554 2539 eum
571 2494 629 2556 qua
646 2493 737 2540 nemo
760 2478 942 2554 damnatur,
967 2479 998 2538 et
1043 2497 1114 2543 men
1132 2499 1222 2544 nemo
1238 2486 1295 2557 cst,
1313 2479 1364 2558 dui
1380 2477 1511 2542 alicuius
1524 2477 1754 2539 misericordiae
1770 2475 1826 2538 Dei
1843 2489 1905 2535 non

140 2559 211 2622 siue
227 2577 286 2636 qua
303 2577 394 2623 nemo
410 2561 555 2631 salrator,
573 2561 705 2623 ebaritas
720 2566 820 2623 aulem
835 2577 891 2639 per
906 2575 998 2637 opera
1044 2565 1084 2627 sil
1099 2566 1265 2642 particeps,
1282 2571 1368 2626 recte
1384 2563 1477 2640 igitar
1494 2560 1645 2637 Propheta
1662 2559 1765 2620 canit:
1784 2559 1908 2620 Miseri·

141 2642 381 2718 d⁰ffi⁰¹¹⁵ltt¹t¹lr
399 2662 467 2708 cum
486 2644 555 2724 tltlls
573 2644 735 2714 videlieet·
762 2659 824 2706 nvn
840 2661 897 2722 Sne
913 2644 1000 2705 relrl-
1046 2650 1160 2711 cordio
1175 2647 1306 2709 Domini
1318 2648 1419 2726 plena
1435 2651 1480 2708 est
1502 2651 1600 2706 terra.
1619 2643 1758 2705 Ecclesia
1786 2643 1817 2703 in
1834 2647 1912 2702 'ora-

139 2726 278 2790 bulionis
294 2728 494 2807 temporalis,
522 2726 571 2788 rel
586 2744 623 2788 ex
639 2725 750 2790 aiieclu
764 2728 937 2790 inordinato
963 2726 999 2787 ad
1045 2732 1128 2793 tione
1144 2731 1228 2802 dicit,
1245 2731 1327 2793 Dens
1343 2731 1397 2792 cai
1409 2730 1580 2807 proprium
1592 2734 1637 2789 est
1653 2727 1813 2797 misereri,
1828 2740 1905 2803 qno·

137 2819 334 2886 creaturam,
362 2812 416 2874 sed
434 2828 471 2876 cx
484 2809 594 2874 intimo
610 2817 640 2872 el
656 2827 732 2890 puro
748 2827 852 2874 amore
867 2808 946 2886 Dei,
970 2814 1001 2871 et
1044 2815 1125 2876 niam
1141 2817 1178 2876 ad
1196 2814 1281 2876 illum
1300 2813 1444 2892 pertinet,
1462 2811 1618 2874 miseriam
1645 2811 1766 2885 tollore,
1783 2809 1836 2887 qui
1853 2806 1908 2868 rui·

138 2895 292 2972 proximi,
319 2897 368 2958 vel
385 2894 602 2974 eleemosynas
624 2893 814 2972 pauperibus
830 2895 997 2974 elargitur,
1044 2897 1123 2960 seria
1140 2903 1242 2976 carel;
1258 2903 1289 2960 et
1303 2899 1340 2958 ad
1357 2898 1443 2958 illam
1460 2894 1561 2958 solum
1579 2893 1711 2971 pertinet
1726 2908 1837 2954 amnes
1854 2891 1910 2951 mi·

138 2979 186 3038 rel
202 2978 339 3039 inimicis
355 2979 509 3042 condonat
525 2978 653 3040 iniurias
669 2983 699 3040 el
714 2979 858 3052 ananiam
875 2991 936 3038 non
952 2992 1000 3037 sa·
1045 2983 1146 3044 serias
1162 2980 1199 3044 ab
1216 2981 1361 3043 omnibns
1375 2980 1470 3042 rebus
1493 2979 1620 3053 tollere,
1648 2978 1699 3056 qul
1723 2975 1810 3038 solus
1823 2975 1910 3036 omni

138 3061 175 3121 tis
200 3068 248 3122 est
264 3059 425 3139 incipere,
449 3062 527 3124 sed:
555 3059 616 3138 Qui
628 3063 882 3140 perseveraberit
896 3075 1000 3138 napae
1045 3079 1173 3142 prorsas
1189 3064 1309 3126 miseria
1326 3069 1430 3139 caret,
1458 3061 1527 3140 quis
1551 3068 1652 3122 autem
1675 3061 1761 3121 omni
1777 3073 1910 3137 prorsus

137 3146 176 3208 in
190 3142 313 3224 inem,
341 3145 394 3208 liic
418 3146 528 3209 saluas
543 3145 615 3210 erit.
632 3145 706 3207 ideo
722 3143 795 3206 dicit
811 3145 998 3222 apostotus,
1046 3149 1170 3211 miseria
1185 3154 1280 3225 carel,
1308 3147 1366 3209 nisi
1390 3147 1476 3208 solus
1493 3144 1586 3218 Deus,
1604 3144 1656 3222 qui
1685 3150 1732 3205 εει
1747 3150 1835 3203 aclas
1851 3159 1909 3218 pu·

137 3230 275 3308 satagite,
290 3230 371 3306 qnod
388 3228 539 3294 estanxie
555 3236 585 3290 et
600 3229 731 3293 sollicite
747 3243 782 3290 ac
797 3227 998 3308 diligentissi·
1044 3246 1110 3309 ros,
1134 3237 1165 3294 ει
1179 3247 1335 3293 summum
1351 3230 1476 3299 bonum,
1500 3235 1530 3289 et
1545 3228 1583 3294 de
1599 3227 1689 3290 cuius
1706 3227 1843 3288 essentia
1860 3231 1910 3286 εει

137 3327 188 3374 me
203 3313 384 3376 incumbere
412 3314 442 3376 in
469 3313 627 3392 negotium
653 3312 762 3375 solutis
777 3320 941 3385 aeternae,
969 3316 1000 3373 el
1043 3315 1218 3377 beatitudo?
1231 3314 1254 3377 0
1267 3314 1379 3384 anima,
1394 3314 1421 3375 si
1436 3311 1622 3390 cogitatione
1639 3310 1820 3390 attingeres,
1835 3325 1915 3387 qua·

136 3411 208 3458 vere
224 3395 347 3474 siquod
364 3401 412 3458 est
427 3396 587 3476 probabile
604 3402 819 3476 argumentum
836 3395 998 3458 electionis
1043 3397 1082 3459 lis
1100 3399 1139 3460 sit
1155 3400 1213 3460 rita
1231 3397 1351 3460 Domini
1368 3397 1433 3474 tui,
1461 3401 1492 3458 et
1507 3394 1603 3456 Patris
1618 3393 1662 3456 tul
1679 3437 1688 3470 ,
1716 3409 1795 3470 quac
1812 3409 1907 3464 super

139 3479 272 3548 divinae,
289 3478 366 3541 illud
383 3487 441 3546 est,
459 3497 526 3543 cum
541 3481 636 3542 homo
653 3479 806 3542 sollicitus
821 3480 860 3542 de
886 3478 997 3556 salute,
1044 3496 1168 3544 omnem
1185 3482 1339 3543 miserium
1354 3479 1493 3553 elevata,
1521 3494 1618 3555 puro,
1647 3481 1677 3538 el
1699 3482 1759 3538 loia
1777 3475 1912 3538 lelicitas

140 3563 238 3640 magis
252 3575 342 3640 quam
356 3563 395 3624 de
407 3563 468 3629 ulla
485 3580 518 3626 re
531 3564 600 3641 alla,
614 3579 676 3625 non
689 3570 791 3625 cessat
802 3578 889 3626 orare
901 3560 998 3624 Deum
1046 3571 1112 3627 est:
1136 3582 1227 3644 quam
1243 3580 1281 3627 en
1296 3567 1389 3626 corde
1405 3564 1579 3640 suspirares
1602 3559 1640 3622 ad
1663 3563 1764 3622 sinum
1781 3559 1861 3632 eine,
1880 3566 1916 3621 ει

140 3661 196 3724 pro
214 3650 296 3707 dono
312 3660 400 3708 verae
416 3649 638 3726 poenitentiae,
656 3652 687 3708 el
700 3662 789 3708 verae
805 3646 998 3722 humilitatis,
1045 3646 1085 3710 de
1102 3654 1130 3711 te
1147 3665 1271 3726 quodue
1288 3647 1345 3710 dici
1361 3653 1489 3726 posset:
1507 3645 1578 3707 Νοιι
1590 3645 1722 3706 εεεειιει
1737 3643 1781 3705 nd
1796 3650 1824 3704 te
1839 3659 1913 3704 ma-

139 3735 170 3792 cl
185 3729 340 3807 perlectae
356 3730 522 3804 charitalis,
547 3737 577 3792 el
593 3731 839 3814 perseverantiae
855 3729 1000 3806 usquein
1046 3730 1127 3810 lum,
1152 3738 1182 3794 el
1202 3731 1368 3812 flagellem
1383 3746 1450 3792 non
1466 3727 1745 3807 appropinquabit
1760 3727 1912 3789 taberna·

138 3811 246 3888 llaem,
261 3829 363 3891 neque
378 3815 441 3876 sola
455 3814 591 3876 oratione
607 3818 770 3876 contentos
784 3813 920 3893 liegnum
935 3812 998 3886 Dei,
1046 3819 1118 3878 calo
1134 3815 1240 3878 inani
1256 3815 1421 3893 inquies,si
1438 3812 1628 3892 poleleeas
1642 3827 1751 3873 amnes
1769 3809 1914 3873 miserias

140 3903 170 3959 ει
181 3896 329 3959 iustitiam
343 3896 459 3975 eius,ut
471 3896 604 3960 Salvator
615 3896 782 3976 admonuit,
800 3897 871 3962 totis
883 3896 1001 3963 viribus
1046 3899 1084 3961 ab
1100 3901 1244 3961 omnibus
1259 3899 1354 3960 rebus
1371 3899 1500 3972 tollere,
1528 3911 1582 3958 εει
1605 3895 1634 3956 id
1653 3910 1715 3956 non
1737 3893 1821 3963 lacit,
1839 3910 1910 3955 oum

140 3987 334 4061 quaererent
349 3981 488 4044 iuvenire
501 3981 672 4044 contendit.
789 3996 793 4004 ·
1047 3983 1088 4045 sit
1102 3982 1189 4044 Pater
1204 3981 1498 4053 misericordiarum,
1516 3979 1547 4040 id
1564 3983 1621 4054 est,
1639 3977 1727 4040 Pater
1742 3976 1918 4039 misericor·

1047 4065 1220 4129 dissimus'l
1244 4065 1325 4128 undo
1342 4071 1383 4127 lol
1407 4065 1550 4126 miseriae
1572 4061 1775 4124 abundantio
1796 4075 1915 4134 genere

307 4147 454 4216 GDADUS
470 4147 838 4224 enatans-evntibvs.
1047 4148 1182 4213 bumana
1194 4151 1253 4214 sub
1266 4148 1489 4229 gubernatione
1501 4148 1599 4210 Patris
1612 4143 1916 4207 misericordiarum?

1049 4239 1079 4297 et
1100 4251 1154 4297 cor
1179 4236 1310 4310 dieitur,
1339 4233 1561 4294 Misericordia
1588 4229 1719 4293 Domini
1744 4229 1843 4308 platta
1865 4233 1911 4290 est

237 4315 290 4382 Dm
304 4317 567 4384 comidcratione
576 4318 828 4384 misericordiae
841 4317 911 4383 Dei.
1048 4325 1175 4390 temne,
1204 4324 1234 4380 et
1250 4333 1310 4378 non
1327 4317 1428 4395 potius
1445 4332 1463 4378 e
1478 4317 1655 4386 contrario,
1681 4315 1764 4375 omni
1784 4312 1908 4374 miseria

733 4429 734 4432 ¹
1047 4403 1139 4480 plena
1156 4409 1202 4465 est
1218 4400 1325 4463 terrai
1347 4406 1448 4480 potest
1470 4398 1594 4476 quidem
1618 4396 1702 4459 Deus
1727 4411 1837 4458 omnes
1853 4395 1910 4457 ιιιι-

182 4481 449 4563 Spirltossaactus
460 4485 670 4566 iaScripluris
682 4485 749 4550 suis
762 4483 1005 4556 misericordiam
1047 4485 1144 4549 serias
1159 4485 1280 4554 tollere,
1297 4483 1354 4546 sed
1370 4499 1422 4546 eas
1437 4489 1554 4544 tantum
1571 4481 1671 4552 tollit,
1695 4496 1771 4559 quas
1787 4479 1911 4557 sapien·

141 4565 196 4630 Dei
213 4569 298 4632 miris
313 4571 457 4632 laudibus
472 4568 583 4648 ellerl;
606 4572 645 4631 lta
668 4575 701 4632 ει
724 4569 806 4630 ιιιειιι
829 4585 923 4650 εερει
938 4585 1003 4632 εει·
1048 4569 1087 4632 iia
1104 4569 1201 4649 ipsius
1217 4567 1331 4630 iudicat
1347 4583 1417 4630 esse
1434 4565 1594 4631 tollendas.
1613 4564 1763 4640 sapientia
1780 4578 1852 4624 rero
1868 4561 1916 4622 di·

141 4649 190 4712 nia
208 4667 301 4730 opera
328 4651 382 4715 Dei
403 4656 580 4730 praedicare
607 4670 669 4716 non
696 4651 827 4716 dubitet.
851 4653 901 4714 Sic
923 4653 1005 4716 enim
1052 4653 1120 4716 rina
1137 4653 1328 4727 iudicatum
1343 4649 1490 4730 expedire
1506 4646 1583 4727 ipsis
1600 4646 1791 4711 bominibus,
1807 4651 1838 4708 ul
1851 4660 1917 4707 om·

142 4737 225 4797 canit
236 4734 386 4814 Propheta
404 4736 510 4799 David:
529 4736 646 4800 δεεειε
660 4736 818 4798 Dominae
832 4737 1005 4811 universis,
1047 4751 1105 4798 nes
1121 4736 1311 4808 tollantur,el
1326 4732 1571 4797 misericordiam
1587 4730 1755 4808 aliquando
1771 4744 1841 4792 esse
1857 4728 1915 4790 ιιιι-

141 4819 170 4878 ει
191 4820 418 4884 miserationes
445 4823 515 4884 eios
536 4835 636 4898 saper
658 4818 772 4882 omnin
797 4836 898 4897 opera
923 4821 1006 4884 aias.
1048 4818 1378 4896 scriamaliauamuon
1393 4811 1915 4889 tollere,utmaiorimisericordiae

138 4898 243 4966 Huius
259 4903 393 4966 attributi
411 4904 507 4967 diuini
523 4901 766 4984 magnitudinem
783 4903 871 4967 lacile
888 4905 1006 4982 perspi·
1049 4909 1248 4982 praeparetur
1259 4901 1534 4981 lacus.Apostolns
1547 4903 1594 4959 ter
1605 4898 1723 4976 rogarit
1737 4895 1920 4973 Dominum,

141 4984 276 5064 ciamus,
293 4988 319 5050 si
336 4987 627 5058 ειεείειιιειιιεεει,
652 4985 888 5064 longitudinem,
905 4988 1005 5050 altitu·
1050 4992 1084 5047 ιιι
1098 4987 1268 5049 εειειιειει
1294 4985 1331 5047 ab
1358 5001 1394 5049 eo
1416 4983 1561 5047 stimulos
1577 4983 1701 5052 earnis,
1728 4986 1759 5043 ει
1782 4995 1843 5042 non
1868 4987 1918 5042 est

142 5067 264 5138 dinem,
281 5079 312 5134 et
328 5071 512 5151 protundum
528 5071 620 5150 paulo
635 5069 782 5132 attentius
797 5069 1006 5133 considerabi-
1049 5070 1182 5143 auditus,
1201 5072 1271 5148 qula
1285 5070 1387 5132 virttis
1401 5070 1439 5132 in
1453 5066 1642 5143 infirmitate
1658 5061 1837 5144 perficitur,
1852 5077 1916 5125 non

142 5147 391 5218 limusLatitndo
408 5154 637 5217 misericordiae
660 5154 779 5216 divinae
801 5155 832 5216 in
855 5170 892 5217 aa
908 5155 1006 5233 posita
1050 5154 1176 5215 abstulit
1202 5152 1284 5218 Deus
1310 5169 1326 5213 a
1348 5152 1460 5216 Lazaro
1477 5151 1631 5212 miseriam
1649 5147 1860 5227 paupertatis,
1887 5155 1919 5209 ει

144 5244 203 5314 εει,
221 5240 304 5317 qaod
323 5239 511 5315 Deus,isoue
523 5238 609 5302 solus
622 5253 731 5301 omnes
745 5237 886 5300 miserias
902 5239 1008 5301 tollere
1051 5239 1256 5318 plagarumut
1272 5235 1379 5298 maiori
1396 5235 1606 5296 misericordia
1619 5236 1792 5312 portaretur
1805 5229 1842 5291 ab
1855 5229 1915 5292 dn·

144 5325 257 5400 possit,
275 5333 305 5386 ει
330 5322 368 5386 ab
384 5322 529 5385 omnibus
545 5323 639 5384 rebus
655 5321 774 5400 aliquas
789 5321 886 5399 tollat,
911 5321 1003 5402 idque
1052 5321 1129 5403 gelis
1145 5321 1176 5383 in
1193 5323 1294 5383 sinum
1309 5319 1458 5394 Abrabae,
1473 5325 1504 5380 et
1518 5317 1569 5378 ubi
1586 5324 1693 5377 essent
1709 5327 1803 5394 opera
1821 5316 1913 5377 mise·

144 5402 236 5467 laniat
253 5423 290 5469 ex
305 5423 431 5485 amore,
460 5422 522 5485 quo
537 5421 587 5469 res
602 5411 722 5468 creatas
738 5404 858 5486 diligit,
885 5421 946 5469 non
963 5407 1003 5470 ob
1049 5405 1197 5468 ricordiae
1209 5411 1269 5468 tarn
1280 5402 1453 5467 necessaria
1467 5405 1502 5464 ad
1519 5401 1657 5462 meritum
1670 5397 1840 5475 diritom,si
1854 5414 1916 5463 nou

143 5485 275 5568 aliquam
291 5492 450 5555 utilitatem
462 5492 697 5568 suampassunt
712 5487 839 5574 quidem
854 5505 905 5554 ros
918 5506 1002 5555 orea-
1050 5498 1156 5554 essent
1172 5490 1225 5553 ulli
1243 5503 1397 5568 pauperes
1413 5487 1585 5549 esurientes
1601 5531 1610 5559 ,
1634 5482 1777 5545 sitientes
1794 5529 1802 5558 ,
1818 5481 1919 5558 nudi,

143 5573 191 5638 lae
204 5573 340 5655 aliquam
353 5575 508 5644 miseriam
522 5575 643 5660 tollam,
659 5579 694 5641 ot
707 5572 798 5660 panis
813 5572 952 5658 lamen,
973 5580 1004 5642 el
1049 5573 1188 5656 aegroti,
1215 5571 1394 5655 peregrini,
1423 5569 1602 5640 carceribus
1617 5566 1813 5650 mancipavit
1837 5571 1868 5633 et
1891 5567 1919 5631 sl
