4048 6242
781 326 923 390 duobus
942 328 1058 390 NONUS
1660 331 1711 392 rii

33 456 173 522 escendit
197 457 235 519 nd
260 458 382 535 ooeios3
410 463 440 521 et
465 456 528 520 scis
557 473 669 535 corpus
696 455 762 530 eius
791 464 890 540 potest
937 464 1188 540 nenseplstoiem
1204 465 1242 528 nd
1259 466 1422 542 dominos,
1440 464 1657 545 Apostolorum
1672 463 1788 528 Princi-

32 541 299 605 llesurreciionem
326 545 437 606 intrare
459 541 581 604 solitum
605 540 643 603 nd
659 540 828 621 discipulos
850 543 891 604 ie·
936 563 991 625 pes
1005 547 1126 611 Petrum
1150 549 1318 612 elPsulum
1335 548 1366 611 in
1389 565 1426 612 oo
1455 552 1525 613 ioco
1549 545 1702 610 oolioenre
1725 563 1786 608 non

36 625 105 686 nnis
120 625 246 698 clausis,
260 631 290 686 ιι
304 641 373 687 cum
389 625 548 688 recederet
561 640 621 688 non
633 623 890 700 enbninnnoped
935 632 1101 708 dubitavit,
1125 631 1177 694 ubi
1193 631 1352 710 Seraphim
1370 631 1491 704 volent,
1510 647 1546 694 cc
1562 629 1658 693 ileum
1674 629 1787 707 glovid-

32 708 246 771 evsnescendo
263 706 407 771 recedere
421 707 632 784 consuevisse,
647 708 677 770 id
693 710 752 783 esi,
765 712 824 770 tum
840 725 891 772 ce·
924 714 1100 794 'ceolmund
1118 713 1197 778 idem
1212 713 1251 778 de
1264 731 1291 777 s.
1305 715 1419 790 losnne
1437 709 1615 796 Bnptisteet
1630 712 1698 774 eliis
1713 727 1788 774 non·

32 793 87 852 leri
103 796 186 853 motu
209 806 322 868 eorpus
338 807 430 852 suum
446 791 610 853 transferre
626 791 751 854 solitum
766 791 805 855 de
820 793 889 855 loco
935 796 1028 860 nullis
1044 799 1127 876 pium
1146 803 1202 860 ost
1216 798 1354 861 credere.
1371 796 1458 860 Adde
1484 798 1565 875 quod
1580 793 1688 874 Angsli
1715 792 1788 856 boni

32 875 70 934 sd
88 875 202 944 locum,
218 889 254 935 nc
270 873 296 935 si
311 877 450 954 spurtus,
475 890 535 936 non
552 888 668 951 corpus
684 873 805 939 inisset.
828 875 889 940 Sed
933 889 1002 958 post
1018 879 1149 958 primum
1174 881 1316 944 meritum
1347 880 1384 942 sd
1410 881 1539 960 gloriem
1561 883 1787 958 pervenerunt,

32 956 60 1019 si
76 957 114 1019 ud
128 959 256 1036 gloriam
269 958 355 1019 istem
371 957 500 1034 uspirns,
517 965 636 1034 oportet
651 954 701 1019 bic
715 956 844 1038 primum
859 961 892 1024 ul
934 961 1079 1038 quonium
1091 963 1181 1026 etium
1195 964 1297 1044 Augeli
1316 962 1385 1025 meli
1402 970 1471 1040 post
1485 963 1787 1040 primumpeccutum

34 1039 209 1103 conformes
221 1055 335 1116 corpus
348 1048 429 1102 tuum
443 1041 563 1117 corpori
578 1039 888 1104 bumiliteliecbristi:
933 1044 1056 1108 inerunt
1068 1051 1193 1110 selerne
1208 1047 1366 1124 supplicio
1382 1046 1542 1123 mancipati
1557 1091 1566 1122 ,
1591 1042 1718 1122 proinde
1734 1043 1787 1102 bo·

13 1153 15 1164 ν
34 1122 80 1184 ιιι
94 1125 177 1184 enim
194 1122 246 1184 ilel
262 1125 294 1184 nl
309 1121 448 1185 cbristus
470 1135 582 1198 corpus
607 1126 693 1185 luum
720 1124 891 1186 coniormel
935 1128 1035 1190 mines
1049 1129 1134 1206 queri
1152 1144 1211 1190 non
1227 1130 1346 1192 debent
1361 1128 1400 1191 de
1416 1129 1553 1207 longiore
1568 1129 1636 1201 vie,
1665 1141 1734 1187 cum
1756 1123 1789 1186 in

32 1207 155 1282 corpori
170 1203 315 1267 claritatis
327 1209 416 1268 sune.
434 1203 550 1268 Deinde
564 1209 685 1283 oportet
706 1213 739 1270 ut
763 1207 889 1286 vestigio
934 1225 968 1274 ιι
993 1209 1115 1288 possint
1137 1225 1231 1290 saepe
1255 1228 1291 1276 ec
1316 1209 1440 1291 saepius
1466 1213 1571 1290 lnpsus
1596 1224 1671 1274 suos
1697 1205 1790 1271 corri-

35 1291 104 1350 eins
118 1287 271 1363 senueris.
282 1286 421 1352 cbristus
434 1290 521 1351 enim
531 1303 646 1367 pessus
658 1289 888 1366 estpromobt's.
933 1308 1029 1373 gere,
1053 1299 1082 1356 el
1098 1308 1152 1372 per
1168 1295 1390 1371 poenitentium
1413 1293 1449 1356 nd
1473 1293 1591 1357 venium
1614 1293 1788 1370 pervenire.

32 1371 124 1434 nobis
138 1371 326 1450 relinquens
340 1372 537 1448 coemptum,
560 1377 595 1434 nt
608 1386 785 1452 sequamur
801 1375 889 1436 uesti-
974 1374 1077 1438 Restat
1093 1392 1184 1447 nnnc.
1202 1375 1288 1440 uide
1308 1374 1419 1438 officiis
1433 1374 1619 1455 Angelorum
1636 1389 1730 1452 puucn
1747 1371 1793 1435 oi·

34 1455 90 1531 gio
112 1457 193 1526 eius,
209 1453 309 1531 inquit
334 1454 496 1529 Apostolus
510 1452 640 1524 Petrus,
668 1463 698 1515 et
724 1470 802 1531 nune
818 1463 890 1518 sunt
933 1474 1051 1521 cemus.
1068 1457 1210 1536 Quinque
1234 1464 1311 1521 sunl
1324 1457 1511 1536 Angelorum
1527 1455 1637 1520 officie.
1654 1455 1786 1518 Primum

35 1539 162 1618 resurgis
179 1536 274 1598 eius?
298 1533 359 1615 Qus
377 1539 556 1615 peecatum,
582 1535 692 1614 inquit,
709 1552 778 1600 nom
790 1539 887 1615 feeit,
932 1547 980 1604 est
995 1540 1103 1604 leudes
1118 1551 1148 1604 et
1170 1542 1305 1622 bpmnos
1321 1551 1472 1619 perpetuo
1487 1556 1600 1603 cunere
1621 1537 1789 1603 conditori.

33 1635 93 1682 nec
107 1623 259 1684 inuentus
271 1626 316 1682 est
329 1620 422 1682 dolus
436 1622 473 1682 in
487 1634 541 1682 ore
553 1619 635 1682 eius:
652 1622 710 1700 qui
732 1635 807 1684 cum
820 1637 888 1684 mo·
932 1621 974 1687 Ac
990 1631 1022 1686 ut
1037 1624 1248 1703 intelligemus
1260 1625 1366 1703 quenti
1382 1624 1469 1686 iecint
1484 1624 1565 1687 bens
1581 1623 1639 1684 boc
1654 1621 1793 1684 ministe-

35 1704 310 1778 indiceretnrmon
322 1701 547 1765 maledicebat:
560 1717 633 1766 cum
644 1710 890 1781 potereturmon
931 1705 1021 1780 rium,
1038 1709 1299 1770 considerandum
1315 1712 1384 1776 est,
1408 1722 1570 1785 supremos
1591 1704 1727 1782 Angelos
1748 1703 1788 1766 ed

35 1785 307 1849 comminabatur.
323 1786 388 1848 iiuo
402 1793 472 1848 sunt
488 1783 599 1848 Christi
616 1785 739 1865 vestigia
754 1831 762 1860 ,
779 1802 795 1847 n
822 1791 889 1865 oui·
931 1788 990 1850 boc
1005 1787 1137 1854 officium
1154 1806 1226 1852 esse
1246 1789 1435 1866 destinatos,
1463 1805 1542 1868 qnos
1567 1791 1655 1867 quusi
1672 1787 1791 1862 praeci-

36 1867 94 1930 bus
109 1870 135 1930 ιι
150 1870 287 1938 aberres,
305 1870 381 1930 viem
398 1867 602 1946 perdidisti,et
614 1872 650 1930 ed
662 1867 790 1947 petriam
804 1886 889 1936 num·
933 1878 1178 1948 omnesomnes
1193 1872 1381 1952 Angelorum
1398 1873 1483 1936 ebori
1500 1873 1645 1934 consonis
1666 1869 1794 1932 vocibus

38 1968 129 2024 onem
146 1953 308 2031 pervenies
322 1953 526 2028 oportetmuin
544 1966 603 2018 non
621 1952 733 2027 lucere,
745 1955 800 2014 sed
815 1957 888 2032 pnti;
932 1969 1002 2016 cnm
1019 1954 1191 2018 incredibili
1205 1954 1301 2016 iubilo
1317 1952 1648 2032 prosequuntur.Audi
1664 1951 1792 2014 lenium:

35 2039 65 2095 el
79 2036 162 2113 quod
177 2035 250 2095 inde
264 2034 497 2112 sequitur,bone
510 2033 656 2106 interemi
667 2036 745 2098 bonu
760 2033 811 2102 irio
827 2052 888 2100 non
930 2036 1005 2100 Vidi
1012 2037 1187 2102 Dominum
1197 2039 1359 2100 sedentem
1370 2052 1467 2115 super
1476 2036 1594 2100 solium
1605 2035 1768 2099 cencessum
1781 2081 1790 2110 ,
1828 2081 1831 2090 .

36 2123 200 2194 expectere
225 2126 277 2192 et,
304 2133 382 2196 queo
410 2117 517 2178 borum
533 2118 802 2190 omninmsummn
818 2125 887 2192 est,
932 2125 961 2182 ιι
976 2119 1143 2190 clevatum,
1159 2125 1188 2181 et
1201 2135 1241 2183 ιι
1255 2136 1338 2200 pune
1351 2121 1410 2182 snb
1430 2121 1500 2196 ipso
1516 2125 1608 2181 crant
1623 2117 1792 2196 replebant

36 2205 158 2276 oportet
182 2200 310 2279 diligere
336 2198 507 2278 proximum
530 2199 788 2276 proptechum,
812 2203 889 2266 drie-
932 2203 1097 2280 templum.
1127 2202 1297 2283 Seraphim
1319 2203 1446 2266 stabant
1469 2217 1568 2278 super
1589 2202 1695 2264 illud:
1732 2215 1793 2264 sem

36 2282 140 2346 ctione
156 2299 236 2362 vem,
254 2289 284 2346 et
299 2299 385 2360 pure.
401 2284 564 2350 nmioitiee.
591 2297 652 2344 non
668 2285 888 2362 concupiscen·
932 2286 1006 2348 nlnc
1020 2286 1092 2362 uni,
1108 2285 1296 2362 otescalce
1310 2284 1415 2354 elteri,
1429 2283 1554 2348 duobus
1568 2282 1760 2361 vetabamur
1782 2314 1792 2329 -

38 2369 96 2428 tine
110 2411 118 2438 ‚
134 2374 250 2445 gretie.
267 2367 327 2427 n'on
345 2370 470 2443 propior
484 2367 714 2430 retributionem
729 2366 885 2444 bominis,
931 2367 1013 2430 ιιιιιι
1027 2368 1108 2443 eius,
1120 2371 1150 2430 ct
1163 2366 1291 2431 derebus
1304 2366 1456 2430 celabam
1469 2367 1565 2442 pedes
1577 2369 1692 2440 cirenei
1707 2367 1790 2428 duo-

36 2455 212 2511 contentum
234 2449 435 2510 retributione
449 2447 516 2521 liei,
533 2465 611 2527 quae
627 2463 750 2514 omnem
767 2465 889 2516 mensu·
932 2449 990 2514 bue
1004 2451 1177 2520 scindant,
1195 2455 1224 2512 et
1238 2449 1425 2513 clamabant
1440 2450 1521 2512 oller
1535 2449 1580 2511 od
1593 2449 1745 2520 alterum.
1762 2456 1792 2511 ct

35 2547 100 2593 reru
116 2540 252 2609 superet.
936 2533 1108 2597 dicebant:
1133 2533 1283 2611 sanctus,
1300 2532 1450 2610 Sanctus,
1475 2532 1613 2595 Sanctus
1635 2531 1791 2594 Dominus

80 2614 242 2676 veniamus
257 2629 340 2676 nnnc
361 2615 397 2675 nd
414 2611 590 2692 dignitatem
605 2612 811 2692 Angelorum,
837 2631 887 2679 se·
928 2615 1250 2693 nomenniomen,
1273 2615 1374 2694 ptcnc
1388 2622 1433 2678 ιιι
1447 2615 1553 2681 omnis
1569 2621 1656 2678 terro
1680 2615 1788 2690 plorin

35 2696 170 2759 eundum
187 2697 325 2774 gretiam.
339 2695 417 2760 Vere
433 2696 462 2756 in
481 2698 538 2759 boe
553 2699 643 2758 etiem
660 2699 825 2762 minoratus
839 2703 887 2762 est
928 2697 1012 2765 eius.
1025 2698 1082 2762 llio
1096 2699 1185 2762 nudis
1201 2713 1312 2778 nomen
1329 2699 1502 2774 Seraphim,
1514 2698 1567 2777 qui
1582 2702 1655 2759 sunt
1675 2695 1790 2759 Princi-

34 2781 128 2841 bomo
144 2777 515 2858 piusquampsnlominns
529 2777 567 2838 eb
582 2779 883 2860 Angelisstquidem
928 2797 984 2856 pes
1008 2781 1143 2862 supremi
1159 2780 1287 2852 ordinis,
1304 2779 1389 2844 vides
1404 2781 1473 2844 ilios
1495 2782 1594 2842 velere
1611 2780 1732 2855 taciem,
1756 2785 1787 2842 et

39 2863 128 2924 initio
144 2865 225 2924 bens
240 2864 372 2942 Angelos
387 2862 525 2941 singulos
546 2859 586 2924 ιιι
601 2863 725 2939 ιιιιιιι,
742 2871 774 2928 ut
794 2865 885 2928 simul
928 2864 1046 2942 pedes,
1073 2866 1154 2940 pund
1171 2869 1218 2926 est
1231 2865 1352 2943 signum
1376 2863 1585 2940 reverentiae,
1612 2864 1700 2940 qussi
1724 2879 1786 2925 non

35 2947 66 3006 ιιι
83 2947 130 3008 ιιι
145 2949 293 3008 ιοιιιιιιιι
308 2951 467 3019 netursm,
494 2950 525 3006 el
539 2943 713 3008 iniundorel
732 2949 882 3026 grnliem,
929 2947 1078 3010 oederent
1091 2945 1203 3010 intueri
1219 2945 1339 3023 ieciem,
1354 2947 1402 3009 vel
1418 2953 1541 3026 tongere
1557 2947 1657 3008 nudos
1678 2947 1787 3023 pedes,

35 3035 67 3088 ut
82 3028 116 3089 S.
132 3027 324 3107 Augustinus
347 3033 471 3090 testetur
485 3026 515 3088 in
541 3027 629 3089 libris
653 3029 692 3092 de
718 3032 799 3092 civit.
817 3029 883 3094 liei.
927 3028 1154 3092 videseosdem
1180 3029 1304 3092 ossidue
1319 3029 1421 3092 volere
1445 3031 1519 3093 dnm
1544 3034 1678 3104 escunt,
1705 3029 1787 3106 quod

34 3110 154 3172 Deinde
171 3128 240 3173 mox
253 3116 285 3173 nt
296 3113 391 3190 prime
403 3109 606 3174 conversione
618 3111 729 3174 meniis
746 3115 775 3174 in
789 3112 884 3176 Deum
927 3111 1079 3188 signilloel
1093 3110 1235 3174 ellectum
1250 3117 1280 3174 ct
1295 3111 1482 3179 desiderium
1498 3126 1622 3188 semper
1634 3113 1730 3188 magis
1751 3127 1788 3172 ec

35 3195 77 3255 tib
94 3210 152 3268 per
167 3198 344 3258 oboriretem
370 3195 600 3269 edliseserunt,
628 3195 812 3260 cedentibus
838 3212 887 3258 re·
929 3196 1025 3272 magis
1040 3193 1263 3274 propinqnundi
1279 3195 1356 3271 Deo,
1381 3211 1457 3272 nune
1473 3196 1535 3257 duo
1556 3199 1628 3258 eunt
1644 3208 1785 3256 necesse-

38 3279 156 3353 probis,
172 3278 359 3340 beelirudinc
374 3285 404 3338 ιι
419 3277 513 3354 glorio
530 3276 666 3339 coronuli
679 3286 762 3342 ιιιιιι.
778 3278 885 3358 ltenue
930 3279 972 3338 ιιι
988 3275 1037 3346 ιιι,
1054 3278 1105 3355 oni
1122 3277 1245 3354 plaeere
1260 3277 1324 3341 Deo
1340 3277 1466 3351 volunt,
1494 3278 1565 3340 dum
1591 3276 1696 3338 leudes
1719 3275 1788 3338 eius

36 3359 246 3439 peregrinatio
263 3363 397 3439 ipsorum
413 3356 603 3432 brevissime,
617 3363 647 3421 el
659 3363 776 3424 mensio
792 3363 821 3424 in
836 3379 886 3440 pe·
929 3360 1102 3435 decantent,
1120 3367 1151 3422 ut
1166 3359 1454 3423 videlicetumorem
1471 3357 1734 3434 commoerentis,
1758 3366 1788 3420 ιι

34 3445 89 3504 trin
106 3447 293 3518 sempiterne
317 3441 393 3519 luit3
416 3442 442 3504 si
469 3450 568 3504 temen
596 3445 799 3522 peregrinulio
822 3446 884 3507 dici
927 3442 1124 3504 reverentiam
1140 3459 1209 3504 cum
1226 3459 1329 3506 emore
1356 3442 1554 3522 coniungent,
1580 3442 1663 3521 quod
1689 3441 1784 3502 etiem

35 3524 131 3586 debet
145 3525 324 3588 brevissime
340 3528 391 3588 iiie
409 3540 501 3597 more,
515 3536 594 3600 nune
609 3529 687 3588 inter
698 3530 888 3592 ereptionem
929 3525 1022 3592 beviti
1037 3524 1186 3602 Propheta
1202 3525 1448 3602 expressionum
1466 3530 1531 3588 eliz.
1549 3523 1669 3588 seruile
1682 3521 1789 3586 Douri-

34 3615 65 3668 et
79 3608 301 3672 beatitudinem
323 3608 508 3670 intercessit.
532 3605 592 3670 ilos
614 3615 713 3672 nutem
742 3609 885 3674 homines
927 3622 971 3672 rto
985 3607 1024 3672 in
1035 3609 1159 3683 timore,
1176 3609 1362 3673 clementiore
1377 3608 1408 3670 ιι·
1422 3623 1497 3672 cum
1511 3615 1659 3670 tremore.

34 3690 163 3769 gretiam
179 3693 304 3771 quidem
320 3708 389 3754 cum
407 3699 510 3752 netum
537 3693 567 3751 in
584 3691 738 3755 creatione
764 3695 885 3773 ucoepi·
968 3689 1047 3756 Hinc
1061 3692 1175 3768 disces,
1188 3693 1288 3754 enimn
1304 3708 1381 3766 mee,
1398 3698 1509 3769 quantu
1524 3687 1720 3753 veneratione
1743 3687 1788 3748 di·

36 3791 119 3849 mus,
136 3777 192 3836 sed
210 3791 239 3836 tn
255 3782 382 3853 parente
404 3776 513 3853 primo,
529 3787 591 3834 non
607 3775 636 3835 in
653 3775 755 3851 nobis,
771 3781 802 3838 el
815 3776 886 3840 ideo
932 3789 1013 3852 gnus
1027 3774 1067 3836 sii
1081 3772 1175 3849 Deus,
1199 3791 1268 3836 eum
1291 3775 1426 3853 supremi
1442 3773 1485 3834 iili
1501 3773 1660 3851 Principes
1684 3771 1784 3842 coeli,

35 3855 88 3916 illo
103 3857 235 3920 cedente
250 3873 359 3920 omnes
374 3856 556 3932 cecidimus3
573 3853 603 3919 in
620 3873 692 3934 quo,
710 3863 743 3922 ut
756 3858 886 3939 Aposlo·
929 3857 979 3934 nni
996 3871 1119 3935 semper
1133 3855 1280 3922 assistunt
1295 3858 1334 3932 ei,
1349 3867 1376 3918 ιι
1393 3871 1516 3934 semper
1530 3855 1639 3918 inciem
1655 3853 1723 3918 eius
1746 3852 1785 3914 vi·

34 3939 82 4000 lus
97 3940 245 4018 loquitur,
268 3957 378 4003 omnes
394 3945 607 4017 peccauerunt.
631 3945 770 4016 quemvis
785 3949 884 4007 eutem
928 3939 1014 4008 dent.
1032 3952 1133 4018 neque
1149 3955 1185 3999 ιιι
1203 3944 1259 4000 tom
1274 3940 1398 4003 excelso
1419 3939 1512 4014 gredo
1536 3952 1604 4014 suo,
1622 3950 1724 4014 neque
1749 3951 1785 3997 ex

35 4037 89 4095 per
105 4024 304 4085 mediatorem
319 4024 421 4087 beist
443 4023 599 4084 hominum
616 4019 766 4086 Christum
783 4024 883 4088 lesum
928 4027 988 4083 tem
1014 4021 1104 4101 longe
1134 4019 1334 4088 lumilierilste
1359 4024 1499 4086 timorem
1524 4037 1560 4082 oc
1586 4017 1787 4086 reverentiam

35 4105 338 4169 reconcilietisimus
350 4108 424 4169 beo:
439 4113 537 4169 temen
551 4105 791 4170 exiliodintnvno
802 4109 887 4174 dent·
928 4105 1084 4183 negligere
1100 4120 1242 4180 nmquem
1258 4106 1400 4178 undenos,
1433 4105 1506 4166 dnm
1523 4103 1631 4166 leudes
1652 4105 1722 4167 eins
1743 4102 1787 4166 di·

36 4191 97 4249 vieti
115 4205 236 4260 sumus,
254 4195 283 4251 ιι
299 4190 368 4252 dum
386 4207 492 4252 snmus
507 4192 537 4250 tn
554 4204 693 4266 corpore,
710 4190 886 4271 peregrinu-
929 4197 1014 4251 eunt.
1031 4188 1069 4250 Ει
1083 4190 1154 4262 puin
1171 4187 1376 4269 respondebis
1392 4197 1421 4249 tu
1439 4186 1550 4264 pulvis,
1568 4192 1597 4247 ιι
1612 4185 1692 4248 cinis
1717 4201 1786 4248 euni

35 4287 104 4332 mur
119 4288 136 4332 e
149 4271 289 4350 Domino,
304 4289 359 4350 per
372 4271 463 4334 fldem
477 4271 559 4334 enim
575 4271 812 4349 ambulemus,ct
824 4290 884 4336 oon
929 4270 959 4332 in
976 4271 1089 4335 iudicio
1104 4274 1242 4350 argueris
1253 4272 1291 4334 do
1307 4267 1521 4339 somnolentis.
1538 4268 1584 4332 vei
1600 4266 1787 4347 evogationi·

34 4369 90 4430 per
105 4357 257 4432 speciem,
271 4363 300 4418 et
315 4356 396 4435 quod
412 4357 480 4434 pios
495 4352 636 4418 homines
650 4358 681 4417 ιι
696 4359 820 4433 petrium
833 4358 884 4420 de·
929 4352 988 4417 bus
1003 4354 1032 4416 in
1056 4361 1114 4416 tem
1131 4357 1232 4416 divino
1247 4369 1360 4432 opere,
1384 4353 1421 4416 ed
1436 4352 1516 4433 quod
1533 4351 1623 4429 digne
1640 4367 1701 4414 non
1715 4367 1787 4414 eves

38 4436 215 4501 siderentee
232 4440 357 4502 multum
375 4439 543 4511 contristet,
570 4436 645 4498 iilud
662 4442 719 4510 est,
736 4441 817 4515 quod
840 4440 887 4501 in·
930 4442 963 4498 ut
977 4438 1204 4502 assumererisl
1224 4438 1310 4501 disee
1334 4437 1439 4500 sellem
1455 4435 1615 4512 deinceps,
1647 4439 1705 4496 inm
1723 4449 1785 4497 nra·

35 4525 81 4580 ιιι
96 4520 204 4584 hostes
218 4521 415 4586 saevissimos
440 4520 564 4584 iuterim
578 4536 743 4584 versemur.
758 4527 790 4584 et
803 4525 886 4602 peri·
930 4535 990 4599 guo
1007 4521 1150 4599 exemplo
1170 4520 1288 4589 edocte,
1302 4537 1370 4584 enm
1389 4521 1495 4582 timore
1513 4522 1542 4578 el
1553 4522 1698 4591 tremore,
1715 4533 1786 4579 conv

35 4603 140 4664 cuium
157 4610 224 4683 est,
252 4621 290 4668 ne
305 4605 344 4667 eb
358 4603 420 4666 illis
434 4602 632 4667 circumventi
646 4610 677 4666 ιι
690 4605 770 4682 cupii
785 4621 802 4668 n
817 4605 885 4669 dul·
927 4603 1091 4668 attentione
1106 4611 1135 4666 et
1147 4603 1382 4682 vigilentic,cunr
1398 4615 1501 4664 emove
1514 4604 1543 4662 ei
1554 4597 1708 4662 desiderio
1719 4599 1785 4662 Ιιιο

34 4685 179 4748 cissimce
196 4690 311 4766 petrino
332 4689 530 4767 possessione
549 4685 671 4750 leudem
694 4687 884 4752 excidemus.
930 4692 981 4750 tuo
1009 4685 1128 4748 debitus
1157 4685 1264 4750 leudes
1288 4687 1480 4766 hymnosque
1503 4682 1688 4760 persolvere.
1705 4682 1784 4745 Alte·

35 4768 113 4830 Hinc
129 4777 200 4830 sunt
215 4771 283 4834 illse
298 4787 409 4834 voces:
433 4770 501 4832 Heu
515 4768 609 4844 mibi,
633 4770 712 4849 perio
725 4770 885 4835 inmolatur
928 4785 995 4832 vum
1011 4767 1144 4831 officium
1158 4770 1341 4850 Angelorum
1364 4774 1411 4832 est
1431 4768 1585 4830 orationes
1611 4765 1783 4828 mortalium

35 4866 128 4912 mens
141 4854 351 4934 prolongatus
366 4859 431 4917 est:
453 4851 598 4916 babitans·
618 4868 692 4915 com
714 4851 886 4918 babilonii·
929 4849 1038 4914 oilerre
1055 4851 1116 4915 ileo
1129 4900 1139 4928 ,
1154 4867 1269 4931 eosque
1289 4868 1346 4914 suo
1362 4852 1451 4914 etiem
1466 4844 1611 4927 suffragio
1626 4862 1784 4910 commen·

35 4935 92 4996 bne
109 4933 229 4999 Gedor:
245 4939 382 5001 multum
395 4937 506 5000 incole
518 4935 580 5014 fuit
594 4937 709 4998 enimc
722 4951 807 5000 men.
824 4937 885 5000 Sed
930 4933 1015 5010 dere,
1031 4935 1077 4997 sic
1090 4936 1172 4998 enirn
1193 4937 1327 5013 loquitur
1347 4933 1482 5012 Angelus
1496 4930 1630 5009 ilepbnel
1655 4931 1686 4992 in
1702 4930 1781 4994 libro

35 5018 221 5089 cicumcisio
238 5022 294 5082 bec
318 5036 353 5082 ιι
375 5024 511 5082 minores
534 5018 661 5098 Angelis
685 5019 802 5082 simus:
828 5020 883 5082 liei
930 5017 1060 5079 Tobiae:
1088 5017 1223 5096 Quando
1238 5017 1354 5081 orobos
1370 5032 1443 5079 cum
1457 5012 1631 5092 lacrymis,
1655 5020 1785 5093 cleope·

35 5107 137 5162 tamen
151 5103 324 5182 benignitus
338 5103 529 5167 miritlcencs
545 5103 686 5168 inomines
698 5105 883 5173 consoletur,
929 5101 1026 5164 liebos
1033 5105 1217 5174 munivisset
1228 5099 1473 5180 derelinquebas
1482 5095 1662 5176 prunetum
1676 5102 1782 5170 tutem,

35 5189 97 5242 tum
114 5187 196 5262 qnod
212 5204 248 5249 ex
263 5203 375 5266 genere
389 5191 491 5249 nostro
507 5203 614 5258 unum,
631 5193 660 5247 ιι
676 5201 779 5261 unum,
797 5185 880 5248 chri·
929 5199 986 5262 epo
1001 5183 1101 5248 obtule·
1114 5184 1296 5248 orationem
1309 5189 1401 5247 tunm
1416 5181 1563 5250 Domino,
1575 5184 1606 5242 ιι
1618 5181 1647 5240 in
1659 5177 1780 5259 Apoca-

34 5272 128 5336 stnm.
145 5277 175 5330 et
189 5269 310 5332 uariam
325 5270 356 5334 in
372 5271 475 5348 lingue
497 5269 651 5331 coelorum
667 5267 810 5330 omnibns
826 5270 884 5330 An·
928 5267 1008 5348 lppsi
1023 5265 1098 5330 vidit
1121 5267 1252 5330 loannes
1267 5265 1417 5339 Angelum
1439 5266 1570 5326 stantem
1595 5269 1666 5326 ente
1687 5261 1782 5325 nitere

34 5351 114 5426 getis
130 5353 324 5430 anteposuit,
352 5364 414 5414 tum
430 5355 510 5430 quod
528 5368 587 5413 non
604 5367 719 5430 paucos
733 5367 770 5413 ιι
786 5351 884 5413 bomi—
927 5365 998 5412 cum
1011 5365 1102 5412 nureo
1117 5349 1284 5418 thuribulo.
1300 5349 1338 5410 Ει
1353 5347 1431 5410 doto
1444 5349 1537 5412 erunt.
1556 5347 1664 5423 inquit,
1682 5345 1713 5406 ιι·
1726 5347 1779 5408 ιιι-

34 5433 150 5509 nibus,
178 5437 314 5515 qvvnmvis
336 5435 462 5518 Angelis
476 5434 620 5497 omnibus
636 5441 758 5497 nuturse
775 5449 879 5495 mnne·
926 5447 1025 5498 censo
1037 5433 1159 5508 multo,
1182 5437 1219 5495 ιιι
1234 5433 1324 5495 duret
1339 5432 1379 5495 de
1393 5429 1571 5494 oratinibus
1586 5428 1780 5492 Somniorum

32 5519 119 5580 ribus
134 5519 295 5582 interiores
311 5567 318 5594 ‚
343 5522 424 5582 dono
439 5517 565 5596 gratioe,
581 5521 758 5597 superiores
780 5515 882 5580 multis
927 5517 1073 5579 omnium
1084 5531 1181 5594 super
1192 5516 1295 5578 ultore
1307 5529 1446 5578 aureum
1457 5517 1532 5576 onte
1546 5511 1698 5574 thronum
1708 5507 1777 5574 bes.

32 5601 161 5680 Angelis
177 5601 413 5672 esse‘volnerit,
440 5609 470 5665 et
495 5600 615 5676 sliquos
640 5602 727 5664 etiem
755 5602 884 5664 summis
929 5597 985 5660 liic
999 5613 1070 5661 vero
1083 5597 1271 5662 incredibilis
1296 5613 1421 5678 prorsus
1435 5598 1569 5659 cernitur
1591 5595 1777 5665 clementie,

32 5690 222 5766 aequaverit.
239 5686 327 5752 Certe
341 5705 367 5750 ι.
390 5685 522 5749 Ioannes
537 5685 770 5766 chrysostomus
792 5699 883 5764 expo*
931 5686 962 5745 ιι
975 5680 1181 5746 misericordie
1204 5681 1257 5745 Dei
1273 5679 1390 5758 nostri,
1418 5697 1477 5744 novi
1506 5675 1587 5742 enim
1612 5682 1775 5740 eoivlentus
