4054 6246
284 254 336 314 itt
1033 244 1148 306 Vallia

249 389 333 446 Anno
345 383 407 444 608.
423 390 483 452 post
502 377 648 450 ecclipsim
672 377 780 444 Lunae,
798 374 968 449 gravissima
980 376 1067 446 pestis
1150 375 1639 448 interLconemiVetBenadictum
1653 381 1977 462 iiidcgiturloanncs,
2000 422 2001 465 ι

214 457 338 533 grassari
352 455 443 526 coepit
457 457 487 512 in
500 453 586 522 Urbe,
600 463 675 534 quae
689 463 745 507 non
758 447 889 518 cessavit,
912 446 964 504 nisi
983 445 1066 530 altari
1114 447 1231 507 ieniina.

214 539 311 592 sancto
324 529 484 588 Sebastiano
498 527 617 594 Martyri
631 528 724 580 erecto
737 522 768 578 in
780 520 906 578 Ecclesia
918 527 1007 577 sancti
1018 521 1067 578 Pc-

214 605 301 664 tried
314 600 446 672 Vinguia.
461 598 565 657 Paulus
577 595 728 652 Diaconos.
1150 593 1278 652 Schisma
1290 592 1434 650 decimum
1447 605 1499 668 per
1511 591 1696 660 anasusinm
1709 603 1897 676 antipapam.

252 749 280 808 s.
294 745 428 808 liiiianus
441 741 596 802 Monachus
613 737 754 794 ilibernus
775 749 827 806 per
848 737 919 795 haec
940 740 1068 806 tempora
1149 739 1232 795 Anno
1244 737 1307 795 918.
1322 737 1379 794 heo
1393 711 1446 794 lV.
1468 737 1574 797 Urbem
1597 741 1754 804 Laeuinum
1777 749 1904 807 condidit
1929 749 1977 806 ad·

217 821 334 879 Francis
345 810 533 875 Orientalibus
544 809 718 881 evangelizat
737 807 841 880 iidem,
865 815 892 866 ct
903 821 1003 865 corum
1016 821 1066 878 ap·
1113 825 1213 869 versus
1228 810 1406 881 irruptiones
1419 809 1636 891 Saracenorum.
1653 815 1693 874 ila
1705 817 1826 876 Basilica
1838 819 1867 890 S.
1884 821 1976 894 Petri,

217 893 340 966 penam,
353 889 510 962 Apostolus.
1114 898 1187 953 uuae
1199 891 1283 940 extra
1296 882 1402 940 Urbem
1415 888 1486 954 erat,
1501 890 1577 956 intrp
1591 886 1695 946 Urbem
1707 903 1766 950 csse
1778 893 1881 964 caepit.

249 1039 333 1096 Anno
344 1033 406 1094 690.
419 1031 579 1092 celebratur
592 1025 722 1100 synodus
732 1023 904 1096 quinisexta,
918 1024 992 1106 undo
1001 1030 1068 1081 sunt
1149 1025 1259 1084 Nicoiai
1271 1025 1356 1097 primi
1368 1033 1494 1096 ternpore
1504 1027 1623 1099 Tyberis
1632 1045 1669 1090 ex
1678 1030 1817 1094 aiveosuo
1829 1051 1975 1110 egressus,

215 1103 502 1168 Canoncs'riullaiii:
527 1103 611 1174 quam
626 1099 701 1157 Beda
723 1097 824 1156 merito
845 1103 998 1180 erraticam
1019 1110 1067 1153 vo·
1112 1098 1155 1156 his
1170 1099 1273 1157 Urbem
1286 1097 1454 1170 gravissime
1468 1099 1581 1160 aiiliirit.

213 1191 269 1253 cat,
280 1190 307 1240 et
319 1196 336 1239 a
349 1180 449 1249 Sergio
462 1181 535 1247 Papa
548 1175 683 1232 relectam
693 1169 782 1228 luisse
792 1175 914 1227 testatur
927 1183 956 1224 in
970 1168 1021 1226 lili.
1033 1169 1067 1225 de
1828 1219 1830 1226 ,

212 1271 262 1314 scii
274 1253 422 1312 aetatibus.
1149 1242 1254 1302 Octava
1265 1243 1394 1316 Synodus
1404 1241 1874 1320 generalis,constantinopolitana
1884 1267 1976 1326 quar-

246 1377 253 1388 ,
1113 1321 1151 1386 ta,
1165 1324 1265 1373 contra
1281 1317 1413 1383 Photium
1427 1329 1478 1385 pro
1489 1324 1586 1376 sancto
1599 1317 1708 1390 ignatio
1718 1323 1884 1384 Patriarcha
1905 1327 1978 1384 Con·

248 1382 1066 1472 llichripertusrestituitAlpesCoctiasilochclcsiae.
1112 1387 1374 1460 stantinopoiitano.
1421 1463 1422 1466 Ἴ
1819 1413 1821 1420 v

215 1473 321 1534 Paulus
333 1471 484 1538 Diaconos,
498 1471 526 1523 et
540 1465 593 1520 Leo
606 1461 753 1518 Ostiensis.

722 1601 728 1614 Ι
819 1601 824 1612 ¹
958 1599 963 1612 Ι
1048 1600 1054 1612 ·
1107 1583 1109 1593 ,
1149 1529 1976 1616 iiistcmpnrihusagituraiiaSynodusConstantinopoli·

248 1605 571 1679 ConstantinoPontiiici
585 1601 855 1672 Constantinopolim
867 1599 1066 1684 proiiciscenti,
1112 1609 1179 1660 tana
1191 1619 1242 1675 pro
1257 1605 1434 1663 restitutione
1450 1604 1562 1676 i'hotii,
1582 1606 1613 1664 iii
1633 1622 1690 1678 qua
1712 1610 1764 1668 vix
1786 1612 1862 1670 credi
1881 1625 1978 1686 potest

213 1691 397 1752 Nicomediae
420 1684 576 1753 Imperator
589 1689 744 1734 occurrens
766 1679 929 1744 prostratus,
952 1671 1067 1742 publice
1112 1676 1493 1748 puantaimpudentianoti
1508 1676 1969 1748 falsaveritliterasiiomaniPon·
2009 1739 2010 1750 .

212 1765 297 1835 pedes
309 1758 501 1822 deosculatur.
516 1749 683 1812 Anastasius
695 1748 726 1804 in
739 1748 800 1804 vita
813 1745 982 1802 costantini.
1111 1747 1204 1829 illicis,
1218 1757 1246 1808 et
1261 1750 1374 1820 Legatos
1386 1747 1447 1808 eius
1468 1749 1622 1818 deceperit.
1643 1751 1715 1812 Vide
1738 1754 1867 1815 concilia
1879 1775 1967 1832 genc-
2009 1759 2010 1762 ’

981 1887 987 1900 ι
1111 1820 1582 1893 raliallomaecdita,aiinoldil.
2010 1832 2011 1862 l

248 1910 305 1967 Per
314 1910 385 1966 haec
395 1912 524 1974 tempora
533 1901 634 1968 regnet
645 1893 675 1949 in
688 1889 793 1962 anglia
801 1888 853 1944 lna
861 1889 1067 1961 hemicranio

213 1982 328 2039 Domini
344 1977 404 2036 lid.
417 1971 547 2044 Gregorii
562 1965 659 2036 tertii,
683 1962 725 2020 19.
739 1961 806 2019 iecit
827 1961 958 2032 Regnum
982 1975 1067 2018 suum
1147 1968 1209 2024 Post
1223 1963 1357 2023 Carnium
1371 1965 1503 2023 Crassum
1518 1979 1622 2034 magna
1634 1975 1676 2026 cst
1689 1977 1750 2028 orta
1763 1973 1925 2044 pertubatio
1938 1977 1973 2034 in
2011 1973 2012 2000 ¹

212 2053 350 2125 vectigale
362 2051 383 2108 Α
388 2046 541 2121 postolicac
553 2038 629 2096 sedi.
651 2034 816 2107 Polydorus.
1112 2037 1327 2111 impellendos
1339 2039 1417 2096 enim
1426 2038 1561 2092 creabant
1570 2041 1716 2114 Germani,
1729 2044 1798 2103 aiios
1808 2047 1881 2106 itali.
1893 2049 1970 2108 Vide

666 2111 668 2118 ’
731 2175 736 2186 ,
909 2174 916 2188 ,
1112 2109 1373 2169 tomumdccimum
1387 2108 1710 2172 incalcarultaron.

247 2200 304 2256 lioc
316 2209 391 2254 anno
403 2185 523 2258 contigit
534 2179 681 2240 inundatio
704 2175 815 2260 Tiberis
838 2189 975 2234 maxima.
996 2177 1067 2235 item
1267 2197 1271 2204 ι

212 2269 378 2330 admiranda
396 2263 513 2322 visiode
525 2257 626 2328 poenis
645 2250 816 2336 Purgatorii,
830 2255 857 2306 ct
879 2249 999 2320 interni,
1019 2265 1067 2307 cu·
1150 2254 1278 2312 schisma
1298 2253 1483 2312 undecimum
1506 2253 1600 2325 Sergii
1612 2253 1771 2330 antipapae
1783 2270 1884 2322 contra
1904 2265 1979 2323 For·

212 2345 323 2402 iusdam
336 2341 385 2412 oui
399 2351 416 2393 a
429 2332 547 2392 mortuis
559 2331 696 2393 surrent,
715 2328 744 2377 et
755 2329 863 2404 scripta
883 2328 924 2376 est
936 2322 998 2404 as.
1014 2322 1065 2378 llo·
1113 2341 1235 2386 mosum.

213 2416 319 2473 niiacio
332 2412 483 2482 Episcopo,
496 2411 523 2460 et
534 2405 672 2470 martyre,
686 2397 717 2453 ill
727 2393 852 2479 Epistola
862 2407 949 2463 quam
960 2400 1068 2466 integro

213 2489 293 2560 ponit
305 2485 390 2542 Card.
405 2475 546 2538 Baronius
561 2473 590 2529 in
604 2478 679 2528 tomo
694 2463 849 2524 hnniiium
860 2466 887 2523 9.
1148 2473 1299 2530 Formosus
1317 2473 1393 2542 Papa
1404 2469 1533 2530 doctrina
1552 2477 1580 2529 ct
1599 2471 1745 2534 sanctitate
1764 2474 1884 2550 insignis
1903 2481 1971 2552 luit,

1114 2544 1253 2615 quicquid
1270 2543 1358 2614 aliqui
1379 2543 1483 2604 dicant.
1506 2545 1536 2600 ld
1557 2551 1678 2606 testatur
1700 2548 1906 2632 luitprandus,
1921 2555 1973 2624 qui

248 2631 353 2689 Rachis
366 2641 431 2685 cum
454 2631 486 2680 ut
505 2617 592 2678 hostis
613 2624 713 2674 contra
736 2611 889 2696 licciesiam
911 2613 1069 2671 ilomanain
1114 2631 1147 2672 ec
1161 2625 1286 2686 mmpore
1307 2615 1404 2684 vixit3
1434 2622 1461 2672 et
1479 2631 1516 2672 ex
1536 2619 1670 2687 operibus
1688 2619 1749 2677 eius
1768 2623 1796 2678 id
1816 2623 1909 2695 ipsum
1927 2629 1976 2684 de-

213 2712 341 2764 armatus
359 2699 481 2759 veniret:
496 2709 513 2750 a
526 2691 663 2750 zacharia
676 2687 810 2746 Pontihce
831 2699 890 2742 non
910 2685 999 2744 solum
1014 2683 1071 2754 pia·
1115 2697 1240 2746 monsrat
1261 2687 1347 2746 Card.
1373 2688 1516 2746 Beronius
1538 2695 1612 2747 tomo
1635 2692 1677 2749 l0.
1703 2692 1878 2755 Annalium:
1898 2700 1978 2770 quod

213 2784 293 2834 catus
303 2781 355 2845 est,
365 2773 413 2830 sed
423 2769 508 2827 ctiam
520 2766 559 2822 ita
569 2767 758 2833 permotus,m
768 2759 924 2816 Monachus
935 2761 965 2816 iu
975 2765 1070 2814 monte
1114 2768 1211 2819 autern
1243 2760 1274 2816 in
1305 2761 1367 2818 citis
1394 2759 1560 2818 memoriam
1585 2763 1715 2834 peccavit
1744 2780 1781 2823 cii
1810 2767 1975 2840 ignorantia

213 2851 317 2906 Casino
327 2851 440 2904 sanctus
451 2837 547 2898 suern,
1114 2845 1259 2962 {iffiscr
1269 2832 1333 2891 cius
1343 2833 1505 2902 Stephanus
1515 2833 1578 2890 Vil.
1590 2837 1760 2896 reformavit
1778 2847 1875 2910 postea
1895 2841 1978 2900 ioan·

1152 3017 1228 3076 Ordo
1240 3017 1449 3078 Cluniacensis.

949 3193 954 3206 ,
1149 3133 1233 3190 Anno
1246 3133 1308 3193 925.
1323 3135 1400 3206 apud
1413 3135 1573 3196 cordubam
1586 3137 1778 3196 nobilissimus
1789 3144 1817 3198 ct
1828 3140 1975 3198 formosis·

252 3204 382 3264 Schisma
403 3211 536 3262 octavum
557 3212 610 3270 per
631 3195 875 3268 Theophylactum
888 3193 1070 3266 Antipapam.
1114 3203 1204 3263 simus
1217 3219 1289 3276 puer
1302 3217 1414 3264 sanctus
1428 3209 1568 3284 Pelagius,
1583 3225 1723 3268 annorum
1737 3212 1899 3284 tredecim,
1923 3228 1977 3284 pro

581 3346 587 3358 ·
1115 3277 1168 3334 ilde
1181 3286 1208 3335 et
1221 3281 1348 3337 castitate
1362 3279 1474 3338 iortiter
1486 3296 1627 3355 pugnans,
1652 3281 1847 3340 crudelissimo
1865 3287 1977 3356 suppil-

249 3351 453 3409 constantinus
464 3349 640 3420 Copronicus
655 3359 722 3404 cuin
744 3354 906 3428 moreretur
919 3343 1069 3417 clamabat,
1115 3349 1159 3407 cio
1174 3350 1345 3409 interficitur
1357 3367 1374 3408 a
1387 3352 1461 3423 llege
1476 3355 1624 3427 iirabuin,
1652 3354 1885 3428 habdarragman
1901 3359 1975 3416 Vide

214 3423 321 3483 Vivens
338 3424 432 3550 adhuc
447 3422 508 3493 igni
517 3435 581 3478 sum
596 3419 809 3490 inextinguibili
823 3419 954 3475 traditus.
968 3417 1070 3475 Cedrc·
1114 3423 1303 3492 appendicem
1315 3425 1350 3481 ad
1364 3423 1526 3495 Eulogium.

211 3497 379 3554 nusetaii.
1609 3507 1611 3514 “

248 3567 361 3639 Noteut,
376 3572 403 3624 et
417 3566 554 3624 horreant
567 3563 656 3622 nostri
670 3561 805 3632 temporis
818 3561 1011 3618 iconomachi.
1151 3566 1234 3648 huno
1246 3567 1309 3628 998.
1325 3567 1443 3626 Sanctus
1465 3569 1637 3627 Vencesiaus
1659 3569 1812 3628 bohemiae
1835 3570 1976 3644 Princeps

727 3706 733 3718 ,
895 3703 901 3714 ,
1114 3647 1238 3708 optimus
1250 3653 1267 3695 a
1282 3641 1397 3711 proprio
1411 3641 1508 3700 Fratre
1521 3649 1639 3699 necatus
1657 3641 1732 3702 inter
1744 3649 1856 3701 sanctos
1868 3643 1978 3720 Marty-

245 3713 359 3772 Primus
371 3710 527 3783 Episcopus
540 3712 623 3769 datus
634 3705 794 3789 Venetisab
816 3705 958 3764 Hadriano
971 3705 1068 3776 Papa,
1113 3725 1159 3768 res
1171 3718 1349 3771 numeratur.

212 3789 362 3845 annulli.
377 3783 507 3842 oneliatu
518 3783 644 3840 nomino.
659 3777 819 3838 Sabellicus
834 3779 909 3836 iinn.
924 3777 950 3834 8.
965 3776 990 3833 1.
1005 3775 1031 3833 8.

248 2989 306 3046 iloc
319 3001 393 3044 anno
407 2984 535 3055 Pepinus
558 2976 727 3036 auctoritate
749 2973 893 3034 Pontiilcis
916 2973 1071 3034 zachariae

213 3061 275 3121 Reii
288 3063 464 3118 Francorum
477 3054 610 3112 allicitur.

1150 3854 1308 3914 1ιιιιο970.
1324 3855 1461 3928 ilamirus
1473 3858 1536 3916 Rex
1548 3857 1729 3929 legionensis
1742 3858 1914 3917 lenissimus
1926 3861 1976 3917 Sa·

248 3935 332 3992 Anno
344 3935 404 3992 771.
419 3932 535 3992 Carolus
548 3934 609 3992 ilex
622 3935 799 3991 Francorum
822 3931 949 4003 singulos
966 3932 1070 4001 gradus
1115 3942 1231 3987 racenos
1243 3928 1278 3984 ad
1291 3929 1514 4011 internecionem
1524 3929 1639 4002 delevit,
1651 3930 1761 4001 praelio
1775 3929 1882 4003 ingenti
1895 3935 1978 4003 apud

212 4007 351 4064 scalarum
366 4006 504 4064 Basilicas
517 4007 545 4063 S.
568 4006 640 4063 i'etri
654 4005 820 4062 deosculans
842 4005 879 4061 ad
901 4003 1068 4060 Pontificem
1114 4000 1253 4058 'ialavcra
1266 4011 1424 4058 commisso.

213 4081 348 4146 ascendit,
372 4079 421 4151 qui
443 4094 510 4140 eum
523 4080 554 4136 in
566 4079 641 4136 atrio
667 4091 754 4148 super
771 4077 878 4148 gradus
891 4075 1068 4147 expectabat.

214 4153 313 4210 ,anast
1149 4145 1207 4202 line
1220 4159 1296 4202 anno
1309 4145 1380 4202 Otho
1394 4144 1505 4216 primus
1517 4151 1679 4204 coronatur:
1694 4145 1756 4205 ideo
1768 4145 1806 4204 ab
1824 4147 1878 4204 iioc
1897 4163 1976 4208 anuo

550 4225 554 4238 ’
1116 4219 1201 4276 multi
1215 4225 1368 4276 numerant
1381 4232 1470 4276 annos
1483 4219 1598 4290 imperii
1613 4219 1712 4290 ipsius.
1760 4269 1763 4281 .

257 4287 382 4358 Septima
394 4288 524 4359 synodus
534 4287 686 4359 generalis,
699 4286 807 4346 Nicena
818 4290 953 4348 secunda.

784 4430 789 4442 Ι
901 4427 908 4442 .
932 4427 938 4440 ι
1151 4361 1278 4420 Schisma
1291 4361 1491 4420 duodecimum
1503 4361 1578 4424 intcr
1591 4362 1725 4437 Leonem,
1734 4370 1763 4422 et
1776 4362 1974 4437 Benedictmii,

248 4437 332 4493 Anno
344 4437 405 4493 791.
422 4449 517 4492 mense
530 4432 678 4491 Decembri
692 4433 821 4492 inaudita
832 4435 952 4499 contigit
964 4428 1069 4512 Romae
1114 4443 1142 4492 et
1154 4435 1291 4494 loannem
1305 4434 1518 4494 duodecimum,

212 4508 361 4566 inundatio
373 4508 491 4579 Tyberis
504 4520 521 4562 a
533 4508 621 4563 Ponte
643 4504 739 4564 llilvio
752 4517 839 4574 usquc
858 4502 894 4558 ad
908 4503 1026 4558 Pontein
1039 4505 1067 4558 S.

212 4582 301 4652 Petri,
315 4588 347 4637 ut
359 4581 445 4639 etiam
469 4592 556 4650 supra
577 4591 672 4636 muros
697 4577 778 4636 Urbis
798 4588 874 4647 aqua
895 4574 1067 4633 elevaretur.
1151 4579 1206 4636 Leo
1216 4585 1332 4636 octavus
1345 4575 1429 4644 initio,
1440 4593 1497 4637 non
1511 4579 1565 4636 init
1578 4577 1723 4650 legitimus
1737 4577 1886 4639 Pontifex:
1901 4583 1974 4652 quia

211 4652 384 4712 Anastasius.
1113 4659 1227 4709 creatus
1240 4652 1296 4710 luit
1307 4651 1342 4708 ab
1356 4651 1539 4722 imperatore,
1552 4652 1654 4710 loannc
1674 4653 1717 4710 11.
1732 4651 1826 4710 adhuc
1838 4653 1969 4712 vivente.

346 4727 348 4737 ·
914 4791 919 4803 Ι
1114 4723 1167 4780 sul
1179 4731 1292 4781 mortno
1305 4725 1442 4794 iohanne,
1453 4731 1480 4781 et
1491 4723 1642 4782 abdicante
1655 4738 1684 4782 se
1700 4723 1864 4798 Benedicto,
1878 4726 1975 4796 coepit

249 4796 304 4855 Leo
318 4797 391 4868 Papa
405 4799 507 4855 tertius
518 4796 653 4854 transient
675 4792 834 4865 imperium
846 4788 1034 4874 ¹Occide-utlaio
1052 4803 1070 4874 a
1114 4809 1173 4853 csse
1187 4794 1330 4867 legitimus
1339 4811 1348 4865 ;
1369 4796 1416 4853 scd
1429 4810 1487 4855 non
1499 4797 1549 4854 diu
1561 4795 1731 4866 supervixit.

211 4870 325 4927 Graecis
334 4870 370 4926 ad
381 4871 503 4926 Francos
513 4882 589 4926 anno
598 4866 663 4923 990.
671 4868 701 4924 1ιι
711 4868 757 4926 die
767 4863 867 4923 natalis
880 4865 1004 4932 Domini,
1016 4877 1066 4933 qui

211 4955 304 4998 annus
316 4941 352 4998 ah
363 4941 428 4998 aliis
440 4942 547 5000 dicitur
560 4939 623 4997 891.
638 4940 707 5010 quia
719 4953 737 4996 a
750 4935 839 4996 natali
854 4936 968 4994 Domini
980 4949 1068 4994 anuos
1149 4938 1220 4998 Vide
1233 4939 1361 4998 seculum
1374 4938 1495 5013 iniciis,
1516 4942 1547 4998 in
1560 4955 1615 5011 uuo
1628 4939 1700 4998 nulii
1721 4939 1880 5012 Scriptores
1903 4939 1972 4998 iiiu-

212 5018 374 5070 numerant.
1112 5019 1194 5140 egres,
1208 5011 1289 5069 nulia
1303 5013 1439 5080 coucilia,
1454 5013 1604 5071 Pontiiices
1616 5026 1720 5085 parum
1733 5010 1846 5070 solliciti
1860 5011 1893 5069 dc
1907 5027 1972 5081 rep.

575 5147 580 5158 ,
1135 5085 1170 5141 ed
1180 5086 1279 5142 divina
1291 5085 1471 5155 providentia
1481 5086 1559 5158 iecit,
1567 5093 1598 5143 ut
1607 5084 1702 5143 nullae
1710 5091 1863 5156 surgerent
1874 5085 1976 5142 haere·

245 5148 330 5205 huno
353 5146 412 5205 797.
439 5149 638 5204 Constantinus
657 5145 815 5216 imperator
832 5143 867 5201 ali
885 5143 967 5210 irene
978 5150 1069 5201 matre
1114 5171 1157 5215 505
1170 5171 1271 5215 novae,

211 5226 379 5278 excaecatus
391 5226 449 5276 cst:
471 5227 500 5276 ct
513 5219 558 5276 Sol
572 5217 697 5276 mirabili
710 5217 853 5290 prodigio,
868 5217 995 5288 peruios
1008 5228 1069 5285 sep·

211 5292 361 5350 leffldessiffl
373 5291 539 5348 obscuratus
551 5293 666 5348 mansii·
1152 5299 1225 5357 Otho
1237 5300 1290 5358 111.
1305 5306 1466 5370 accusatus,
1487 5301 1561 5370 quod
1575 5303 1755 5360 innocentem
1773 5298 1913 5358 Comitem
1927 5315 1975 5357 oc·

248 5401 496 5460 schepannim
509 5416 561 5472 rer
574 5401 926 5474 annunciatum.
1115 5370 1805 5515 iliiiiil‘illihlillililllh‘lthli
1818 5372 1975 5504 lilii:

246 5517 422 5589 Theophilus
434 5517 516 5576 Balbi
531 5533 676 5577 successor
689 5517 914 5589 persecutionem
927 5515 958 5574 in
967 5514 1070 5576 Catho·
1115 5521 1176 5573 ‘tem
1188 5517 1378 5574 castissimum
1391 5517 1584 5578 sollicitasset:
1604 5527 1719 5588 paratus
1738 5526 1799 5578 erat
1808 5525 1836 5577 ct
1855 5518 1914 5589 ipsc
1927 5533 1976 5574 oc·

211 5589 281 5647 ileos
291 5591 444 5662 continuit,
459 5592 494 5649 oli
507 5592 615 5650 cultum
627 5605 774 5649 sacrarum
788 5589 955 5660 imaginum.
1118 5588 1187 5662 cidi,
1198 5589 1253 5649 nisi
1263 5603 1397 5662 proceres
1406 5589 1660 5664 impeditissimum
1674 5591 1847 5664 impudicam
1856 5604 1890 5649 ac
1899 5589 1976 5648 iniu-
