4044 6256
251 265 306 328 dte
906 265 986 328 vtrl
1004 265 1034 330 S.
1053 263 1205 326 cestdtttt

179 397 283 464 medlo
299 397 430 477 tolleret,
447 397 526 464 ullos
547 412 637 464 roras
659 396 780 462 cannu
801 396 901 462 noima
917 404 948 466 et
962 399 1024 482 spi·
1068 402 1168 470 sirnus
1183 399 1403 478 intellexisset,
1419 414 1549 480 eumque
1570 403 1628 464 iarn
1652 398 1884 484 prodigiosam
1909 397 1955 462 ri·

178 483 239 548 ritu
255 482 398 565 privaret:
416 481 494 546 altos
508 482 644 563 denique
666 485 698 545 in
715 481 916 548 miserrimam
931 486 1025 550 serri-
1070 487 1195 552 ctorinrn
1213 485 1265 549 uni
1285 489 1354 566 pust
1367 483 1463 548 Deum
1480 482 1625 548 Casimtro
1646 485 1685 548 alr
1701 486 1864 548 omnibus
1890 486 1954 562 qui

180 570 277 632 tutem
292 565 571 632 erudelishostiuru
588 565 759 639 barbaries,
776 566 944 632 elbarbara
958 585 1026 634 cru·
1069 569 1114 633 rei
1130 571 1307 639 intererant,
1331 568 1463 632 adscribi
1486 565 1634 642 vidisset,
1658 576 1798 632 caeteras
1818 569 1952 642 ettam,

179 649 303 728 delites,
328 651 407 716 mule
428 651 515 732 prius
537 651 709 726 mulctatos,
733 650 911 716 abducerer.
934 651 1026 720 iltsce
1071 651 1630 734 uuasatttsdirersisinlucts,eudem
1644 657 1798 730 tempore,
1814 651 1953 730 exigno

182 734 277 800 rebus
292 733 513 798 animadversis
528 748 545 797 e
562 733 737 798 lithuaniua
759 734 930 813 nobilitate,
948 752 1025 802 non·
1071 738 1187 815 unique
1210 735 1307 800 milite
1326 734 1467 799 victorias
1490 739 1688 813 reportasset,
1713 733 1811 799 laruri
1829 740 1864 798 et
1886 749 1950 812 pa·

181 815 261 882 nolil
286 817 399 897 patriae
425 817 541 881 cladem
570 817 728 896 miserati;
753 835 966 898 quoscumque
986 835 1025 884 eo
1071 823 1200 884 troctnio
1215 820 1354 884 eiusdem
1370 819 1466 882 suncti
1482 815 1620 882 cnsimiri
1644 823 1785 898 acceptas
1800 816 1949 882 referre

178 905 319 982 ternpore
342 909 399 966 tam
416 899 532 964 difficili
547 905 696 980 poterant,
714 904 910 977 conueniunt,
927 919 1025 986 seque
1071 901 1197 967 minime
1212 901 1370 968 dubitarit.
1386 900 1484 978 Quare
1506 902 1537 964 in
1559 901 1725 980 gratiarum
1748 902 1943 978 audonem,

179 983 218 1050 od
234 1001 317 1048 erana
333 983 495 1060 sumendo,
512 985 690 1061 patriosque
705 983 797 1060 lares,
821 992 852 1050 ct
870 985 967 1062 tucos,
983 991 1025 1050 et·
1071 1002 1103 1050 re
1118 985 1218 1052 diuina
1241 983 1402 1060 intemplo
1425 984 1555 1048 solemni
1579 985 1637 1047 ritu
1666 990 1841 1062 procurata,
1859 985 1948 1048 Rex

178 1065 240 1132 inm
257 1084 327 1131 cunr
344 1067 421 1132 ritae
442 1066 621 1132 discrimine
642 1069 784 1132 tutandos
804 1067 935 1132 inuicem
950 1072 1027 1134 inui-
1070 1071 1204 1149 optimus
1219 1069 1300 1134 nullo
1318 1069 1474 1132 interiecta
1498 1084 1579 1132 mora
1601 1068 1638 1130 ad
1654 1067 1824 1132 Romanurn
1841 1066 1947 1131 Pon·
1990 1083 1991 1102 ³

182 1155 257 1216 unt.
275 1151 371 1230 etque
394 1151 530 1232 paucitas
552 1151 675 1230 quidam
692 1166 829 1230 suorum,
846 1159 876 1216 et
892 1152 1025 1216 hostium
1069 1151 1181 1217 tidoem
1203 1151 1387 1232 legationem
1410 1151 1582 1224 destinarit,
1599 1165 1701 1214 curam
1725 1159 1757 1214 ot
1774 1152 1816 1214 de
1833 1149 1938 1212 Gasi-

180 1235 342 1299 orulitindu
358 1233 498 1299 nonnihit
521 1235 670 1315 quosdorn
692 1235 779 1298 initio
801 1241 847 1298 est
861 1242 1025 1300 remorata.
1071 1236 1147 1299 miro
1173 1236 1203 1300 in
1230 1235 1371 1300 Diuorum
1397 1250 1557 1298 nrrrnerum
1584 1235 1763 1298 assiscendo
1790 1233 1939 1305 subeat,

179 1317 217 1382 At
232 1318 286 1382 ubl
302 1321 448 1382 memoria
464 1322 650 1396 repeterent,
673 1320 857 1396 quod-annu
872 1319 1024 1398 superiori
1070 1320 1215 1383 omnibus
1240 1319 1340 1382 modis
1366 1316 1692 1384 contenderemus
1718 1317 1943 1398 aequissimis

179 1400 254 1466 ilino
270 1399 418 1467 casimiro
439 1402 517 1465 duce
538 1401 711 1466 subsidium
733 1402 878 1466 diuinitus
899 1403 956 1465 sub
971 1402 1027 1467 Pu·
1070 1403 1161 1483 Regis
1183 1401 1416 1467 catholicissimi
1445 1399 1627 1479 postulatis,
1651 1418 1710 1464 non
1734 1401 1856 1465 inritos
1875 1417 1944 1462 an·

181 1483 261 1549 luein
288 1484 406 1565 experri
430 1484 561 1563 lucrant3
589 1485 727 1550 eiusdem
753 1486 922 1565 patrocinio
943 1485 1024 1565 ireti,
1072 1487 1147 1557 nuit.
1163 1501 1292 1564 remque
1307 1485 1425 1549 lloncio
1439 1483 1613 1565 lpusruttcu
1627 1483 1658 1548 ln
1672 1483 1834 1548 Pulontnm
1851 1481 1941 1545 mis·

182 1568 251 1632 eius
265 1584 356 1650 opem
372 1583 480 1633 ornnes
495 1568 671 1648 implorare,
689 1569 771 1647 quod
787 1567 914 1649 segnius
928 1567 1026 1632 hono·
1070 1586 1118 1643 so,
1135 1572 1256 1650 ipsique
1277 1566 1517 1648 Archiepiscopo
1538 1567 1734 1642 coesnensi,
1757 1567 1874 1630 loanni
1903 1571 1941 1629 et

183 1667 248 1716 rem
263 1650 363 1734 ipsios
378 1658 550 1727 curassent,
573 1668 754 1733 agnoscere,
778 1653 898 1732 culpam
915 1653 1025 1731 depre·
1069 1652 1270 1717 Pusnanicnsl
1297 1650 1451 1726 antistiti,
1479 1649 1578 1732 Regni
1600 1650 1849 1715 Proconeellario
1875 1650 1939 1714 de·

183 1733 259 1814 aari3
275 1751 310 1800 so
324 1736 350 1800 si
367 1735 413 1799 eis
429 1736 488 1800 hou
503 1742 641 1815 ternpore
660 1735 773 1800 auxilio
795 1735 913 1800 tuturus
929 1741 1024 1810 esset,
1070 1735 1295 1816 mandarit,qui
1309 1736 1382 1799 mira
1396 1734 1496 1798 omnio
1510 1749 1602 1812 opera
1616 1733 1830 1798 orrtcasimtrr
1847 1740 1936 1796 nutu

184 1817 253 1883 eius
268 1818 396 1893 nullom,
413 1821 640 1899 caelestemque
655 1821 804 1882 honorem
821 1820 900 1899 apud
916 1819 1024 1883 sedem
1070 1826 1182 1899 patrata
1199 1819 1365 1898 diligenter
1379 1817 1615 1898 induisireront‚
1632 1818 1777 1898 inquisita
1794 1815 1862 1880 cde
1881 1817 1933 1878 di·

179 1901 388 1982 Apostolicam
413 1902 575 1984 diligenter
600 1906 834 1985 procuraturos,
859 1902 1024 1982 spondere.
1070 1904 1140 1984 gnis
1157 1902 1288 1967 testibus
1301 1901 1625 1980 stabiliverunt,atque
1639 1900 1833 1964 slusiahilita
1848 1901 1936 1963 l‘on·

178 1983 240 2049 Nec
256 1984 338 2051 irrita
351 1985 493 2050 cecidere
506 1994 584 2063 rota,
598 2004 666 2049 nam
680 1993 781 2050 tantus
793 1984 894 2050 subito
906 1987 1025 2050 animos
1069 1985 1119 2050 dui
1133 1986 1261 2051 Marino
1276 1985 1368 2048 Leoni
1384 1985 1423 2050 li.
1447 1999 1527 2047 annu
1550 1983 1713 2047 millesimo
1736 1985 1933 2064 quingente·

180 2069 318 2132 omniurn
334 2069 371 2132 ad
387 2085 507 2150 pugnos
521 2069 649 2134 incessit
670 2069 772 2144 ardor,
789 2073 822 2133 ut
836 2084 927 2132 nemo
942 2075 1027 2133 esset
1070 2071 1149 2134 simo
1165 2070 1310 2134 rteesinro
1325 2068 1571 2133 transmiserunt.
1586 2066 1703 2142 Quibus
1718 2066 1862 2132 Ponttlex
1876 2083 1931 2130 se·

178 2151 230 2232 qul
247 2151 442 2217 semermium
459 2159 589 2230 putaret,
606 2154 668 2216 duo
684 2155 790 2228 rnillla,
807 2151 875 2234 (tot
890 2154 971 2216 enirn
988 2170 1026 2215 ex
1070 2155 1174 2232 quenti
1202 2169 1282 2216 anno
1303 2152 1334 2214 in
1357 2151 1581 2233 Angustissimo
1603 2158 1842 2230 purpuratorum
1869 2150 1930 2213 Pa·

178 2234 339 2300 Lithunuis
362 2234 519 2300 nobilibus
534 2234 764 2319 conuenerunt)
779 2236 923 2300 adsersus
939 2252 1026 2300 seru·
1071 2245 1149 2301 trum
1162 2251 1325 2309 consessu,
1339 2232 1633 2317 dittgenterrerisis,
1646 2235 1843 2305 examinatis,
1861 2239 1931 2296 tan·

179 2319 263 2398 ginta
280 2320 373 2383 millia
390 2319 522 2384 hostiurn
538 2320 686 2384 obiicere.
702 2319 809 2397 Itaque
824 2319 945 2400 signum
962 2336 1026 2383 uer·
1070 2320 1204 2400 demque
1225 2318 1414 2398 approbatts3
1439 2318 1543 2381 Dirum
1559 2315 1740 2380 casimirum
1763 2317 1795 2379 in
1812 2334 1929 2381 nume·

180 2399 301 2466 laminis
316 2404 428 2480 editur,
441 2402 583 2468 lithuani
594 2403 663 2482 Dei,
678 2403 805 2484 [licique
818 2401 956 2468 casimiri
971 2419 1027 2466 nu·
1069 2420 1136 2466 rum
1153 2405 1332 2468 Sanctorum
1348 2403 1524 2481 adscripsit,
1541 2417 1632 2482 qoem
1649 2407 1755 2477 postea
1773 2399 1922 2465 clemens

180 2488 263 2552 mine
287 2485 412 2566 saepius
438 2487 637 2567 ingeminato,
665 2503 798 2568 pugnem
824 2487 941 2550 ineunt.
962 2486 1025 2550 Nec
1069 2486 1149 2567 Papa
1165 2483 1295 2552 Octavus
1310 2500 1365 2566 per
1380 2483 1629 2548 totumPoloniae
1642 2485 1795 2564 Regnum,
1811 2493 1837 2546 et
1854 2501 1921 2546 rna·

179 2585 274 2648 mora,
292 2576 324 2634 ut
340 2568 471 2649 prinlum
487 2569 517 2634 in
536 2571 640 2634 hostes
653 2571 749 2634 nostri
762 2572 924 2644 irruerunt,
938 2568 1026 2633 adest
1069 2588 1163 2650 gnurn
1180 2569 1359 2634 Liiirunnioe
1376 2569 1535 2646 Donatum,
1558 2567 1696 2648 eliasque
1718 2583 1827 2630 omnes
1840 2567 1922 2630 Pru·

179 2649 359 2731 dastmirus,
375 2653 504 2736 suisque
519 2653 584 2717 lior
599 2655 708 2727 laotos,
724 2653 1023 2732 ctrirehistratcgus,
1070 2653 1187 2718 rinuias
1202 2655 1339 2734 ipsorum
1362 2650 1470 2716 ditioni
1483 2649 1651 2728 subiectas,
1669 2651 1805 2731 duplicis
1821 2649 1925 2716 cilicii
1990 2725 1991 2728 Ἴ

178 2735 209 2800 in
225 2752 308 2810 nera,
333 2737 443 2800 eodem
469 2754 530 2815 quo
555 2752 637 2802 anno
658 2738 830 2815 superiore,
853 2743 884 2801 et
898 2737 971 2810 oris,
996 2739 1026 2800 et
1070 2738 1142 2816 ritu,
1158 2738 1197 2799 alr
1212 2735 1357 2800 omnibus
1373 2735 1508 2814 publice,
1526 2733 1725 2814 priuatimque
1738 2733 1812 2808 cuti,
1830 2740 1863 2798 et
1877 2751 1928 2797 ce·

178 2821 318 2899 corporis
344 2820 449 2883 habitu
475 2819 619 2885 sublimis
644 2818 1026 2898 consulumconsulur
1069 2821 1198 2888 lebrari.
1226 2835 1306 2882 nnnu
1334 2819 1498 2882 millesimo
1523 2817 1747 2882 sexcentesimo
1774 2819 1923 2881 secundo

180 2903 259 2966 douo
274 2901 439 2979 Litlruoni,
463 2905 634 2982 acriterque
657 2903 817 2967 caedendo
840 2904 957 2980 hostes,
975 2918 1024 2966 nr·
1069 2903 1233 2978 concessit,
1252 2910 1283 2967 ul
1298 2901 1388 2967 latios
1409 2903 1439 2965 in
1456 2899 1542 2966 Brevi
1557 2901 1733 2978 Apostoliuo
1756 2899 1797 2965 de
1813 2902 1876 2964 trau
1894 2917 1925 2965 re

178 2992 263 3062 gent,
278 2985 467 3064 instantque.
481 2985 586 3064 daune
602 2985 654 3050 diu
669 2987 794 3051 adrersa
812 3002 882 3066 pars
893 2985 1024 3051 diuinam
1070 2986 1247 3050 authentice
1272 2986 1419 3065 prolecto,
1447 2985 1520 3048 licei
1544 2984 1659 3047 ridere.
1684 2982 1768 3048 llaec
1795 2985 1837 3046 de
1866 2989 1921 3048 rin

179 3067 331 3151 Indigetis
351 3068 491 3134 thlruani
513 3071 584 3144 rim,
607 3074 639 3133 ct
658 3086 773 3134 nomen
795 3068 953 3135 sustinuit:
970 3070 1026 3132 sed
1070 3069 1103 3134 S.
1120 3069 1258 3133 cnsimiri
1280 3085 1318 3132 er
1337 3073 1461 3132 auclore
1483 3084 1574 3145 supra
1591 3067 1758 3146 nominato,
1775 3067 1839 3130 hou
1855 3067 1922 3131 loco

181 3169 252 3217 eom
266 3155 377 3233 ingens
389 3153 580 3219 adversarios
592 3170 683 3230 paror
696 3153 868 3230 inuasisset,
882 3154 913 3215 in
925 3153 1026 3233 lugam
1066 3154 1231 3222 ,relucendo
1254 3167 1325 3216 esse
1347 3152 1536 3216 censuimus.
1552 3149 1676 3215 coetera
1698 3166 1777 3230 quae
1794 3154 1833 3214 ed
1852 3151 1919 3215 suls

180 3237 341 3314 conuersi,
368 3237 535 3303 uictoribus
556 3235 714 3301 lithuanis
736 3241 818 3320 terga
840 3236 966 3315 dedere,
991 3252 1028 3300 ex
1072 3237 1215 3300 miracuta
1228 3233 1803 3314 pertinentlibenteromisimus:uuae
1819 3240 1922 3298 tamen
1990 3251 1991 3276 ³

181 3319 248 3386 suis
270 3319 392 3385 amissis
414 3320 555 3402 pluribus
577 3320 724 3400 millibus,
741 3337 759 3384 e
774 3320 888 3384 nostris
903 3319 959 3382 Dei
973 3320 1027 3384 be·
1072 3319 1110 3382 nb
1126 3319 1176 3394 iis,
1189 3319 1241 3399 qui
1256 3335 1293 3383 ea
1307 3333 1497 3400 cognoscere
1511 3317 1651 3400 copiunt,
1668 3317 1707 3383 nb
1720 3323 1849 3383 auctore
1865 3333 1922 3383 suo

182 3402 305 3484 nodulo,
321 3403 495 3471 desiderato
510 3403 609 3472 uultu.
624 3403 709 3482 Quae
729 3419 798 3468 curn
813 3403 877 3469 Itur
899 3403 1028 3484 pientis·
1072 3402 1161 3468 tacite
1175 3401 1238 3484 peti
1251 3404 1406 3486 putemur.
