4056 6260
767 337 888 397 ›tleelt
907 332 1095 396 SECUNDUS

42 472 75 533 ei
96 487 214 535 murus
235 471 322 552 ipnts
341 473 378 534 ιιι
393 475 544 550 circuitu,
569 478 597 537 ει
611 475 649 536 iu
662 471 770 552 picria
795 489 850 538 ero
870 473 909 536 iu
949 489 954 496 ·
1296 461 1385 528 -CAR
1402 461 1470 524 Vll·

40 555 253 620 medicatus.
275 551 399 638 (Zoclr.
416 553 469 639 2.)
492 557 908 638 Admirandasauepremis·
1261 585 1268 596 ·

40 640 103 700 ειο.
121 639 211 718 Ege,
239 641 359 717 inquit,
382 655 436 702 ero
452 657 559 703 murus
574 641 656 719 ignis
671 643 702 702 in
718 641 859 715 circuitu,
875 647 909 704 ot
1010 659 1017 672 ··
1056 725 1059 734 ι
1171 631 1343 724 Doiemplo
1361 629 1503 734 Civitatis
1518 627 1587 702 ost,

41 723 154 786 hostes
170 722 350 801 prohibeam
365 741 374 802 ;
391 732 422 785 ει
436 739 489 787 ειο
505 726 535 786 iu
549 725 645 804 gloria
661 724 693 786 in
709 726 810 789 medio
826 726 905 796 eius,
1491 769 1495 780 ι

40 813 75 868 ut
91 808 179 870 ciues
193 806 356 869 illustrem.
374 805 467 880 Quasi
483 809 576 885 dicat,
593 807 677 888 ignis
692 809 798 882 urit‚et
812 810 907 872 lucet:
958 825 965 847 ⁸
994 807 1056 872 Sed
1071 814 1118 874 est
1133 809 1233 873 adbuc
1247 808 1376 889 aliquid,
1400 806 1482 890 quod
1504 805 1698 888 requirantur
1711 803 1742 869 in
1759 801 1806 870 Ci-

39 905 104 969 ego
119 891 216 972 igitur
229 901 316 953 urant
330 891 447 967 hostes,
464 891 648 953 illuminabo
664 893 747 955 ciues
762 911 770 970 3
795 893 840 955 sie
855 909 907 956 ero
927 939 929 942 v
953 891 1043 955 ritate
1059 893 1111 956 Dei
1128 893 1237 966 nostri,
1251 895 1399 971 templum
1414 891 1606 956 videlieetad
1618 891 1807 954 laudandum

40 991 155 1036 munus
171 974 253 1054 ignis
275 972 305 1035 in
322 974 452 1038 circuitu
463 1005 474 1046 v,
503 982 533 1036 ct
548 976 599 1037 lux
613 973 729 1053 gloriae
744 977 775 1038 iu
791 977 905 1040 medio.
951 975 1061 1050 Deum,
1078 977 1180 1039 cibum
1196 984 1226 1040 et
1240 983 1344 1057 potum
1361 979 1398 1039 ad
1415 976 1639 1040 comedendum
1656 981 1687 1036 et
1700 973 1808 1036 biben-

40 1057 136 1132 Quod
153 1058 243 1120 etiam
259 1057 350 1134 paulo
367 1065 435 1134 post
460 1059 590 1136 explicat
615 1074 643 1121 s.
658 1057 814 1136 loannes,
838 1077 907 1122 cum
951 1059 1047 1122 duur:
1071 1077 1140 1121 nam
1163 1061 1201 1124 de
1216 1061 1355 1124 restibus
1370 1077 1432 1123 non
1447 1067 1495 1123 est
1516 1059 1599 1138 quod
1623 1058 1745 1121 solliciti
1770 1060 1810 1124 sie

41 1143 147 1203 dicit:
169 1142 209 1204 lit
225 1140 342 1204 diuites
364 1157 433 1203 oon
448 1150 515 1220 eget
527 1142 615 1218 sole,
637 1157 743 1223 usque
759 1145 850 1215 luno,
873 1153 909 1206 ut
951 1159 1033 1206 mus.
1050 1141 1082 1206 st
1097 1145 1179 1206 euim
1195 1144 1290 1206 Adam
1313 1151 1344 1208 et
1366 1143 1426 1208 lira
1451 1144 1485 1205 in
1510 1143 1653 1222 paradiso
1669 1141 1812 1204 terrestri

42 1227 180 1288 luceant
191 1227 229 1288 ira
241 1241 292 1302 eo3
306 1239 387 1286 uem
400 1226 534 1288 claritas
545 1225 603 1288 Dei
612 1225 813 1290 illuminavit
822 1243 906 1289 eum.
953 1227 1092 1289 restibus
1116 1241 1178 1289 nou
1195 1226 1395 1306 indigebant,
1423 1229 1519 1290 multo
1545 1227 1647 1288 miuus
1668 1225 1808 1308 egebunt

42 1317 73 1369 ct
91 1312 230 1371 irruerem
247 1311 317 1372 eius
332 1315 376 1371 cst
388 1306 511 1388 Agreus.
535 1307 658 1389 (Apus.
676 1307 752 1394 ιι.)
773 1309 908 1374 Charitas
953 1309 1055 1372 Sancti
1071 1312 1101 1372 iu
1118 1309 1264 1372 Paradise
1278 1311 1473 1385 caelesti,ubi
1484 1310 1585 1373 amicti
1598 1316 1688 1372 erunt
1700 1323 1809 1370 omnes

42 1393 101 1454 Dei
119 1395 207 1470 quasi
223 1393 271 1454 sol
287 1392 440 1454 illuminat
456 1397 599 1456 mentes:
625 1392 731 1472 Agnus
745 1395 801 1458 Dei
823 1394 908 1458 cirri·
952 1393 1093 1466 lumine,
1120 1394 1200 1457 sicut
1221 1393 1418 1474 ,vestimentu
1435 1394 1510 1458 Cibo
1525 1409 1596 1457 rere
1612 1401 1644 1455 ει
1658 1399 1731 1473 potu
1748 1407 1809 1452 non

43 1482 132 1554 stus,
157 1477 244 1556 quasi
260 1478 385 1539 lucerua
402 1476 554 1538 illuminat
566 1483 708 1555 corpora.
725 1477 843 1541 Dicitur
857 1497 909 1541 au·
953 1477 1053 1539 solum
1069 1477 1163 1539 Adam
1179 1482 1208 1539 ει
1220 1475 1279 1540 lira
1295 1493 1400 1541 carere
1414 1494 1477 1540 nen
1493 1482 1655 1555 poterant,
1679 1476 1734 1558 sed
1759 1489 1811 1536 ue·

44 1568 109 1621 tem
127 1558 269 1623 cbristus
283 1559 489 1636 lucerna,uon
500 1560 583 1638 quod
594 1559 626 1621 in
641 1568 731 1624 nocte
747 1563 787 1624 sit
802 1577 910 1626 neces·
954 1576 1015 1638 nne
1031 1561 1138 1641 angeli
1155 1561 1214 1640 ipsi
1229 1567 1346 1639 carent,
1363 1562 1485 1624 dicente
1500 1560 1617 1642 bugeio
1632 1559 1810 1638 Raphaela:

43 1645 142 1716 saria,
159 1643 214 1706 sed
238 1645 488 1723 comparatione,
512 1642 702 1706 divinitatis:
725 1646 860 1725 alioquin
883 1646 908 1709 si
957 1645 1021 1723 ligo
1037 1643 1300 1720 eibeiuuisibili,
1325 1649 1468 1724 etpctu,
1491 1647 1549 1724 qui
1570 1644 1611 1706 ob
1626 1641 1812 1720 hominibus

44 1727 146 1790 iacies
162 1727 344 1790 Sanctorum
360 1726 477 1789 lucebit
491 1727 571 1789 sicut
592 1727 639 1789 sol
662 1727 694 1792 in
710 1728 816 1806 liegno
833 1730 908 1800 Dei,
954 1729 1059 1791 uideri
1083 1733 1276 1808 coeperest,
1298 1734 1392 1792 utor:
1415 1727 1512 1811 (lob.
1538 1727 1613 1802 ι2.)
1635 1725 1670 1786 lit
1685 1726 1809 1804 quidem

44 1817 77 1873 ut
93 1813 164 1890 ipse
177 1810 328 1873 Dominus
344 1811 385 1884 ait
399 1811 479 1885 apud
495 1810 690 1883 matthaeum,
706 1811 830 1888 (Μαιιιι.
843 1809 910 1897 ll.)
953 1813 1034 1890 quod
1050 1813 1155 1875 attinet
1170 1813 1207 1874 ad
1230 1813 1377 1892 templum
1393 1857 1401 1880 ,
1425 1828 1452 1874 s.
1468 1809 1604 1873 loannes
1618 1811 1648 1871 in
1665 1810 1813 1888 Apoealy-

45 1901 165 1972 quanto
181 1893 279 1974 magis
295 1895 390 1956 iacias
405 1893 530 1971 Christi,
556 1909 616 1956 nen
631 1899 665 1956 ut
681 1896 828 1968 lucerna,
852 1905 909 1959 sed
954 1896 1022 1972 psi:
1044 1895 1083 1957 lit
1097 1896 1251 1976 templum
1265 1911 1334 1959 uon
1347 1896 1418 1958 uidi
1431 1896 1469 1958 iu
1484 1909 1534 1971 eo,
1550 1892 1707 1958 Dominus
1723 1894 1812 1955 euim

44 1985 78 2039 ut
94 1980 145 2041 sel
161 1977 326 2056 primarius
341 1977 527 2040 illuminabit
538 1976 696 2040 diritatem
707 1978 781 2041 Deil
793 1997 828 2041 ae
840 1995 910 2058 pro·
954 1979 1037 2041 Deus
1052 1981 1254 2058 ommipotens
1276 1979 1431 2058 tempium
1444 1978 1534 2041 illius
1549 1983 1615 2054 est,
1643 1983 1672 2039 et
1686 1975 1811 2052 Αριιιιε.

45 2059 332 2140 pterea-subiungit
347 2060 476 2124 Sanctus
491 2059 638 2126 loannes.
655 2062 736 2140 qued
763 2079 823 2126 nox
849 2080 909 2128 non
954 2060 1076 2144 (Αροε.
1093 2062 1169 2141 21.)
1192 2063 1279 2140 Quod
1297 2063 1445 2141 templum
1462 2078 1523 2124 nou
1537 2061 1654 2124 ⁴viderit
1676 2058 1812 2122 loannes

45 2145 106 2208 erit
121 2145 178 2208 ibi.
202 2143 324 2224 (Apes.
340 2143 419 2222 21.)
442 2145 544 2207 ιιεειει
557 2146 654 2221 ριειεε
671 2145 816 2226 Civitatis,
832 2163 912 2226 quac
953 2147 986 2206 in
1003 2144 1126 2208 ciuitate
1142 2145 1280 2219 caelesti,
1298 2147 1406 2207 mirum
1422 2145 1553 2207 tortasse
1568 2143 1664 2206 rideri
1680 2143 1812 2205 nonde·

46 2228 289 2308 comprehendit
303 2231 398 2290 totum
414 2229 644 2307 spatiumqued
655 2233 709 2290 'est
723 2229 800 2292 intra
816 2232 912 2293 ambi·
954 2227 1007 2291 bel
1021 2247 1029 2290 ι
1044 2229 1165 2308 ¹terrrpla
1182 2229 1263 2292 euim
1280 2228 1438 2310 eriguntur
1457 2228 1490 2290 iu
1506 2227 1644 2290 lleelesia
1660 2225 1813 2288 militante

46 2319 113 2374 tum
130 2327 302 2374 murorum.
318 2310 401 2374 llaec
419 2328 489 2374 rere
505 2319 552 2374 εει
566 2312 741 2374 communis
762 2313 909 2376 habitatio
956 2313 996 2373 ob
1011 2318 1140 2390 quatuor
1155 2311 1233 2374 lines
1250 2331 1258 2374 :
1283 2319 1316 2374 ut
1331 2328 1361 2373 ru
1384 2313 1430 2375 eis
1445 2312 1573 2374 uerbum
1598 2309 1651 2373 liei
1666 2308 1815 2373 fidelibus

45 2395 230 2459 caelestium
246 2394 371 2468 citium,
389 2411 467 2474 quae
482 2401 541 2457 tota
566 2401 613 2457 εει
627 2412 734 2457 aurum
751 2397 910 2475 mundum,
956 2396 1161 2476 praedicetur,
1179 2403 1211 2458 ut
1226 2395 1420 2458 Sacramenta
1443 2401 1472 2458 ct
1487 2393 1636 2457 sacriileia
1653 2393 1814 2456 eelebren-

46 2480 77 2540 id
94 2485 145 2543 est
158 2479 290 2541 charitas
305 2478 447 2557 ignitaet
460 2477 574 2556 lucida,
592 2495 670 2557 quae
684 2494 793 2542 omnes
815 2481 912 2544 conti·
956 2487 1016 2551 tur,
1035 2484 1067 2541 ui
1081 2478 1178 2541 oratio
1193 2478 1315 2558 publica
1331 2478 1487 2542 deteratur
1507 2478 1584 2553 Deo,
1601 2481 1632 2539 et
1646 2481 1679 2538 ut
1692 2474 1812 2554 laudes,

52 2564 190 2633 cubitat
202 2577 256 2639 per
267 2577 358 2638 quarn
375 2561 426 2624 alii
443 2564 472 2623 in
489 2563 557 2624 aliis
573 2561 688 2643 degent
702 2579 756 2640 per
770 2561 911 2627 allectum
957 2562 1079 2626 debitae
1092 2577 1162 2623 cum
1173 2569 1264 2625 cantu
1277 2569 1308 2624 et
1319 2561 1430 2641 laetitia
1445 2561 1574 2624 Domine
1587 2559 1813 2638 persolvantur.

47 2663 147 2725 purae
162 2645 351 2708 dilectionis:
368 2661 426 2708 nec
441 2646 541 2708 selum
565 2645 615 2708 alii
632 2648 662 2706 in
679 2647 759 2724 aliis,
777 2647 832 2710 sed
849 2663 911 2710 om·
956 2645 1145 2713 Praedicatio
1157 2645 1241 2707 uerbi
1254 2645 1309 2708 Dei
1321 2646 1498 2709 cess'abitin
1511 2643 1667 2716 caeloubi
1678 2643 1810 2706 Verbum

47 2747 109 2794 nes
126 2733 157 2792 la
172 2731 249 2802 Dec,
267 2737 297 2791 ει
313 2730 394 2790 Deus
410 2730 440 2790 in
451 2729 624 2791 omnibus:
649 2745 718 2792 nam
742 2730 793 2808 qui
809 2738 911 2795 manet
955 2728 1055 2807 ipsum
1071 2731 1240 2792 increatum
1256 2728 1417 2792 manifeste
1432 2732 1576 2805 loquetur
1590 2729 1626 2788 ad
1644 2742 1766 2797 omnes,
1784 2733 1815 2788 at

47 2815 269 2887 incomitata,
292 2812 323 2874 in
347 2811 410 2874 Dee
432 2820 547 2885 manet,
571 2819 601 2874 et
624 2809 708 2875 Deus
729 2813 760 2875 in
783 2829 832 2876 eo.
856 2814 911 2894 (ι.
954 2811 1035 2874 iuxta
1052 2812 1293 2896 praedictionem
1307 2811 1460 2876 ieremias
1473 2811 1656 2890 Prophetae.
1674 2811 1742 2873 lieu
1757 2811 1811 2874 do-

47 2898 150 2960 Joau.
166 2893 216 2974 i.)
230 2895 316 2970 Quod
334 2900 366 2956 ut
381 2894 478 2968 tieret,
502 2897 618 2974 rogarit
639 2896 759 2960 alstra
773 2895 913 2961 Christus
956 2896 1037 2958 cebir
1050 2897 1139 2959 ιιιιιιι
1153 2897 1203 2958 ιιι
1224 2897 1415 2975 praeturum
1429 2911 1532 2960 suum
1554 2899 1584 2958 et
1606 2896 1657 2957 eir
1677 2893 1814 2970 ireirem

48 2981 203 3046 Dominus
219 2980 250 3040 iu
267 2979 484 3054 itineratione,
507 2995 610 3058 quam,
627 2980 726 3042 iturus
741 2982 777 3042 ad
794 2981 912 3068 passio·
953 2994 1062 3057 suum,
1079 2981 1201 3056 diceus3
1219 2979 1377 3059 Cognosce
1391 2981 1584 3043 Dominum:
1598 2993 1711 3041 omncs
1727 2980 1816 3041 enim

51 3082 137 3138 nem,
151 3061 305 3143 lpostolis
318 3061 670 3126 omnibusaudientibus
684 3062 771 3136 ludit,
790 3064 909 3128 dicens:
954 3069 1209 3142 cognoscentem
1224 3081 1246 3125 a
1266 3065 1403 3127 minimo
1426 3079 1537 3126 corum
1551 3077 1655 3142 usque
1676 3063 1726 3151 od
1746 3077 1814 3123 mu·

49 3150 124 3212 Non
136 3163 196 3225 pro
222 3147 269 3207 eis
283 3152 393 3208 eutem
409 3153 488 3224 ιορο
501 3151 641 3220 tontum,
658 3148 714 3208 sed
730 3153 759 3208 et
771 3163 832 3226 pro
855 3150 911 3222 cis,
956 3145 1097 3210 ocimum.
1120 3143 1254 3228 (ierem.
1271 3145 1345 3224 32.)
1367 3146 1561 3210 Sacramenta
1578 3151 1750 3225 quoquest
1766 3161 1813 3207 sa-

49 3234 111 3311 qui
124 3247 185 3310 per·
198 3229 330 3292 uerbum
345 3243 457 3292 eorum
472 3231 628 3292 credituri
642 3237 716 3294 suut
730 3231 767 3292 in
781 3247 832 3294 me
846 3251 855 3310 3
876 3237 914 3296 ιιι
957 3228 1070 3292 criticia
1085 3245 1147 3292 uon
1163 3236 1253 3293 erunt
1268 3229 1330 3292 illie
1345 3229 1535 3303 necessaria,
1552 3229 1604 3290 ubi
1622 3243 1724 3307 neque
1740 3243 1812 3307 pec·

49 3331 165 3378 omues
180 3329 286 3377 uuum
298 3315 375 3390 siut,
391 3313 475 3374 sieut
490 3319 525 3376 tu
538 3311 634 3374 Pater
647 3315 685 3375 iu
698 3330 771 3390 me,
799 3321 829 3378 et
855 3333 912 3394 ego
958 3319 1022 3375 cata
1039 3313 1189 3392 expianda
1205 3318 1304 3376 erunt:
1323 3325 1423 3392 neque
1439 3314 1526 3394 signa
1548 3312 1812 3388 requirenturmbi

47 3403 89 3462 irs
104 3406 147 3472 te,
162 3399 211 3460 ito
226 3405 255 3458 el
269 3398 383 3476 ipsiius
397 3396 490 3458 uobis
510 3395 829 3477 commutabilem.
848 3399 914 3479 ll.)
956 3411 1006 3459 res
1021 3394 1211 3476 significatae
1227 3396 1390 3460 manifeste
1414 3399 1572 3476 patebunt.
1590 3395 1692 3458 Oratio
1708 3399 1738 3457 et
1753 3396 1816 3457 lau·

49 3483 75 3545 0
92 3481 270 3546 beatissima
288 3479 409 3550 ciuitas,
423 3496 502 3558 quae
513 3483 543 3542 in
562 3481 828 3543 montealtissimo
843 3485 911 3558 sita,
958 3481 1014 3543 des
1029 3479 1084 3541 Dei
1099 3479 1149 3542 hic
1165 3479 1301 3542 interris
1317 3479 1394 3542 liunt
1408 3481 1439 3542 in
1468 3479 1592 3559 templis
1615 3478 1678 3542 Deo
1701 3478 1811 3554 sacris,

52 3583 128 3629 aura
144 3563 311 3646 purissima
326 3563 450 3640 irueris3
465 3580 543 3640 quae
559 3569 778 3644 superpetram
791 3565 913 3628 lundata
958 3562 1103 3641 quoniam
1119 3563 1187 3642 ipse
1202 3562 1357 3642 pollicitus
1373 3571 1420 3626 est
1435 3563 1543 3626 oculos
1569 3577 1644 3624 suos
1666 3569 1791 3641 apertos
1807 3609 1815 3637 ‚

53 3667 110 3724 es,
141 3655 176 3711 ut
200 3654 322 3710 aeterna
339 3643 480 3709 firmitate
496 3647 623 3728 nitaris3
651 3648 740 3709 cuius
755 3654 860 3727 portae
882 3656 915 3712 ul
958 3653 989 3709 et
1003 3661 1093 3709 aures
1109 3654 1228 3710 erectas
1243 3647 1404 3724 intemplo
1419 3647 1554 3710 iuturus:
1571 3646 1617 3708 sic
1633 3645 1715 3708 enim
1731 3646 1816 3707 loeu-

55 3732 239 3812 margaritae
255 3731 392 3810 lulgent,
422 3737 452 3792 et
467 3745 590 3810 semper
615 3731 841 3794 introeuntibus
863 3750 914 3814 pa·
959 3735 1008 3792 lus
1023 3737 1070 3792 εει
1085 3730 1122 3792 ad
1139 3730 1334 3793 Salomonem
1357 3730 1387 3792 iu
1404 3730 1483 3793 libro
1508 3729 1646 3792 secundo
1663 3729 1814 3808 Paralipo-

52 3825 143 3879 tent:
168 3815 258 3878 euius
275 3829 380 3876 murus
402 3813 568 3886 Deus‘esl,
597 3814 648 3890 oui
669 3819 698 3876 te
721 3817 914 3893 protectione
960 3829 1097 3876 menen:
1124 3811 1214 3878 Oculi
1226 3815 1292 3877 mei
1306 3820 1400 3878 eruut
1416 3815 1522 3898 operti
1533 3861 1542 3890 ‚
1567 3817 1596 3876 et
1611 3829 1708 3875 eures
1723 3829 1816 3876 neone

52 3919 108 3963 sua
128 3913 254 3978 semper
269 3897 450 3973 circumdat,
464 3903 493 3958 et
510 3905 542 3958 ut
557 3897 635 3976 lapis
651 3896 745 3976 iaspis
761 3901 916 3978 pretiosus
960 3903 1083 3959 erectae
1097 3898 1142 3960 od
1157 3898 1338 3961 cretionem
1352 3899 1422 3960 eius
1447 3899 1505 3978 part
1529 3897 1567 3960 ira
1580 3897 1649 3960 ioco
1664 3897 1726 3958 istu
1743 3913 1814 3959 ore·
1896 3969 1901 3976 ¹

53 3987 207 4046 exornat:
230 3982 320 4043 cuins
342 3981 440 4061 platea
464 3978 595 4042 ebaritas
611 3984 659 4042 est
673 3983 754 4042 omni
772 3999 846 4044 auro
870 3983 914 4046 lu·
959 3983 1051 4044 uerit.
1067 3979 1116 4056 (2.
1131 3981 1243 4046 Parui.
1260 3980 1310 4062 l.)
1325 3981 1386 4044 Sed
1408 3997 1477 4042 cum
1493 3980 1525 4042 iu
1541 3979 1665 4042 Ciuitate
1689 3981 1815 4042 caelesti

54 4067 170 4139 eidior,
183 4071 214 4128 et
228 4063 471 4146 omnicrpstallo
485 4064 656 4141 candidior,
671 4081 749 4142 quac
761 4081 871 4128 omnes
883 4071 913 4128 in
961 4061 1043 4132 Deus
1058 4064 1308 4142 palamridcatur
1323 4072 1353 4129 et
1367 4063 1508 4126 audiatur
1521 4063 1560 4125 ab
1575 4063 1731 4136 omnibns
1754 4079 1814 4124 non

53 4167 89 4213 se
101 4147 432 4212 habitantesiaeitesse
446 4163 499 4212 eor
509 4148 791 4223 neumasensium
805 4167 914 4229 uuum,
961 4148 1078 4210 ridetur
1093 4153 1176 4211 certe
1191 4149 1337 4227 templum
1351 4148 1384 4210 in
1400 4149 1466 4210 loeo
1478 4147 1532 4209 iilo
1545 4147 1733 4209 necessario.
1747 4147 1817 4208 l‘ro·

55 4243 87 4296 et
102 4231 429 4312 gaudioinenarrebili
444 4232 566 4309 replet,
592 4239 621 4293 ει
646 4232 677 4292 in
693 4239 815 4294 aeterna
839 4249 915 4312 paee
960 4230 1032 4294 inde
1048 4229 1137 4292 iauiic
1152 4231 1352 4310 intelligimus
1363 4231 1446 4311 quud
1462 4237 1588 4294 sanetus
1600 4228 1735 4292 ioannes
1751 4232 1790 4292 ait
1806 4249 1814 4292 ι
1838 4273 1846 4286 .

53 4317 236 4395 constitui13
259 4313 469 4394 concrepuerit,
487 4322 515 4376 ει
531 4312 636 4394 deficit
658 4315 772 4378 anime
788 4333 861 4378 meu
883 4315 914 4379 in
961 4313 1168 4393 diremptum
1181 4331 1250 4378 eeu
1263 4315 1333 4378 uidi
1345 4316 1383 4382 in
1397 4331 1447 4376 ee.
1465 4313 1524 4377 Cur
1537 4313 1632 4392 igitur
1645 4313 1814 4375 subiunxit:

53 4404 174 4482 plateas
189 4407 268 4473 tuas,
282 4398 354 4479 (Ps.
371 4397 443 4474 83.)
460 4395 537 4470 Quid
555 4397 635 4460 enim
653 4398 816 4477 optabilius
832 4400 914 4462 labo·
960 4397 1116 4460 Dominus
1131 4399 1218 4460 enim
1233 4399 1317 4461 Deus
1332 4399 1535 4476 omnipotens
1549 4396 1704 4474 templum
1728 4397 1817 4460 itlius

55 4485 134 4548 raeti
148 4489 179 4545 ει
193 4485 329 4562 gementi
356 4483 386 4542 in
411 4481 513 4542 medio
529 4481 661 4544 nationis
677 4499 810 4560 prauae,
835 4484 916 4545 inter
949 4490 1027 4558 sest,
1055 4487 1083 4543 ei
1104 4478 1241 4560 Agnus?
1263 4480 1295 4544 Si
1318 4482 1465 4560 templum
1480 4479 1512 4542 in
1534 4477 1658 4542 Ciuitate
1679 4479 1731 4541 ille
1755 4496 1816 4544 non

54 4571 151 4631 ialsos
165 4566 297 4644 iratres,
322 4571 353 4627 et
368 4565 397 4626 in
414 4565 483 4644 ipso
499 4564 626 4638 mundo,
644 4565 695 4643 qui
711 4571 792 4628 totus
808 4567 838 4626 in
856 4583 916 4628 mn·
961 4563 1134 4639 requiritur,
1149 4581 1203 4626 cur
1218 4564 1422 4627 dieiturDeus
1436 4562 1504 4641 ipse
1519 4563 1666 4643 templum
1683 4562 1817 4625 diritatis

55 4654 142 4730 ligno
158 4650 277 4728 positus
292 4654 338 4711 est
353 4695 360 4720 ,
376 4663 475 4727 ‘quam
494 4648 615 4709 evolare
631 4650 668 4709 ad
685 4648 786 4710 lecum
803 4647 916 4712 dulcis·
962 4647 1045 4709 illius
1060 4662 1140 4723 esse,
1157 4663 1215 4711 noe
1230 4647 1317 4711 solus
1331 4645 1426 4724 Deus,
1441 4646 1496 4734 sed
1513 4647 1602 4708 etiarn
1617 4645 1745 4724 Agnus?
1767 4653 1815 4707 aut

56 4740 155 4796 simae
171 4733 278 4811 pacis,
305 4731 358 4794 ubi
381 4732 446 4793 sola
473 4730 605 4793 ebaritas
620 4730 756 4810 regnati
780 4731 916 4808 Quande
963 4730 1031 4808 quis
1046 4725 1210 4809 explicabit
1225 4732 1326 4806 nobis,
1344 4730 1499 4810 utromodo
1514 4729 1597 4792 llaus
1613 4737 1643 4790 et
1658 4730 1763 4808 Agnus
1786 4730 1815 4790 in

56 4819 197 4888 renium,
214 4823 244 4878 ει
260 4813 424 4896 apparebo
439 4815 645 4893 antefactum
660 4815 743 4878 Dei?
763 4814 834 4896 (Pe.
847 4814 916 4897 ll.)
962 4814 1047 4876 caelo
1063 4816 1175 4892 templa
1191 4815 1388 4877 dieanturzet
1404 4829 1495 4891 nuent
1511 4829 1601 4875 usum
1617 4813 1730 4876 habeat
1742 4820 1816 4874 tem·

58 4901 136 4974 Ouid
164 4899 246 4961 enim
274 4900 396 4961 dulcius
421 4898 541 4959 animae
568 4897 707 4978 diligenti
731 4897 915 4972 Dominum,
964 4897 1045 4974 plum
1059 4898 1139 4959 istud
1152 4897 1182 4960 in
1199 4897 1302 4961 caelnl
1316 4897 1539 4977 seripturarum
1556 4905 1732 4969 sanctarum
1745 4912 1817 4958 con·

57 5001 149 5062 nuaur
164 4983 269 5045 ridere
285 4982 443 5055 dilectum,
462 4989 491 5042 ct
506 4980 602 5042 rideri
620 4979 634 5041 ε’
652 4981 786 5055 dilecto,
809 4989 839 5044 ει
861 4998 917 5064 ρει
962 4981 1092 5043 suetudo
1108 4987 1166 5060 est,
1181 4988 1213 5044 ut
1229 4999 1286 5045 una
1300 4981 1451 5044 sententia
1467 4979 1715 5057 aliam‘explieet
1728 4988 1758 5041 et
1770 4981 1814 5042 lu·

58 5084 169 5131 nerum
186 5066 326 5127 intimum
344 5072 373 5126 ει
396 5063 655 5127 iucundissimum
672 5064 864 5142 inhabitare,
887 5072 917 5127 et
963 5079 1017 5126 cus
1032 5064 1183 5128 obscurus
1198 5082 1235 5127 ex
1251 5066 1309 5127 elio
1334 5064 1461 5127 clariore
1484 5062 1685 5142 intelligatur.
1701 5063 1817 5126 Dicitur

58 5148 251 5214 inhabitarit
271 5147 405 5210 Audacia
420 5147 544 5228 qrridern
560 5147 764 5212 intolerabilis
784 5148 915 5224 ridetur,
962 5147 992 5209 in
1011 5147 1129 5211 Psalmo
1144 5151 1368 5228 nonogesimo:
1387 5147 1448 5224 Qui
1460 5146 1585 5210 lrnbitot
1598 5150 1636 5210 iu
1651 5148 1815 5210 adtrrrcrto

60 5244 91 5296 ut
107 5233 208 5313 putris
224 5239 255 5293 et
276 5234 354 5294 uinis
377 5231 414 5292 ad
430 5231 504 5292 atria
523 5238 573 5293 tua
589 5231 745 5310 suspiret,
774 5247 792 5292 ο
808 5231 918 5295 ciuitas
963 5231 1164 5308 ditissimiin
1177 5227 1373 5313 protectione
1387 5231 1445 5295 Dei
1459 5231 1542 5293 eecli
1553 5231 1814 5304 commorabitur,

58 5324 178 5397 sancie3
193 5322 222 5376 ei
238 5315 363 5377 audacia
380 5314 485 5385 maior,
499 5320 531 5375 ut
547 5313 681 5394 animula
699 5315 767 5378 uilis
781 5315 818 5378 ad
835 5331 916 5378 cnm·
962 5309 1041 5396 (Ps.
1060 5314 1110 5378 itt.
1125 5319 1137 5394 )
1157 5333 1286 5394 querum
1304 5317 1465 5377 verberum
1482 5316 1559 5398 llaec
1574 5315 1725 5376 sententia
1743 5321 1788 5374 est
1805 5330 1813 5373 ι

61 5405 183 5476 ριειιιιιι
200 5399 312 5460 summi
338 5397 512 5460 conditoris
534 5395 649 5475 aspiret
664 5415 671 5458 :
695 5398 749 5460 sed
767 5398 916 5460 audieiam
964 5400 1020 5474 tini
1037 5415 1091 5479 per
1106 5407 1217 5461 certam
1235 5399 1376 5460 liduciam
1394 5397 1591 5477 conirrngitur
1604 5397 1713 5468 Deo‚is
1728 5398 1814 5473 qrrasi

61 5492 147 5546 ustam
165 5482 345 5560 extrusabit,
374 5481 423 5560 qui
441 5497 507 5541 eam
524 5481 627 5554 dedit,
651 5497 720 5542 curn
737 5482 853 5544 Patrem
870 5499 916 5544 ro·
964 5481 1033 5543 iacit
1047 5482 1105 5544 sibi
1123 5483 1245 5545 domum
1260 5482 1291 5546 ie
1308 5482 1384 5560 Dec,
1401 5473 1437 5543 in'
1449 5498 1507 5559 oua
1524 5488 1606 5543 tulus
1621 5479 1757 5558 habitet,
1785 5489 1815 5540 ει

60 5573 160 5644 gerit,
189 5573 220 5626 ut
236 5581 343 5627 omnes
368 5583 463 5626 arnum
486 5564 606 5637 simus,
630 5570 661 5626 et
683 5566 762 5626 sierrl
777 5566 864 5628 Pater
884 5564 915 5627 iu
963 5570 1136 5643 protegatur
1150 5565 1188 5628 ab
1203 5565 1285 5646 omni
1302 5567 1393 5628 male.
1411 5564 1496 5639 Qunrl
1518 5564 1600 5626 idem
1625 5562 1691 5625 diri
1713 5571 1815 5640 potest

59 5653 159 5723 lilio,
185 5648 498 5724 aruritensibus,
527 5647 572 5710 sic
598 5653 629 5710 et
653 5657 708 5711 ries
733 5651 765 5712 in
785 5653 915 5728 utroque
962 5647 1120 5720 rra-tanda,
1145 5658 1173 5710 ει
1195 5651 1353 5711 oratione:
1378 5655 1429 5728 ιριι
1446 5650 1527 5709 enim
1545 5645 1813 5725 perreverentiam

61 5753 155 5798 unum
171 5732 282 5796 simus.
961 5731 1097 5795 intimam
1111 5732 1308 5813 coniungitur
1318 5733 1424 5808 Deo,is
1435 5735 1522 5810 quasi
1535 5733 1604 5793 lucit
1617 5729 1675 5792 sibi
1689 5729 1816 5793 domurn
