4086 6258
786 271 896 336 blasti
915 269 1107 334 erudiatis
1685 283 1740 346 355

51 403 110 468 sed
126 404 218 468 etiam
234 404 267 469 in
280 403 400 485 Europa
420 411 587 488 grassatur.
604 407 666 472 lieu
691 407 791 471 solum
817 405 912 472 delle·
957 405 1108 489 signifieat
1122 413 1321 490 peccatorum
1336 409 1438 474 omnis
1452 414 1576 492 generis
1590 413 1812 487 abundantiam

14 493 19 552 l
51 504 125 552 mus
139 489 278 567 qnotidie
294 492 402 554 damna
418 493 618 569 temporalia,
642 492 697 554 scd
714 494 803 555 etiam
821 493 910 571 spiri·
957 497 1081 566 tantam,
1099 497 1210 572 quanta
1227 508 1299 557 esse
1314 493 1393 557 solet
1408 512 1566 574 aquarum,
1583 501 1707 576 quando
1723 504 1754 567 in
1771 507 1814 572 al·

14 595 19 638 r
51 570 147 636 tualia
163 589 235 637 aum
249 590 309 638 non
325 573 414 653 pauci
429 573 572 638 deliniant
587 593 603 638 a
617 575 736 640 Christo
752 575 788 638 ad
805 573 912 639 blabu-
957 576 1165 642 recitaminis
1182 593 1242 640 non
1258 579 1388 658 eapitur,
1405 579 1459 642 scd
1475 586 1558 644 ertra
1581 582 1664 660 ripas
1682 580 1814 652 edundi-

14 677 21 722 t
51 663 182 721 motum.
196 659 331 722 lacessit
346 659 481 736 denique
497 659 556 722 boc
571 665 675 724 nostro
691 665 829 739 tenpore
843 677 912 738 per·
957 665 1185 738 tor,etaampos
1197 661 1315 725 uicinos
1329 663 1668 746 inundatlliudetiam,
1678 673 1813 750 auupuis

13 767 20 812 ι
50 738 346 818 secutiulaponioa,
360 759 422 806 non
435 743 700 815 semelrenouata.
714 759 792 822 quae
807 744 911 806 nouel·
953 745 1149 822 sauguinem
1164 747 1287 825 tempii,
1311 745 1442 810 eandam
1459 748 1686 813 multitudinem
1704 769 1812 833 pecca·

13 851 17 894 ς
49 821 112 886 lam
130 825 213 887 illam
230 823 424 898 Ecclesiam,
448 827 595 906 paganico
612 827 713 890 lurore
727 834 909 906 grassante,
954 827 1073 892 toribus
1089 829 1240 908 designat:
1253 830 1379 910 sanguis
1390 829 1473 892 enim
1489 831 1520 893 in
1536 831 1703 912 Scripturis
1719 853 1814 917 saepe

13 921 17 978 i
49 903 218 988 Iartyrum
245 910 395 988 sanguine
424 912 597 974 redundare
624 909 706 972 lecit.
733 910 911 974 Persecutin
956 927 1012 988 pro
1028 914 1332 992 peecatoaccipitur,
1357 919 1387 976 et
1403 916 1816 998 luncsanguissanguinem

13 1023 16 1042 ·
49 998 155 1055 autern
172 994 397 1056 haeretieorum
415 994 521 1058 nescio
536 1013 575 1058 an
593 1011 726 1073 unquam
743 995 832 1058 luerit
849 1012 910 1057 ma·
958 999 1085 1074 tangere
1101 995 1212 1060 dicitur
1224 997 1348 1076 quando
1360 1013 1421 1059 non
1434 1005 1482 1061 est
1494 1000 1553 1062 buo
1569 999 1639 1064 luco
1655 1018 1714 1065 una
1730 1011 1814 1082 gutta

12 1103 15 1148 p
50 1075 112 1150 ior,
131 1081 162 1139 et
177 1077 354 1154 terribilior,
372 1083 436 1141 siue
451 1079 553 1156 quoad
570 1078 796 1141 multitudinem
812 1087 909 1144 secto·
956 1079 1129 1156 sanguinis,
1146 1084 1177 1141 et
1191 1079 1286 1142 altera
1302 1080 1333 1142 in
1349 1080 1455 1158 allero,
1472 1082 1529 1145 sed
1555 1084 1610 1146 riri
1628 1087 1814 1167 sanguinum

12 1193 14 1220 t
48 1175 132 1233 rum,
151 1162 215 1225 sine
231 1163 331 1240 quoad
348 1161 588 1229 sollicitudinem
605 1160 762 1224 avertendi
779 1159 911 1225 Gathnii·
959 1160 1074 1241 ubique
1089 1163 1280 1240 decurrunt,
1309 1169 1340 1224 et
1355 1164 1511 1228 coniuncti
1528 1165 1560 1228 in
1576 1184 1697 1247 unum,
1724 1174 1815 1251 quasi

12 1279 14 1306 l
51 1259 109 1306 uos
125 1261 141 1306 a
157 1261 226 1306 iera
241 1243 315 1317 ilde,
329 1247 394 1308 siva
409 1245 510 1324 quoad
526 1247 738 1309 crudelitatem
761 1246 792 1307 in
808 1248 910 1310 urtho·
954 1242 1082 1318 ilumen,
1096 1251 1146 1309 aut
1161 1247 1260 1309 lacum
1277 1244 1424 1309 efficiunt.
1438 1247 1516 1323 Quid
1532 1249 1571 1312 de
1587 1250 1672 1330 luxu,
1685 1260 1716 1316 et
1726 1270 1813 1334 pom-

11 1375 13 1388 .
51 1325 144 1391 doxis
173 1329 354 1406 praesertim
381 1329 602 1392 Sacerdotibus
628 1330 763 1392 inaudita
786 1330 910 1392 saeuitia
955 1328 1026 1408 pis,
1055 1335 1086 1392 et
1101 1329 1283 1392 vanitatibus
1299 1330 1426 1392 dinami
1448 1349 1486 1394 au
1513 1347 1576 1396 non
1603 1335 1812 1413 quotidieista

11 1445 13 1488 i
49 1413 213 1483 vexandis,
231 1418 322 1490 atque
339 1412 539 1476 truuidandis.
555 1412 590 1474 In
607 1411 754 1489 Oriente,
779 1420 809 1476 et
822 1411 911 1478 lieri·
955 1416 1122 1489 creseunt,
1151 1413 1238 1492 quasi
1254 1417 1287 1476 in
1302 1428 1390 1476 sacru
1404 1412 1561 1491 Baptismn
1585 1419 1733 1482 nuncium
1749 1438 1813 1488 nou

11 1525 13 1566 i
48 1493 124 1571 die,
149 1496 251 1560 adhuc
264 1497 371 1574 vigent
383 1497 532 1560 haereses
547 1498 689 1575 antiquae
705 1496 854 1569 liestorii,
879 1505 910 1560 et
953 1496 1165 1558 remiserimus
1181 1495 1316 1569 diabolo,
1333 1501 1364 1559 et
1379 1499 1502 1577 pompis
1517 1499 1604 1563 eiust
1619 1500 1698 1576 Quid
1710 1503 1750 1567 de
1761 1522 1814 1571 ou·

48 1577 244 1658 Euryalum,
262 1580 292 1641 in
310 1579 478 1642 Occidente
494 1585 524 1643 et
545 1579 764 1659 septentrione
789 1587 912 1660 praeter
955 1579 1082 1659 piditate
1098 1581 1274 1642 cumulandi
1290 1587 1445 1653 autumat
1459 1586 1815 1666 argentum,etaugendi

10 1679 11 1700 ³
48 1679 153 1740 nuper
167 1664 309 1726 inventas
329 1664 476 1726 haereses
498 1663 742 1726 innumerabiles
767 1679 829 1726 non
856 1663 909 1728 de·
953 1662 1149 1737 patrimonia,
1165 1669 1196 1726 et
1210 1663 1340 1740 reditus,
1355 1666 1386 1726 et
1396 1664 1619 1746 coniungendi,
1634 1668 1814 1750 alloquitur

10 1783 11 1822 r
47 1753 135 1823 sunt,
153 1748 204 1824 oui
221 1762 369 1810 renovare
385 1752 515 1827 pergant
529 1746 748 1814 Arianismum.
766 1753 797 1810 at
817 1747 908 1812 Ebio·
952 1744 1062 1820 Isaiae,
1079 1761 1170 1825 agros
1185 1747 1221 1810 ad
1237 1763 1340 1826 agros,
1357 1752 1388 1809 et
1402 1748 1513 1811 dumos
1530 1749 1569 1812 ad
1584 1749 1706 1824 domos,
1723 1757 1813 1835 quasi

48 1828 110 1904 nis,
129 1837 159 1892 et
174 1829 312 1894 cherinti
327 1832 467 1909 dogmata
483 1836 553 1892 ante
569 1845 667 1892 annos
691 1831 775 1892 milla
790 1836 911 1895 trecen·
955 1828 1030 1890 nulli
1047 1829 1108 1893 sint
1125 1829 1154 1891 in
1179 1832 1295 1893 mundo
1316 1845 1493 1910 pauperae,
1521 1833 1636 1912 quibus
1657 1839 1813 1916 superdea

9 1961 10 1978 l
46 1919 96 1976 tos
113 1915 258 1990 extincta,
272 1919 364 1992 atque
379 1915 511 1995 sepulta.
526 1912 632 1991 Itaque
649 1914 823 1992 persecutio
838 1916 909 1980 hae·
958 1911 1024 1974 dari
1040 1911 1187 1992 possint?
1207 1913 1323 1994 Legunt
1344 1913 1490 1994 Episcopi
1516 1931 1544 1978 s.
1566 1916 1757 1984 Bernardum
1781 1924 1814 1988 in

47 1998 240 2070 retieurnm,
268 2013 347 2076 quae
362 2005 465 2062 nostra
482 2001 579 2058 aetate
596 1999 689 2076 rigat,
705 1999 826 2061 ridetur
839 1999 906 2076 ipsa
953 1995 1082 2075 epistola
1097 1995 1135 2057 ad
1162 1995 1329 2060 Hearicum
1355 1997 1569 2061 senonensem
1595 2001 1813 2080 archiepisco-

46 2081 115 2144 sola
128 2081 909 2161 omnusantiquaspersecutionessuperare.Quare
953 2095 1024 2156 pum
1040 2096 1048 2139 :
1072 2080 1176 2156 legant
1190 2078 1300 2143 Clerici
1316 2080 1451 2145 eundem
1473 2089 1631 2148 auctorem
1658 2085 1689 2148 in
1705 2087 1814 2154 Decla-

46 2163 74 2228 si
91 2165 137 2245 pii
152 2181 273 2240 sumus,
290 2164 357 2227 etsi
374 2166 404 2226 in
422 2164 570 2226 membris
583 2162 751 2229 Columbae
767 2165 854 2238 uiris,
878 2173 910 2231 at
952 2162 1085 2224 mationa
1100 2178 1194 2241 super
1214 2163 1266 2226 illa
1287 2163 1401 2237 rerba,
1429 2164 1510 2229 Ecca
1531 2183 1590 2232 aas
1617 2171 1811 2252 reliquimus

8 2317 9 2322 ,
44 2253 129 2312 reris
146 2254 325 2314 numeratur
339 2255 422 2311 carte
439 2263 571 2311 necessa
593 2253 651 2322 est,
671 2255 703 2313 ut
718 2251 908 2329 compassio·
952 2245 1075 2308 amaia.
1091 2241 1208 2326 Legunt
1222 2261 1332 2310 cunnos
1347 2252 1411 2309 tum
1433 2245 1556 2327 Clerici,
1576 2259 1640 2316 tum
1654 2254 1725 2319 laiai
1746 2273 1810 2324 seu-

44 2333 97 2396 nis
113 2333 274 2414 lacrymas,
293 2347 354 2395 non
371 2348 463 2409 panae
478 2333 534 2394 sed
558 2329 823 2396 abundantissime
840 2349 908 2411 pro·
953 2344 1075 2393 monem
1093 2328 1282 2394 tricesimum
1297 2331 1419 2394 tortium
1435 2331 1573 2396 eiusdem
1587 2337 1620 2398 in
1633 2335 1768 2414 Cantica,
1781 2346 1812 2406 et

45 2414 227 2479 tundamus.
244 2415 324 2493 Quid
347 2416 457 2478 enimi
478 2432 516 2476 an
544 2431 605 2478 non
635 2416 738 2478 multis
764 2415 908 2497 lacrymis
952 2419 1017 2476 tum
1034 2413 1181 2482 iudicent.
1207 2413 1280 2492 quid
1297 2414 1336 2476 da
1352 2415 1448 2476 nostri
1462 2419 1613 2494 temporis
1629 2416 1811 2488 christianis

7 2535 8 2540 κ
46 2497 142 2577 digna
158 2505 204 2562 cst
216 2507 258 2562 tot
274 2500 404 2561 millium
417 2499 586 2560 animarum
603 2500 729 2575 caedes,
746 2517 826 2577 quaa
840 2516 909 2574 pro·
952 2495 1127 2561 existimare
1143 2495 1286 2562 debeant.
1302 2495 1340 2560 Et
1360 2499 1505 2576 qnoniam
1527 2500 1615 2564 locus
1636 2510 1814 2583 postremus

7 2635 8 2652 ,
46 2592 117 2660 pter
127 2583 201 2645 ialsa
214 2582 354 2662 dogmata
367 2583 507 2660 quotidie
518 2585 555 2643 ad
567 2581 908 2647 inlerosdctrnduntur‘?
953 2580 1155 2644 brevissimus
1170 2587 1229 2657 est,
1242 2596 1306 2643 non
1321 2581 1470 2660 gravabor
1484 2581 1553 2662 ipsa
1568 2586 1637 2649 sius
1651 2588 1743 2652 verba
1759 2605 1813 2668 pa-

46 2673 80 2730 et
93 2666 126 2729 in
143 2672 186 2728 tot
201 2665 368 2746 prouinciis
385 2666 431 2728 rel
447 2666 640 2741 imminutus,
656 2666 704 2727 rel
720 2666 845 2730 omnino
857 2684 908 2730 su·
952 2679 1028 2727 nere
1044 2681 1052 2723 :
1075 2663 1137 2738 Eu,
1153 2663 1275 2743 inquit,
1298 2669 1445 2744 temporo
1457 2667 1522 2730 ista
1537 2665 1641 2732 libera
1655 2672 1811 2752 quictem,

45 2750 152 2812 blatns
167 2750 230 2812 reri
246 2750 299 2812 liei
317 2750 445 2812 cultus?
468 2749 528 2812 Saul
550 2747 624 2824 auid
641 2750 781 2812 dicemus
796 2749 835 2813 da
857 2767 908 2814 oc·
951 2746 1016 2811 lieo
1031 2747 1217 2826 miseraute,
1234 2747 1275 2810 ab
1290 2753 1433 2829 utruque
1445 2749 1506 2814 iliu
1520 2751 1662 2830 malitie,
1680 2772 1813 2836 pagano·

45 2835 130 2897 culta
147 2831 364 2912 persecutione
378 2833 518 2896 uitiorum
532 2831 548 2893 i
563 2831 643 2893 hana
658 2833 741 2895 enim
757 2834 907 2896 oaaultam
954 2847 1022 2893 rum
1038 2827 1202 2907 videlicet,
1230 2839 1261 2894 et
1276 2831 1524 2910 haereticorum,
1550 2851 1630 2912 quos
1643 2836 1813 2918 significari

46 2918 131 2990 dico,
150 2917 221 2996 quia
237 2924 377 2980 moretur
391 2933 406 2976 a
422 2915 708 2996 persecutionibus,
723 2917 774 2996 qui
791 2933 853 2981 non
866 2919 908 2980 ri·
952 2913 1057 2976 docuit
1072 2930 1127 2992 per
1142 2916 1280 2978 timorem
1297 2921 1493 2988 nocturnum,
1507 2923 1538 2980 at
1552 2919 1692 2997 sagittam
1708 2924 1811 2988 rolan-

5 3066 6 3082 ,
46 3003 182 3074 dentur,
207 3001 236 3062 id
254 3006 312 3070 est,
336 3017 351 3060 a
367 2999 530 3077 spiritibus
545 3001 714 3062 immundis
728 3017 745 3062 a
761 3001 909 3082 principi·
954 3002 1013 3060 tem
1031 2997 1195 3074 peruiam
1210 2998 1666 3081 sedplaueiaedauuepntin
1681 3023 1811 3085 perum·

5 3137 6 3140 ,
46 3085 122 3158 bus,
139 3089 170 3146 et
185 3084 389 3161 potestatibus
403 3085 484 3146 aeris
499 3082 740 3160 huius,quorum
756 3084 850 3163 ignita
866 3087 908 3148 ia·
953 3079 1084 3144 bulento
1096 3082 1136 3145 iu
1149 3081 1300 3146 tenebris.
1321 3081 1381 3146 Vae
1395 3085 1602 3162 generationi
1616 3086 1728 3154 butue
1747 3091 1809 3168 ier·

48 3168 119 3231 aula
136 3173 220 3230 tanto
236 3167 370 3248 gravius,
388 3176 418 3228 et
433 3169 626 3245 irequenlins
641 3166 764 3240 leriunt,
793 3177 907 3248 quanto
952 3171 1058 3228 manto
1075 3165 1338 3240 Pharisaeorum,
1351 3168 1440 3246 quod
1456 3175 1499 3230 cst
1514 3168 1705 3248 hypocrisis.
1721 3174 1752 3236 si
1765 3171 1812 3238 la'·

5 3295 6 3328 r
50 3249 151 3331 magis
168 3253 309 3314 incautos
324 3251 515 3314 adoriuntur.
558 3293 561 3299 v
952 3265 1028 3310 men
1043 3248 1220 3329 hypocrisis
1236 3251 1303 3313 elici
1317 3249 1420 3325 debet,
1434 3267 1519 3330 quoe
1531 3251 1601 3314 iam
1616 3253 1715 3320 intere
1729 3274 1811 3336 prae

90 3333 234 3412 antiquis
251 3334 370 3396 Petrum
385 3340 560 3397 nostrarum
578 3333 791 3411 temporibus,
815 3341 847 3398 ut
870 3351 908 3398 er
954 3331 1162 3397 abundantio
1182 3349 1251 3397 mort
1271 3334 1366 3398 ualet.
1384 3332 1493 3408 Serpit
1507 3334 1603 3401 bodie
1622 3341 1742 3416 putida
1764 3350 1810 3405 ta·

46 3417 222 3498 Cypriane,
246 3425 276 3482 et
296 3418 432 3482 Eusebio
448 3417 630 3492 audirimus,
648 3418 771 3494 quando
787 3419 910 3498 rigebat
955 3413 1080 3492 hesper
1095 3433 1316 3496 umueaarpua
1332 3417 1506 3496 Ecclesiae,
1523 3425 1552 3482 et
1567 3436 1630 3500 quo
1646 3421 1756 3499 latius,
1773 3441 1810 3489 eo

46 3502 224 3581 persecutio
240 3519 312 3576 una,
327 3503 469 3566 cessabat
483 3504 588 3576 altera,
603 3499 745 3576 quoniam
762 3501 858 3579 Dens,
875 3503 905 3565 io
954 3499 1168 3577 desperatius,
1186 3516 1301 3581 eosque
1315 3502 1553 3579 periculosius,
1581 3520 1645 3584 pun
1659 3507 1809 3572 interius.

47 3586 139 3649 auius
155 3602 246 3648 manu
262 3593 334 3648 sunt
349 3587 462 3662 omnia,
480 3588 516 3648 ad
534 3585 701 3648 sedandam
720 3586 909 3662 persecutio·
954 3581 1037 3644 Nam
1050 3583 1080 3644 si
1093 3584 1275 3662 inserperet
1290 3593 1422 3662 apertus
1435 3586 1591 3650 iuimicus
1606 3586 1809 3670 haereticus,

47 3685 120 3732 nem
137 3669 302 3742 uitiorum,
330 3669 502 3740 excitabat,
525 3669 574 3731 vel
596 3667 719 3731 excitari
736 3668 909 3747 patiebatur
954 3667 1131 3728 mitteretur
1143 3667 1254 3744 ianus,
1280 3673 1502 3742 claresceret,
1524 3686 1611 3734 uuna
1625 3689 1698 3736 uera
1714 3691 1811 3754 quem

46 3752 298 3833 persecutionem
316 3769 515 3832 paganorum.
528 3753 612 3814 Nunc
628 3759 728 3814 autem
744 3768 854 3816 omnes
866 3755 907 3815 si·
954 3750 1068 3820 eiiciet,
1086 3757 1224 3830 auique
1239 3749 1413 3814 abscondet
1433 3751 1493 3813 sai
1518 3751 1630 3817 Omnes
1653 3759 1763 3834 amini,
1780 3763 1810 3824 et

47 3837 112 3900 mul
129 3837 364 3916 persecutiones
380 3839 522 3914 patimur,
539 3842 569 3898 et
585 3842 685 3898 tamen
704 3836 840 3899 nondum
856 3852 906 3900 ex·
952 3849 1061 3894 omues
1076 3833 1205 3896 inimici
1214 3853 1226 3911 ,·
1250 3850 1361 3896 omues
1376 3837 1559 3907 necessari,
1584 3845 1612 3901 et
1627 3854 1736 3905 omnes
1752 3842 1811 3906 nd·

48 3922 178 3984 citamur
194 3937 208 3980 e
225 3937 347 3996 somno,
365 3927 395 3982 et
411 3921 548 3982 nondum
570 3919 771 3997 intelligimus
793 3921 908 4000 gravis·
950 3918 1096 3991 uersari3
1118 3931 1227 3980 omnes
1242 3919 1419 3990 domestici,
1436 3925 1465 3980 at
1477 3920 1564 3982 ualli
1577 3924 1723 4003 pacifici3
1739 3941 1807 3990 om-

49 4005 160 4069 simam
179 4003 233 4067 lici
250 4020 375 4066 manum
392 4021 476 4077 esse,
493 4017 571 4081 quaa
588 4019 643 4065 nos
666 4001 788 4080 premit,
805 4011 835 4066 et
855 4003 907 4065 lla·
952 4015 1008 4062 nes
1021 4001 1179 4076 praemi,
1196 4010 1226 4063 el
1237 4017 1446 4080 omnesquae
1461 4018 1523 4065 suu
1537 4012 1613 4066 suut
1629 4014 1808 4085 quaeruut.

48 4089 156 4169 goliat.
173 4087 233 4150 Sed
250 4089 379 4150 tortasse
396 4104 456 4151 non
473 4086 552 4166 viget
567 4087 627 4150 boc
651 4092 788 4164 tempore
804 4103 908 4164 perse·
952 4082 1091 4144 Ministri
1114 4081 1228 4148 diluisti
1248 4090 1346 4160 sunt,
1375 4093 1402 4146 el
1421 4089 1565 4149 seruiunt
1587 4085 1783 4157 Antichristo
1798 4114 1807 4172 ;

48 4174 132 4234 cutio
149 4171 302 4234 uitiorum.
316 4171 436 4234 Utinam
452 4173 481 4232 id
496 4176 604 4246 posset
614 4186 683 4232 curn
698 4171 821 4234 ueritate
833 4171 906 4235 dici.
953 4166 1106 4228 iunoni-ati
1119 4169 1277 4231 incedunt
1293 4171 1332 4232 de
1344 4168 1433 4232 bouis
1446 4169 1588 4244 Domini,
1603 4173 1661 4252 qui
1672 4171 1809 4241 domiuo

50 4255 115 4332 Ego
132 4255 215 4316 enim
232 4257 263 4316 in
280 4256 338 4318 baa
352 4261 455 4318 nostra
470 4253 612 4332 Europae
637 4260 734 4332 parta,
752 4270 830 4330 quau
852 4271 908 4332 per
954 4249 1109 4312 bonorem
1125 4251 1465 4330 municiunculam
1486 4255 1526 4327 is,
1550 4271 1647 4334 quem
1663 4259 1808 4333 quotidie

48 4339 104 4402 liet
121 4339 247 4416 gratiam
264 4338 362 4402 libera
374 4345 423 4402 est
437 4357 451 4398 a
467 4336 682 4416 persecutione
698 4337 910 4414 Turearom,et
953 4335 1065 4410 uides,
1092 4339 1293 4398 meretricius
1307 4337 1405 4412 uitur,
1431 4334 1640 4400 histrionicus
1655 4337 1808 4419 habitus,

49 4421 293 4494 Haeretieurum‚
308 4424 374 4486 saio
385 4421 483 4485 audiri
498 4436 559 4483 non
573 4436 641 4483 raro
656 4421 865 4499 blasphemias
875 4421 907 4484 in
954 4417 1072 4496 Regius
1088 4426 1282 4497 apparatus.
1297 4418 1378 4481 lude
1399 4435 1520 4482 aurum
1541 4421 1579 4483 in
1598 4421 1744 4500 fraenis,
1770 4425 1810 4492 iu

50 4505 196 4577 lieum‚et
210 4504 353 4583 Sanctus,
368 4505 476 4584 quales
487 4519 546 4567 neo
558 4505 639 4566 inter
654 4503 769 4567 Turaas
781 4504 910 4566 audiun·
953 4499 1050 4571 settis,
1068 4509 1097 4564 et
1112 4501 1305 4578 calcaribus,
1318 4501 1430 4580 utplus
1445 4502 1602 4582 calcario,
1616 4520 1715 4585 quem
1728 4507 1809 4573 ulta·

51 4597 110 4652 tur.
126 4589 162 4650 Et
176 4589 285 4669 quales
300 4593 417 4652 crimen
433 4596 481 4652 ast
495 4588 688 4668 blasphemia
704 4587 786 4650 miei
801 4594 859 4660 est,
877 4596 911 4651 ut
955 4586 1008 4648 riu
1021 4585 1157 4664 fulgent.
1173 4585 1254 4648 lude
1268 4585 1459 4663 splendidae
1473 4602 1605 4650 meuaue
1620 4595 1649 4652 et
1665 4589 1755 4664 cibis,
1779 4597 1810 4656 et

50 4669 199 4751 gravitate
227 4675 328 4734 omnia
345 4678 471 4750 peccata
494 4677 641 4748 superet,
668 4676 702 4733 ut
725 4687 753 4733 s.
775 4669 911 4734 Thomas
954 4668 1094 4748 scyphis.
1108 4667 1808 4747 iudecommessationesetebrietates-inda

50 4771 121 4818 uera
138 4754 266 4818 affirmat
281 4775 289 4833 ;
312 4765 343 4818 el
358 4756 388 4819 in
405 4756 601 4819 Testamenta
616 4753 724 4830 veteri,
737 4755 824 4817 iussu
840 4754 909 4828 Ilei,
956 4753 1095 4830 cithara,
1113 4760 1141 4815 et
1156 4754 1240 4834 lyra,
1259 4757 1289 4817 et
1303 4753 1399 4830 tibia;
1416 4754 1731 4820 iuderedundoutio
1745 4762 1809 4824 tor·

51 4839 158 4902 ultimo
173 4838 340 4916 supplicio,
357 4839 425 4902 sine
443 4839 502 4901 nlla
521 4836 743 4906 misericordia.
761 4839 910 4916 punieba-
957 4837 1106 4902 caturia.
1135 4842 1164 4899 ct
1184 4839 1413 4916 promptuario
1426 4838 1535 4914 plena,
1558 4841 1744 4905 eructantia
1765 4859 1809 4908 ear

52 4930 111 4986 tur.
127 4922 162 4984 ln
179 4923 363 5000 quibusdam
381 4923 456 4986 locis
473 4923 619 4998 periuria,
636 4937 715 5000 quae
731 4938 792 4982 non
818 4923 912 5000 longa
957 4920 1016 4982 ltoc
1031 4921 1067 4982 iu
1080 4920 1167 4984 iilud
1180 4941 1189 4999 ;
1204 4922 1283 4986 iude
1298 4923 1389 4990 dulia
1402 4921 1644 5002 pipmautaria3
1665 4925 1745 4988 mac
1759 4944 1809 4992 re-

51 5007 164 5069 abannt
178 5021 196 5068 a
209 5005 416 5084 blasphemia,
433 5008 511 5068 adeo
527 5012 601 5067 sunl
622 5002 808 5083 frequentin,
822 5012 856 5068 et
872 5006 914 5067 ia·
959 5004 1041 5081 iuria
1055 5007 1237 5081 marsupia.
1253 5005 1315 5068 Pro
1330 5005 1518 5078 huiusmodi
1543 5021 1608 5068 caca
1623 5007 1736 5072 uolunt
1751 5011 1810 5077 Ec·

55 5090 195 5162 miliaria,
213 5097 247 5151 nt
261 5091 347 5152 multi
365 5105 425 5150 non
442 5089 637 5159 erubescant,
656 5089 746 5151 etiam
763 5088 794 5150 in
817 5089 912 5152 rebus
958 5087 1463 5168 etesiarumpraepositilieouoi.
1475 5086 1719 5169 Anubidiaaoau',
1734 5093 1808 5176 Epi·

53 5173 247 5242 clarissimis.
266 5173 341 5235 ialsa
357 5172 529 5236 testimonia
546 5188 614 5235 cum
641 5171 812 5234 iuramento
835 5171 913 5235 alilr·
945 5186 1062 5249 saepe,
1080 5177 1108 5231 et
1122 5168 1372 5253 Arcbiepiacupi.
1392 5171 1471 5234 Olim
1484 5175 1690 5252 praedictum
1706 5183 1762 5254 est,
1778 5185 1810 5243 et

55 5272 150 5320 marc.
162 5257 279 5320 llorrca
292 5258 330 5319 da
343 5256 519 5319 carnalibus
530 5255 653 5334 flagitiis
665 5256 782 5334 aliquid
797 5253 913 5333 dicere,
959 5270 1049 5317 uuus
1070 5260 1193 5332 tempas
1208 5257 1405 5335 impletionis
1420 5257 1563 5330 aduenit,
1579 5257 1660 5322 Ecce
1674 5261 1712 5324 iu
1723 5277 1808 5340 paca

56 5341 94 5405 dc
110 5340 299 5416 homicidiis,
316 5341 356 5402 de
373 5339 474 5414 tortis,
491 5340 529 5401 da
552 5338 735 5414 nraledictis,
752 5340 783 5400 io
799 5339 914 5418 quibus
959 5338 1144 5402 amaritudo
1171 5355 1244 5402 meu
1268 5339 1484 5402 amarissima.
1512 5342 1630 5406 amara
1654 5344 1745 5422 prius
1769 5343 1808 5410 iu

54 5425 200 5488 omuibus
216 5425 361 5503 impletur
377 5424 503 5484 uerbum
521 5422 619 5485 Oscae
633 5422 824 5500 Prophetae:
849 5423 914 5484 lla·
958 5437 1036 5485 neae
1050 5419 1239 5502 Martyrum,
1253 5424 1446 5486 amarioriu
1461 5423 1612 5506 condictu
1627 5425 1807 5492 Haeretica-

55 5508 219 5582 ledictum,
235 5515 263 5570 et
279 5508 501 5580 mendacium,
519 5515 548 5570 et
562 5506 787 5580 homicidium,
804 5513 833 5570 et
846 5505 915 5584 iur-
959 5521 1056 5578 rum,
1080 5509 1287 5570 amarissima
1306 5522 1395 5571 nunc
1414 5510 1451 5572 iu
1465 5510 1607 5574 mumius
1621 5509 1807 5576 domesticu·

54 5597 145 5665 mru,
173 5598 203 5656 et
219 5593 420 5662 adulterium
441 5591 712 5668 inundaverunt,
737 5597 767 5652 at
780 5591 916 5668 supputa
961 5590 1264 5664 rum‚baeosanctus
1278 5590 1523 5670 Bernardus,cul
1536 5593 1675 5659 comitem
1690 5593 1807 5664 addara

56 5677 252 5756 sauguinem
268 5676 381 5757 tetigit.
397 5675 454 5740 Ubi
471 5674 521 5738 illu
545 5689 624 5751 vox,
646 5675 916 5753 inundaverunt,
963 5671 1067 5756 placat
1079 5681 1218 5742 sanatum
1234 5673 1429 5760 cyprianum.
1443 5677 1476 5744 ls
1496 5679 1528 5744 in
1553 5692 1696 5746 sermone
1710 5675 1750 5748 do
1763 5681 1808 5750 la·
