4048 6242
308 289 362 352 234
931 288 1157 350 tseusstos'ts
1177 290 1215 350 tlt
1235 289 1337 350 ondit

239 422 444 502 magnifacere
458 423 644 504 sempiterna
658 449 666 500 ς
682 421 794 500 docet,
816 437 884 486 non
903 424 1085 502 epmarcin
1129 424 1263 488 contenti
1275 422 1391 486 erimus
1403 435 1442 484 ει
1454 417 1538 484 bona
1550 421 1582 482 at
1591 416 1702 493 stellis,
1715 431 1791 497 quas
1813 416 1974 490 ridemus,

238 511 362 568 incerto
377 507 579 583 dicetensem,
591 509 649 571 sed
661 508 700 570 io
713 505 776 568 lleo
796 508 891 582 oiao,
912 508 1003 568 docet
1024 521 1085 567 nou
1128 507 1241 569 scalam
1257 506 1377 584 erigere
1390 519 1459 566 eum
1475 501 1622 581 Propheta
1635 547 1645 575 ,
1660 507 1694 564 ut
1708 501 1882 578 pantnanta
1904 501 1979 564 ieni-

237 589 339 650 iaeere
354 588 392 652 de
408 591 498 652 exitio
514 590 652 669 patriam,
669 603 728 651 nec
742 604 844 650 amare
866 589 1085 666 peregrinatio·
1128 605 1198 651 mus
1211 603 1247 652 ει
1259 588 1343 665 Sole,
1359 587 1471 667 quiesi
1483 585 1596 660 llur,at
1610 584 1756 664 princeps
1769 584 1918 648 luminum
1931 601 1979 647 re·

242 687 326 744 nem,
342 674 396 733 sed
412 673 556 750 tolerare3
572 673 706 750 denique
720 672 832 746 donet,
860 670 974 732 habere
995 670 1085 732 eitam
1127 672 1293 750 liquorum.

238 755 321 816 barac
332 761 526 830 praesentem
541 754 573 816 in
589 753 745 832 patientia,
762 769 831 815 εειε
847 751 888 815 ειι
901 751 992 830 plena
1007 753 1087 830 peri·
1169 752 1252 816 buna
1268 755 1345 814 duas
1356 750 1449 814 babet
1464 750 1675 829 proprietates,
1690 762 1768 828 quae
1782 747 1872 812 uobis
1887 750 1979 812 utiles

240 835 333 911 colis,
349 845 379 896 ει
394 836 624 912 tentationibus
639 844 669 899 et
695 841 821 898 mortem
848 834 880 900 ιε
904 836 1059 898 εεειεειιε
1076 880 1085 905 ,
1129 851 1201 898 esse
1217 843 1345 915 possunt
1359 835 1396 897 ad
1409 831 1673 914 ,ascendendum
1696 838 1727 894 et
1741 833 1977 908 promerendum

238 917 327 996 qaia:
340 918 432 982 Beati
445 921 585 996 mortui,
608 921 666 1000 qui
679 919 716 982 ira
731 917 866 982 Domino
887 917 1086 982 moriuntur.
1129 919 1238 990 beura,
1255 918 1337 996 prior
1359 923 1427 990 est,
1443 915 1526 992 quod
1541 932 1602 996 quo
1619 914 1714 992 magis
1729 915 1916 993 propinquat
1938 915 1977 976 ad

240 1001 399 1064 ordinatio
414 1017 502 1064 aerae
518 1001 672 1064 charitatis
686 1001 759 1079 qaid
774 1007 833 1077 est,
849 1000 907 1064 nisi
924 1000 1087 1077 ileum,qui
1130 999 1244 1076 Solem,
1258 1015 1296 1061 eo
1312 1000 1409 1079 magis
1421 998 1589 1061 illustratur
1602 997 1633 1060 in
1647 1003 1732 1076 parte
1743 998 1978 1075 superiore,qua

242 1083 316 1145 linis
337 1090 385 1147 εει
398 1083 533 1147 οιεειεει
547 1083 770 1147 desideriorum
784 1129 793 1158 ,
808 1085 877 1148 sine
892 1083 953 1146 line
967 1089 999 1144 ει
1017 1083 1087 1145 sina
1128 1083 1256 1163 respicit
1269 1084 1404 1158 coelum,
1420 1088 1450 1144 et
1464 1081 1644 1145 obscuratur
1658 1080 1688 1142 iu
1705 1084 1790 1156 parte
1809 1077 1977 1150 inleriore,

236 1181 383 1228 mensura
400 1167 538 1246 diligere:
554 1181 606 1230 res
620 1170 778 1241 caeteras,
800 1182 880 1245 qnae
900 1170 973 1228 sunt
987 1164 1088 1228 madir
1131 1181 1192 1244 qua
1204 1163 1331 1244 respicit
1344 1170 1469 1228 terram:
1483 1170 1514 1225 ει
1527 1164 1651 1242 quando
1672 1167 1720 1224 est
1734 1162 1859 1224 omuino
1873 1164 1979 1226 subie-

236 1249 277 1310 nd
290 1245 384 1310 daem
401 1249 529 1328 diligere
543 1265 612 1312 cum
629 1264 795 1326 mensura,
819 1255 849 1311 et
865 1251 976 1322 modo,
993 1265 1085 1327 quan·
1128 1255 1177 1310 cta
1193 1245 1268 1321 Soli,
1281 1254 1312 1310 ει
1323 1263 1393 1310 cum
1405 1262 1442 1308 eo
1453 1250 1581 1309 omnino
1592 1244 1764 1321 coniuncta,
1779 1249 1842 1308 ιειε
1859 1249 1917 1308 ιειε
1931 1249 1980 1308 εει

159 1399 160 1402 ¹
236 1337 303 1392 tum
319 1331 461 1394 ridelinet
476 1347 604 1396 necesse
620 1337 666 1394 est
681 1332 719 1394 ad
735 1330 841 1408 daem,
854 1332 884 1393 id
900 1333 1000 1408 estad
1016 1331 1086 1392 beu·
1130 1331 1231 1392 lucida
1247 1345 1354 1393 census
1368 1329 1505 1402 eoelum,
1521 1333 1552 1391 at
1566 1327 1696 1392 obseura
1716 1341 1824 1390 ιειεεε
1845 1333 1978 1390 terram:

237 1411 401 1476 titudinem
418 1415 680 1493 consequendam.
693 1413 782 1476 (lente
796 1429 888 1478 nemo
903 1421 949 1476 εει
963 1415 1044 1475 inter
1056 1411 1088 1472 ll·
1130 1419 1162 1476 et
1176 1417 1294 1489 contra,
1309 1429 1379 1476 euru
1394 1417 1442 1474 εει
1456 1411 1596 1490 opposita
1608 1407 1683 1481 Soli,
1696 1415 1758 1472 teta
1772 1409 1899 1472 illustris
1910 1427 1980 1473 eer-

237 1495 299 1557 lies
314 1495 486 1576 bominum,
502 1497 556 1575 qui
571 1497 651 1560 circa
674 1495 812 1577 corporis
833 1512 936 1559 curam
952 1495 991 1557 ιιι
1007 1495 1089 1557 ordi·
1131 1494 1212 1557 nitur
1226 1495 1264 1558 ab
1279 1496 1327 1568 its,
1341 1494 1393 1574 qui
1409 1498 1518 1557 terram
1534 1493 1683 1567 incolunt,
1699 1498 1729 1554 et
1743 1492 1819 1554 uitii
1833 1493 1912 1554 lunis
1925 1493 1980 1555 ba·

239 1593 312 1639 nem
328 1577 469 1654 inrertni,
486 1588 517 1640 ει
528 1581 689 1644 sanitatem
705 1584 786 1641 amet
800 1593 870 1642 cum
886 1585 1041 1648 mensura,
1059 1580 1090 1640 ct
1131 1576 1185 1639 bei
1197 1577 1229 1640 iu
1243 1582 1326 1655 parte
1341 1576 1514 1656 superiore,
1530 1591 1622 1656 quum
1637 1576 1803 1650 intuentur,
1826 1576 1878 1653 qul
1892 1573 1981 1638 inco·

238 1675 373 1722 amaram
390 1663 548 1742 potionem
562 1663 630 1726 sine
643 1676 797 1734 mensura,
820 1678 889 1724 cura
915 1660 1088 1723 scintillam
1130 1661 1197 1724 luut
1211 1660 1343 1724 εεειειε.
1360 1659 1441 1722 llaec
1453 1659 1558 1722 Lunae
1573 1659 1743 1738 proprietas
1755 1673 1895 1738 magnum
1908 1673 1982 1722 esse

240 1757 313 1806 ease
328 1743 421 1806 tinem
436 1745 515 1807 banc
530 1746 677 1808 medium.
693 1743 778 1806 unde
799 1742 891 1824 igitur
905 1743 960 1821 lit,
983 1749 1016 1806 ut
1029 1749 1087 1805 tam
1131 1747 1233 1820 potest
1245 1743 1476 1817 documentum,
1492 1740 1540 1804 rel
1554 1740 1727 1820 exemptum
1740 1740 1929 1813 mortalibus,
1946 1747 1982 1802 ιιι

242 1825 340 1904 ιεειιι,
356 1827 408 1906 εει
423 1827 580 1906 εεειεειεε
595 1825 689 1891 rideri
703 1826 820 1900 ratuni,
831 1826 862 1888 iu
873 1825 1089 1890 coacervandis
1129 1825 1313 1906 intelligant.
1328 1841 1418 1904 quam
1433 1823 1555 1888 solliciti
1569 1837 1641 1887 εεεε
1655 1821 1787 1886 debeant
1801 1823 1981 1902 propinqui-

133 1954 134 1960 ,
243 1908 368 1981 diuitiis,
391 1911 422 1970 ia
438 1911 623 1989 quaerendis
640 1909 849 1986 voluptatibus
871 1908 972 1970 caruis
986 1955 997 1984 ,
1012 1915 1042 1970 et
1056 1907 1086 1970 iu
1132 1908 1214 1980 tatis,
1230 1915 1261 1971 et
1275 1906 1499 1982 subiectionis,
1522 1911 1554 1969 et
1573 1903 1801 1969 coniunctionis
1821 1907 1858 1966 ad
1876 1920 1982 1969 rerum

244 1991 456 2068 adipiscendis
471 1993 622 2056 bonorum
649 1991 796 2071 gradibus
820 1991 937 2053 nullum
964 1991 1088 2054 modam
1131 1989 1436 2064 Patremluminum,
1458 1989 1553 2052 Deum
1576 1987 1692 2052 buram
1713 1986 1864 2067 ειεειιιεει
1884 1989 1985 2051 laomi-
2012 2003 2013 2072 ε

244 2073 412 2152 ιειεειιει,
428 2075 517 2154 quasi
531 2077 608 2138 baec
622 2075 701 2139 bona
718 2072 971 2137 bnissintcordis
983 2076 1089 2136 buma-
1131 2087 1215 2151 εειε
1229 2071 1282 2135 Sol
1293 2073 1404 2146 beram,
1420 2072 1545 2151 quaudo
1564 2070 1648 2134 Luna
1670 2075 1718 2134 εει
1737 2070 1876 2150 εεεοειιε
1892 2071 1955 2134 Soti
1971 2119 1981 2146 ,
2012 2085 2013 2102 ³

241 2155 319 2229 ni,ct
332 2157 362 2219 in
375 2158 506 2221 amando
521 2157 630 2234 lieo,ct
642 2156 785 2220 latinitate
799 2161 984 2236 sempiterna
997 2172 1090 2234 quaa·
1132 2163 1204 2218 tunc
1219 2155 1336 2218 lamine
1350 2160 1487 2218 mutuato
1508 2169 1524 2216 ι
1540 2152 1635 2230 Sole,
1656 2153 1783 2233 respicit
1804 2153 1899 2216 solam
1923 2162 1985 2218 ter·

237 2241 345 2312 reuda,
363 2241 401 2302 iis
416 2241 566 2319 angustiis
580 2239 715 2302 contenti
728 2238 801 2316 sint,
825 2241 910 2316 quasi
927 2239 1003 2301 baec
1026 2255 1088 2301 ma·
1129 2252 1207 2314 rom,
1224 2244 1255 2302 ει
1268 2244 1352 2318 terga
1367 2236 1595 2317 quodammodo
1608 2236 1696 2300 rertit
1715 2236 1816 2299 eoelo:
1840 2237 1921 2299 uude
1935 2243 1984 2300 et·

238 2321 286 2381 dia
302 2324 365 2386 sint
379 2321 416 2384 ad
440 2323 533 2384 linem
548 2370 558 2400 ,
575 2337 635 2385 nou
652 2320 873 2384 unisonarum
901 2321 1088 2383 mediorum?
1128 2319 1188 2382 ium
1204 2326 1276 2383 tuno
1291 2321 1496 2397 pulcherrima
1511 2326 1639 2399 apparet
1652 2317 1859 2382 habitantibus
1873 2321 1904 2381 in
1920 2323 1985 2382 ier·

236 2403 430 2467 ltiaomnino
444 2421 534 2468 eausa
551 2405 683 2482 estquis
698 2403 879 2481 sapientiam
895 2405 988 2466 buius
1002 2405 1087 2468 llun·
1128 2419 1173 2477 ra,
1195 2403 1251 2466 sed
1273 2401 1499 2466 deiormissima
1520 2402 1731 2466 babitantibus
1753 2401 1785 2463 ιε
1806 2399 1904 2465 coelo.
1928 2402 1984 2465 Sic

236 2486 267 2547 rii
284 2485 408 2564 babent,
425 2504 485 2550 non
502 2488 705 2565 sapientiam,
729 2501 807 2565 quae
832 2486 994 2550 desursum
1016 2491 1085 2562 est,
1128 2486 1255 2548 omniuo
1270 2485 1414 2548 mortales
1429 2486 1583 2562 homiues,
1598 2485 1720 2562 quaudo
1734 2483 1916 2564 longissime
1932 2503 1983 2548 re·
2012 2545 2013 2548 ,

236 2571 433 2632 descendeus
450 2587 465 2630 a
481 2569 569 2632 Patre
591 2570 754 2646 luminum,
779 2573 811 2632 et
831 2571 902 2648 quia
917 2567 1087 2631 ordinatam
1129 2573 1289 2631 cesserunt
1303 2585 1319 2628 a
1332 2567 1408 2640 lieo,
1424 2573 1457 2630 ιιι
1472 2566 1614 2630 iiliusiile
1627 2567 1786 2646 prodique,
1798 2568 1921 2644 quando
1934 2583 1983 2632 re·
2012 2585 2013 2608 ι

236 2650 416 2714 εεειιιειειε
434 2668 495 2716 εειι
511 2653 638 2728 babent,
655 2669 691 2713 ac
707 2651 831 2729 perhoo
843 2651 1021 2714 charitatem
1037 2667 1087 2716 aa·
1129 2651 1223 2713 cessit
1239 2667 1255 2712 a
1272 2656 1366 2730 patre,
1383 2655 1414 2712 ει
1434 2649 1508 2712 abiit
1529 2651 1560 2712 in
1583 2653 1740 2728 regionem
1758 2649 1956 2729 longinquam
1973 2695 1983 2726 ,
2012 2655 2013 2664 ³

234 2748 299 2795 ram
316 2749 375 2812 non
392 2734 517 2813 babent,
541 2750 619 2813 quae
640 2734 700 2796 nisi
716 2735 852 2797 ordinata
869 2749 1016 2796 essenon
1033 2751 1088 2813 po·
1131 2737 1203 2795 tuno
1218 2733 1384 2796 abutuntur
1399 2734 1517 2796 lumine
1530 2731 1680 2808 ratioms,
1702 2731 1785 2812 quod
1801 2749 1817 2793 o
1835 2733 1920 2796 latre
1935 2735 1984 2796 lu-

235 2822 306 2892 test,
320 2817 376 2878 sed
394 2818 474 2893 pleni
491 2823 563 2880 suni
578 2817 757 2894 cupiditate,
780 2831 860 2893 εειε
872 2832 909 2878 ει
923 2823 1006 2893 patre
1022 2832 1084 2880 non
1130 2816 1248 2878 minum
1261 2818 1458 2892 aeceperunt,
1473 2817 1511 2878 ad
1526 2815 1622 2878 solam
1635 2819 1743 2878 terram
1756 2814 1982 2892 inspiciendam

234 2905 295 2967 εει.
311 2900 367 2961 sod
385 2914 422 2961 ει
437 2901 562 2962 mundo.
586 2899 630 2962 Τε
652 2899 768 2978 igitur,
790 2900 889 2960 anima
905 2915 973 2962 mea
988 2945 997 2976 ,
1013 2901 1086 2962 dura
1129 2904 1161 2961 et
1174 2898 1259 2962 obliti
1274 2899 1369 2962 ileum
1381 2898 1480 2961 solam
1491 2903 1600 2962 terram
1612 2895 1854 2978 cogitantaolum
1872 2903 1984 2961 terram

234 2981 442 3060 peregrinaris
457 2998 473 3043 ι
490 2981 597 3060 patria,
614 2987 644 3045 ει
658 2983 738 3044 inter
753 2981 859 3044 bostas
872 2985 1016 3058 versaris,
1033 2981 1086 3059 qui
1130 2985 1241 3062 amant,
1258 2987 1288 3043 ei
1301 2981 1332 3043 in
1347 2981 1415 3044 eius
1430 2980 1522 3043 bonis
1537 2980 1746 3059 adipiscendis
1761 2981 1813 3042 toti
1827 2996 1985 3060 occupan-

233 3077 323 3124 rerae
338 3064 520 3142 sapientiae,
536 3079 689 3144 seraeque
704 3065 842 3127 charitati
858 3063 1087 3140 insidiantur,et
1129 3069 1188 3138 tur,
1205 3069 1235 3127 ει
1249 3069 1322 3127 tunc
1337 3081 1351 3124 a
1366 3061 1440 3126 litiis
1455 3062 1547 3128 liuius
1561 3064 1676 3126 saeculi
1689 3063 1845 3142 sapientes
1857 3070 1887 3125 et
1900 3063 1983 3128 beati

232 3145 372 3208 astutiam
389 3162 444 3225 pro
460 3147 625 3225 sapientia,
642 3152 672 3209 ει
695 3145 892 3225 cupiditatem
915 3163 971 3222 pro
986 3147 1084 3209 ohari-
1129 3147 1356 3224 praedicantur.
1372 3144 1434 3210 Sed
1447 3147 1486 3209 ab
1500 3145 1605 3224 iis,qui
1621 3146 1738 3226 degunt
1759 3145 1791 3208 in
1806 3147 1893 3210 coelo
1908 3163 1984 3225 pau·

233 3235 292 3290 iaie
307 3235 508 3308 supponunt.
531 3229 703 3309 ingemiseo
725 3231 895 3294 totocorde
910 3231 947 3291 ad
966 3229 1084 3291 Patrem
1129 3243 1232 3307 pares,
1248 3233 1279 3290 ει
1295 3229 1381 3306 nudi,
1398 3233 1429 3291 et
1442 3229 1541 3299 cneci,
1555 3234 1584 3292 ει
1599 3226 1765 3304 deformes,
1788 3233 1819 3290 ει
1833 3229 1936 3292 ειιεειι
1953 3236 1986 3292 ει

231 3310 397 3385 ιειειεεει,
413 3318 446 3374 ει
458 3311 524 3374 data
546 3313 674 3388 optima,
698 3317 729 3374 ει
740 3310 818 3374 dona
835 3310 1087 3390 perfecissemus
1129 3309 1322 3374 miserabiles
1336 3310 1634 3375 iudicarunccnrra
1648 3309 1815 3374 verobona
1827 3327 1897 3374 oum
1910 3312 1984 3375 Sole

233 3394 356 3456 scilicet
370 3396 539 3472 sapientiae
554 3394 678 3467 lucam,
704 3400 735 3457 et
756 3393 914 3460 ordinatae
929 3395 1085 3458 eharitatis
1128 3394 1315 3471 coniuncta,
1339 3393 1383 3457 illi
1407 3394 1543 3472 perlecta
1564 3393 1748 3467 subiicitur,
1775 3398 1833 3456 tota
1849 3394 1931 3457 lucet
1946 3413 1985 3458 ex

232 3477 372 3538 ardorem
389 3479 427 3539 ad
443 3493 495 3538 cur
510 3485 594 3539 tuum
610 3476 802 3539 descendere
818 3476 919 3542 iaciat.
937 3482 971 3539 ει
983 3476 1022 3540 iis
1038 3493 1085 3541 re·
1128 3481 1214 3554 parte
1230 3476 1579 3556 superincumbam
1594 3475 1695 3540 solum
1718 3477 1864 3555 respicit,
1882 3484 1984 3541 terrae

230 3558 347 3636 platus,
364 3574 420 3637 per
433 3559 511 3621 aiam
528 3560 738 3622 mandatorum
762 3559 814 3620 liei
839 3557 990 3623 inollonso
1005 3561 1085 3637 pede
1128 3573 1200 3621 aero
1216 3564 1299 3638 terga
1315 3558 1540 3637 quodammodo
1555 3558 1665 3634 vertit,
1688 3564 1718 3623 ει
1739 3559 1777 3622 ab
1793 3559 1936 3624 humanis
1951 3577 1986 3623 o·

230 3646 378 3703 occurras
401 3645 432 3703 ει
453 3642 490 3703 ad
514 3644 639 3719 patriam
664 3642 745 3704 illam
767 3639 947 3720 peruenias,
971 3642 1023 3704 ubi
1045 3644 1085 3706 de
1103 3659 1109 3670 ¹
1129 3641 1209 3704 nolis
1223 3644 1347 3719 penitus
1370 3639 1536 3705 ειεεεεειι.
1559 3641 1610 3705 Sin
1630 3643 1758 3705 omuino
1778 3655 1848 3706 eum
1869 3643 1987 3721 impius

230 3721 301 3797 ipso
315 3721 400 3786 ιεειε
414 3722 584 3802 ειειεειιεε
598 3723 758 3799 bibitur,et
772 3724 812 3787 de
826 3739 903 3804 puro
918 3725 996 3789 laete
1012 3726 1082 3789 aba·
1129 3723 1237 3796 incipit
1252 3722 1291 3786 ad
1306 3725 1450 3801 pietatem
1466 3723 1575 3788 reverti
1591 3770 1600 3800 ‚
1624 3731 1655 3786 ει
1676 3736 1732 3802 per
1747 3726 1984 3789 conrarsionem

230 3805 329 3866 citatis
343 3807 464 3870 vivitur.
1129 3806 1293 3883 perlectam
1307 3806 1383 3881 Deo,
1398 3822 1471 3869 vero
1484 3807 1651 3870 animarum
1664 3805 1740 3885 Soli,
1752 3806 1915 3871 subiicitur
1929 3825 1987 3887 per

271 3886 367 3951 Venio
382 3905 466 3951 uuuo
481 3889 517 3952 ad
535 3894 656 3966 tempus
667 3895 862 3962 nocturnum,
886 3888 917 3952 iu
934 3905 995 3970 quo
1009 3907 1077 3956 coc·
1130 3888 1343 3966 bumilitatem,
1360 3897 1390 3952 ει
1405 3889 1601 3970 coniungitur
1622 3905 1678 3968 per
1698 3889 1895 3968 ebaritatorn,
1911 3898 1986 3954 tunc

228 3969 293 4032 lum
311 3971 401 4033 uobis
416 3987 471 4048 per
492 3971 607 4034 Lunam
631 3979 662 4036 et
682 3972 788 4035 stellas
808 3972 935 4052 qradum
959 3972 1029 4036 iacit
1043 3974 1082 4037 ad
1129 3971 1287 4051 adimplet,
1304 3972 1385 4050 quod
1399 3971 1565 4052 Apostolus
1580 3977 1695 4043 monet,
1713 3979 1744 4034 ut
1767 3987 1846 4049 quae
1861 3990 1987 4038 sursum

227 4055 459 4115 ascendendum
476 4054 506 4115 in
524 4053 632 4133 Deum,
655 4055 701 4116 ειε
716 4055 796 4119 enim
814 4057 948 4134 loquitur
962 4056 1080 4118 David:
1127 4060 1200 4116 sunt
1215 4061 1352 4133 quaerat,
1376 4056 1428 4116 ubi
1445 4056 1586 4119 cbristus
1607 4060 1655 4118 est
1669 4058 1699 4116 ia
1715 4055 1838 4118 dextera
1860 4056 1939 4129 llci,
1958 4064 1989 4121 ct

230 4131 512 4209 Qoooiooroid'cbo
524 4139 627 4201 coeloe
638 4140 999 4218 tuoacpcrcdiqitorum
1010 4146 1079 4203 too·
1128 4153 1207 4215 quae
1221 4151 1343 4200 sursum
1360 4143 1432 4202 suut
1448 4140 1557 4217 sapiat,
1575 4153 1636 4199 non
1653 4153 1731 4216 quae
1748 4153 1842 4214 super
1855 4146 1985 4210 terram,

226 4222 306 4294 ιεει,
325 4219 440 4281 ιεεεει
455 4227 484 4282 ει
494 4220 614 4298 ειειιεε,
639 4237 724 4303 quoe
738 4220 946 4298 iufundosti.
964 4222 995 4285 Si
1011 4238 1081 4286 coe·
1128 4225 1159 4282 ει
1179 4227 1251 4283 tuno
1274 4219 1314 4282 ab
1336 4221 1555 4296 insipientibus
1577 4227 1811 4298 contemnatur,
1835 4229 1865 4283 at
1892 4225 1984 4300 quasi

226 4304 290 4360 tum
307 4301 409 4380 ipsum
427 4301 529 4366 ridere
546 4319 721 4382 possemus,
737 4320 800 4367 non
816 4303 934 4366 diceret
949 4305 1083 4383 Prophe·
1127 4306 1267 4366 mortuus
1281 4309 1450 4382 reputetur,
1466 4319 1538 4367 rere
1553 4305 1636 4366 enim
1652 4305 1703 4379 εει
1721 4303 1788 4366 talis
1803 4307 1986 4376 est,mundo

227 4391 270 4456 ta,
289 4385 376 4460 quasi
393 4385 587 4461 explicando,
601 4388 682 4464 quod
699 4391 770 4450 ιειε
785 4392 952 4465 εεεεειει,
969 4387 1084 4453 ianam
1125 4391 1265 4448 mortuus
1280 4391 1373 4461 eat,et
1387 4384 1445 4448 rita
1461 4387 1529 4449 eius
1543 4384 1707 4450 abcondita
1719 4395 1767 4450 est
1781 4385 1986 4451 numdbristo

226 4471 255 4526 ει
266 4467 385 4538 stelias,
410 4483 477 4546 εεε
492 4468 699 4548 infundenti,
723 4475 753 4532 ει
774 4486 847 4532 saue
863 4484 889 4532 ει
905 4472 942 4533 ad
959 4469 1078 4534 melum
1126 4469 1157 4529 in
1172 4466 1238 4531 lieo
1252 4468 1308 4530 sad
1324 4485 1393 4531 cum
1409 4469 1584 4548 apparuerit
1598 4466 1735 4532 Christus
1749 4469 1808 4532 rita
1821 4472 1988 4543 aios,tunc

223 4552 330 4626 ipsum
345 4565 457 4611 sensus
475 4549 569 4614 nostri
587 4553 793 4632 pertingerent
807 4598 815 4624 ,
839 4560 890 4615 aut
912 4555 980 4616 eius
995 4560 1082 4616 natu·
1127 4556 1158 4612 et
1174 4549 1242 4629 ipse
1262 4550 1423 4628 apparebit
1439 4568 1508 4614 εειε
1525 4549 1645 4613 carisio
1659 4551 1689 4612 in
1703 4551 1821 4632 picria,
1844 4560 1876 4615 ut
1893 4551 1981 4616 idem

224 4647 288 4692 ιειε
305 4638 334 4692 et
347 4632 508 4707 qualitales
523 4640 603 4697 certa
628 4639 744 4698 ratione
767 4635 951 4714 inuestigare
975 4653 1080 4714 posse·
1126 4631 1289 4712 epaenetus
1304 4634 1414 4696 eodem
1430 4634 1499 4696 loco
1514 4633 1685 4714 subiungit.

225 4713 376 4785 anus,sine
392 4715 582 4779 dubitatione
595 4717 749 4798 egregiam
764 4719 877 4779 scalam
894 4718 1081 4782 haberemus
1170 4713 1265 4791 tique
1278 4713 1354 4779 baec
1370 4722 1418 4780 est
1432 4733 1523 4779 nausa
1538 4713 1596 4798 (ει
1610 4733 1637 4779 s.
1655 4716 1841 4796 Augustinus
1856 4715 1886 4778 in
1909 4715 1986 4796 Ilpi-

225 4795 263 4855 ad
280 4794 391 4857 bean.
407 4796 471 4858 lion
489 4799 665 4876 ignoremus
686 4803 809 4879 quidem
833 4817 894 4863 noo
917 4801 1077 4874 delaissa,
1125 4798 1203 4861 stola
1218 4799 1256 4862 ad
1268 4797 1443 4862 Ianuarium
1458 4795 1626 4880 annotarit)
1641 4815 1695 4862 cur
1709 4799 1822 4865 Pascha
1838 4800 1979 4872 Domini,

224 4878 276 4951 εει
293 4892 332 4939 ex
346 4885 428 4941 motu
451 4883 617 4960 syderum,
641 4890 778 4946 naturam
802 4881 882 4946 coeli
904 4881 1078 4946 dellnierint
1124 4885 1182 4942 tarn
1196 4881 1226 4942 iu
1242 4881 1312 4960 lege
1327 4881 1432 4957 reteri,
1449 4896 1540 4959 quam
1558 4881 1588 4942 in
1606 4898 1693 4954 nora,
1718 4898 1779 4945 non
1802 4886 1899 4960 possit
1918 4882 1981 4946 rite

223 4960 361 5034 (quintam
377 4967 552 5034 essentiam.
566 4966 751 5042 simplicem,
766 4966 1080 5043 incorruptibilem,et
1124 4962 1287 5040 celebrari,
1305 4964 1363 5027 nist
1380 4963 1552 5042 plenilunio
1567 4970 1703 5040 peraeto,
1720 4965 1750 5027 id
1762 4971 1821 5036 est,
1834 4982 1905 5029 curu
1921 4963 1985 5028 Lu·

222 5057 302 5118 εειε
316 5047 463 5121 perpetuo
480 5053 633 5111 moneatur
649 5049 678 5109 in
694 5048 814 5111 orbem:
830 5049 885 5111 sed
901 5047 1017 5113 scimus
1034 5053 1077 5110 et·
1125 5061 1176 5123 ει,
1192 5062 1271 5124 εειε
1286 5045 1316 5109 ιε
1334 5046 1506 5124 plenilunio
1533 5051 1580 5109 εει
1605 5047 1768 5126 opposita,
1794 5048 1903 5126 incipit
1926 5064 1985 5122 per

221 5126 283 5184 iarn
301 5138 362 5185 non
379 5125 513 5191 doluisse
527 5132 617 5204 aiios,
635 5130 687 5210 εει
704 5131 823 5194 εοεΙειε
840 5145 911 5193 esse
926 5129 1076 5194 volueriut
1125 5129 1356 5192 conversionem
1372 5130 1473 5190 redire
1488 5129 1526 5190 ad
1543 5128 1791 5192 corriunotionenr
1815 5147 1883 5192 cum
1908 5132 1983 5194 Sole

222 5207 411 5300 clementum
428 5207 526 5287 ignis,
551 5216 631 5290 quod
649 5231 708 5276 non
727 5218 884 5276 moecatur
897 5211 929 5274 in
945 5213 1072 5287 orbem,
1122 5211 1215 5272 coluit
1232 5211 1313 5274 enim
1330 5211 1414 5274 Deus
1429 5212 1488 5273 boc
1503 5213 1628 5274 coelesti
1646 5214 1735 5291 signo
1751 5213 1981 5290 demonstrare,

221 5305 281 5352 nec
295 5289 582 5380 sitineorruptibilc
597 5297 764 5360 seeundum
781 5300 957 5375 partesmns
972 5302 1073 5356 autern
1121 5307 1175 5368 per
1191 5292 1366 5356 Passionem
1390 5300 1419 5356 et
1434 5291 1700 5358 Resurrectionem
1724 5295 1844 5358 bomini
1867 5297 1981 5358 lactum

222 5389 283 5434 nun
300 5372 461 5445 opiniones
483 5379 536 5438 sed
560 5380 717 5440 scientiam
739 5385 875 5455 certam,
898 5383 949 5439 aut
964 5377 1075 5440 doetri-
1119 5382 1237 5446 esseut
1253 5378 1344 5440 homo
1356 5376 1601 5440 contrariusllao
1618 5394 1671 5458 per
1683 5378 1872 5456 iniquitatem
1888 5397 1979 5440 suam

222 5469 292 5514 nam
308 5453 380 5518 lidei
392 5457 578 5534 quaerimus,
597 5467 629 5524 ut
644 5478 681 5524 ex
696 5477 730 5524 ea
748 5461 837 5524 nobis
858 5459 896 5522 ad
912 5461 1007 5523 ileum
1022 5476 1074 5523 eo·
1118 5457 1268 5538 inciperet
1283 5461 1418 5522 correrii
1434 5461 1470 5522 ad
1486 5460 1597 5534 Deum,
1611 5468 1702 5538 atque
1717 5462 1755 5522 ad
1770 5462 1837 5524 eius
1850 5465 1981 5538 qratiam

222 5538 433 5616 gnosceudum
449 5543 561 5606 scalam
585 5544 713 5608 solidam
740 5549 966 5640 construamus.
992 5541 1072 5622 lquo
1119 5547 1149 5604 et
1166 5546 1311 5606 unionem
1328 5557 1492 5623 properare
1509 5559 1563 5622 por
1579 5543 1719 5608 maritum
1743 5543 1813 5618 lusu
1829 5544 1958 5608 Christi.
