4080 6252
802 361 908 420 ntuetr
927 357 1116 421 SECUNDUS
1711 365 1762 422 tsl

69 491 299 574 eus,·inqnant,
322 501 370 563 ost
389 495 591 576 proluuntur,
613 495 767 576 siqnidem
789 497 934 563 homines
978 495 1101 560 ttorrarn
1111 497 1360 581 lactantioqutd
1370 496 1623 567 corrotundant
1635 498 1836 566 transierunt

10 593 12 654 3
35 603 39 611 ·
70 575 217 655 reprobi,
229 587 354 659 proptor
368 580 501 660 ingentia
514 582 640 644 erimina
652 581 756 644 laesae
767 581 935 648 maiestatis
979 582 1092 642 omnin
1105 581 1166 644 illo
1180 589 1348 663 tamquam
1362 580 1489 646 umbro.
1503 580 1621 662 (dapar.
1634 579 1684 666 Ι5.)

10 663 13 686 l
66 655 220 738 divinae,
249 678 405 727 earcerem
426 662 611 728 obtinebunt
633 665 667 727 in
687 663 934 746 ¹prolundissima
1019 661 1186 728 Veniamus
1201 668 1237 728 ad
1250 665 1420 733 secundum
1433 666 1834 744 eaput,quodasttempus.

68 751 163 814 parte
178 748 295 819 mundi,
310 763 389 827 quae
401 747 581 826 longissime
593 745 817 828 distataileqia
830 749 934 824 domo,
981 743 1131 824 Quamdiu
1147 749 1269 814 durabit
1282 749 1408 811 exilium
1431 748 1619 830 gehennae?
1639 745 1758 832 Utinam
1775 762 1836 808 uon

9 896 13 910 ‚
65 837 155 900 quaa
170 832 217 890 est
230 828 261 889 in
277 832 392 892 coelis:
405 830 465 893 boe
481 831 564 893 enim
579 831 708 894 decebat
723 839 757 892 ut
770 834 936 910 sumpliaio
981 828 1095 892 diutius
1120 851 1212 909 quam
1238 832 1356 894 duravit
1377 832 1527 897 incolatus
1549 833 1626 896 vitae
1642 827 1835 909 praesumis!

9 913 13 940 l
68 909 275 973 rnaiataretnr
289 914 434 992 superbia
450 913 563 976 diaboli
580 925 610 977 et
621 913 816 977 homininum
828 931 937 996 super·
980 911 1035 973 sed
1050 914 1134 978 nulla
1147 918 1205 978 erit
1220 915 1406 993 comparatio
1421 934 1431 986 ς
1446 919 1573 994 tempori
1587 916 1669 978 enim
1685 931 1747 978 non
1762 919 1837 974 tem·

8 987 11 1072 ,¹
71 989 202 1054 borum.
218 991 368 1060 Diabolus
389 997 472 1060 enirn
494 996 639 1060 dicebat:
654 997 695 1060 1rr
716 998 841 1062 eoelum
862 1016 936 1063 ooo·
981 1011 1051 1071 pus,
1066 999 1121 1059 sed
1137 1001 1301 1062 aeternitas
1316 997 1474 1061 suooedet.
1497 998 1604 1075 Itaque
1620 998 1735 1061 tamdiu
1749 995 1837 1058 dura·

65 1076 442 1157 soendum‚suparastra
453 1079 513 1143 Dea·
524 1080 675 1142 amattubo
686 1079 935 1158 solimannum,
981 1078 1025 1139 bit
1050 1078 1197 1144 habitatio
1221 1081 1385 1161 impiorum
1401 1080 1446 1144 ‘in
1474 1081 1633 1146 tormentis
1661 1081 1835 1161 gehennae,

8 1159 12 1194 ·'
64 1159 192 1222 similit
207 1161 649 1241 eroAttraatmo,(loo.lt.)
672 1165 727 1226 sad
749 1181 935 1242 responsum
982 1163 1127 1236 quamdiu
1143 1165 1264 1227 durabit
1279 1163 1442 1226 aeternitas
1456 1161 1524 1235 Ilei,
1539 1182 1619 1244 qnae
1633 1163 1837 1242 sioutpriooi·

7 1273 8 1278 =
75 1241 458 1322 estillizuldinternum
477 1247 656 1310 ιιιινιιιιοτιι
676 1247 714 1308 tn
733 1248 938 1327 profundum
982 1245 1033 1321 ρίο
1049 1253 1142 1322 caret,
1160 1251 1198 1310 ita
1210 1249 1323 1311 aarabit
1341 1255 1371 1310 et
1386 1247 1458 1310 tine.
1475 1246 1602 1312 Tamdiu
1616 1247 1838 1327 torquebuntur

7 1323 9 1362 ¹
70 1324 156 1400 toci,
168 1329 252 1404 qnod
270 1330 352 1392 idem
364 1331 524 1410 eontinqat
538 1330 683 1393 omnibus
694 1329 872 1395 bominibus
886 1350 938 1396 su·
981 1327 1127 1405 damnati,
1141 1332 1285 1408 quamdiu
1301 1331 1494 1393 laetabuntur
1504 1330 1599 1393 Beati.
1614 1332 1750 1409 lienique
1762 1335 1836 1391 tarn·

7 1411 8 1414 ’
71 1409 205 1485 perbiae
218 1408 303 1474 illlis.
886 1427 890 1436 ’
982 1409 1033 1472 diu
1050 1415 1172 1492 reprobi
1189 1413 1370 1488 moriantur,
1387 1413 1531 1492 quamdin
1546 1413 1629 1478 Deus
1642 1415 1709 1495 ipse
1722 1415 1834 1476 virent:

6 1514 8 1528 ’
116 1491 162 1553 Ex
176 1492 233 1554 bae
255 1499 356 1556 eutem
377 1497 474 1578 prima
496 1509 652 1559 aerumma
673 1496 873 1576 reproborum
888 1515 938 1562 se·
983 1503 1011 1555 el
1028 1496 1086 1557 nisi
1101 1498 1221 1559 desinat
1234 1513 1306 1561 esse
1320 1496 1414 1574 Dans,
1432 1497 1475 1569 id,
1492 1498 1573 1575 quod
1597 1505 1655 1573 est,
1679 1512 1741 1559 non
1756 1495 1837 1559 dosi-

6 1573 7 1592 ¹
72 1582 213 1650 quantur
223 1580 286 1638 tres
299 1578 389 1652 aliae,
401 1579 560 1657 tenebrae,
574 1579 746 1660 angustiae,
760 1588 790 1643 et
801 1590 934 1661 egestas:
984 1587 1056 1648 nant
1071 1580 1194 1656 reprobi
1206 1597 1281 1644 esse
1293 1581 1324 1642 in
1338 1580 1460 1658 poenis,
1481 1580 1516 1641 in
1530 1580 1644 1658 quibus
1658 1587 1741 1643 sunt.
1758 1577 1783 1642 0
1797 1579 1837 1638 ri-

73 1655 237 1720 Nemeum
260 1658 406 1724 Gebanna
429 1664 515 1724 sitin
532 1669 640 1726 centro
656 1669 766 1737 terrae,
790 1665 935 1742 adquam
982 1671 1007 1720 ta
1026 1662 1195 1726 mortifera!
1213 1680 1231 1726 0
1254 1677 1338 1727 mors
1360 1663 1557 1726 immortalis!
1573 1665 1599 1726 si
1621 1664 1681 1726 viia
1696 1679 1743 1737 eb,
1760 1678 1835 1742 quo·

70 1739 179 1802 loonm
196 1742 271 1804 radii
286 1744 375 1812 solis.
391 1749 422 1808 et
436 1747 540 1819 lunae,
557 1751 587 1807 at
601 1744 758 1809 stellarum
772 1755 937 1824 penetrare
982 1747 1072 1827 modo
1087 1746 1220 1810 nauidist
1236 1747 1262 1810 si
1280 1761 1361 1809 mors
1377 1762 1424 1816 es,
1440 1745 1595 1824 quomodo
1608 1746 1722 1810 duras?
1734 1760 1836 1824 nequo

5 1829 6 1868 ι
72 1837 141 1886 non
155 1831 308 1903 possunt3
323 1827 400 1889 nibil
416 1828 447 1890 in
463 1845 499 1892 ea
514 1829 640 1891 luminis
655 1843 725 1892 esse
737 1831 860 1908 poterit,
877 1833 936 1896 nisi
980 1827 1072 1905 igitur
1088 1847 1182 1901 mors,
1198 1846 1302 1909 neque
1323 1829 1381 1891 rita
1404 1827 1534 1898 dicenda
1558 1846 1611 1910 es;
1634 1829 1780 1912 quoniam
1804 1846 1837 1889 ιι-

5 1911 6 1920 ’
74 1912 228 1984 quantum
244 1925 281 1971 ex
303 1913 375 1988 iqne
396 1911 566 1990 sulphureo
581 1919 666 1974 extra
681 1913 803 1990 poterit,
819 1915 870 1992 qul
885 1931 937 1978 au·
982 1916 1125 1993 trumque
1141 1913 1248 1977 borum
1272 1915 1343 1976 boni
1360 1911 1476 1991 aliquid
1491 1907 1586 1974 babet
1606 1911 1664 1976 rita
1687 1915 1835 1994 quietem,

5 1997 7 2036 ι
70 1990 174 2070 gebit,
192 2005 255 2053 non
272 1994 388 2056 minuat
403 2009 546 2072 poenum.
563 1994 717 2058 Videbunt
731 1996 814 2059 onim
836 2014 874 2062 ao
889 2001 934 2062 lu·
981 2003 1010 2056 at
1027 2013 1108 2060 mors
1124 1995 1215 2058 finem
1227 2015 1235 2057 ε
1249 2002 1280 2060 ιι
1296 2011 1369 2058 vero
1384 2011 1485 2076 neque
1500 1993 1593 2058 linem
1615 1993 1726 2060 babes.
1751 1995 1830 2070 Quid

75 2075 163 2136 mine
179 2074 360 2153 daemones,
376 2076 483 2141 hostes
498 2093 573 2140 suos
585 2078 841 2144 crudelissimos:
853 2083 937 2145 ride·
979 2078 1071 2158 iqitnr
1094 2087 1122 2142 ta
1148 2095 1218 2142 essa
1233 2079 1385 2152 dinamus,
1409 2080 1468 2142 nisi
1491 2078 1520 2139 id
1536 2083 1633 2142 totum
1649 2076 1733 2152 mali,
1750 2078 1832 2158 quod

72 2155 158 2218 bunt
169 2167 295 2236 qnoque
319 2159 461 2224 homines
490 2162 571 2238 illos,
588 2162 652 2224 sire
666 2162 793 2240 amieos,
808 2163 872 2227 sire
887 2184 936 2230 oo·
980 2171 1009 2224 at
1022 2166 1079 2226 rita
1091 2169 1122 2226 et
1138 2177 1220 2227 mors
1236 2161 1470 2241 babettllaqna
1486 2162 1622 2239 prateolo
1634 2178 1686 2226 res
1698 2169 1795 2236 asset,
1808 2159 1838 2223 si

73 2247 198 2316 gnatos.
224 2241 276 2318 qni
299 2243 481 2318 perditionis
502 2261 609 2308 eornm
626 2261 716 2308 nausa
731 2243 877 2310 luerunt:
894 2253 935 2312 vi·
978 2249 1028 2311 rel
1046 2245 1246 2311 mediocriter
1270 2245 1444 2324 intelligere
1466 2259 1631 2322 possemus
1645 2241 1719 2323 quid
1734 2245 1774 2309 sit
1788 2260 1837 2306 ae·

74 2321 197 2384 debunt
210 2323 346 2402 danique
361 2341 447 2390 snam
462 2330 642 2398 nuditatem.¹
656 2343 744 2391 suam
756 2331 935 2397 mendicita·
981 2334 1107 2394 ternltas
1123 2345 1304 2407 poenarum.
1322 2329 1403 2390 liaeo
1417 2331 1499 2391 anim
1514 2328 1578 2390 sola
1592 2327 1747 2408 cogitatio,
1762 2333 1834 2410 tam·

3 2417 6 2456 ι
75 2412 153 2477 tem,
169 2421 225 2468 soa
241 2409 373 2481 rinoula,
390 2426 443 2473 sun
456 2416 619 2488 tormento,
634 2427 712 2488 quae
728 2414 829 2476 omnia
842 2433 936 2497 oupe·
980 2431 1071 2494 quam
1086 2415 1224 2476 fraenum
1241 2411 1407 2492 quoddam,
1425 2425 1534 2474 omnes
1554 2409 1714 2496 bominum
1729 2411 1833 2474 libidi-

75 2494 149 2551 rant
163 2488 294 2553 tortasse
310 2507 371 2554 non
389 2493 491 2556 ridere
505 2511 513 2554 ε
527 2494 641 2574 aliquid
656 2494 743 2570 boni,
760 2499 841 2561 undo
864 2517 937 2564 non·
982 2515 1038 2562 uas
1052 2503 1227 2572 ooaroeret3
1244 2501 1275 2558 et
1289 2497 1329 2564 ita
1343 2499 1476 2559 nostram
1490 2493 1791 2576 ritamtemporaret,
1804 2499 1839 2555 nt

75 2573 262 2635 solrtionem
280 2584 407 2646 possent
420 2576 574 2656 aooipera,
591 2585 674 2641 certe
689 2594 752 2642 non
774 2579 932 2648 ridebunt.
981 2597 1042 2644 non
1058 2580 1222 2646 christiani
1246 2578 1349 2652 modo,
1374 2577 1429 2640 sad
1445 2577 1535 2639 etiam
1559 2576 1750 2642 dnauhnreta
1767 2593 1838 2639 sau·

76 2653 104 2716 0
121 2655 287 2718 tenebras!
304 2658 458 2729 tenebras,
472 2661 509 2722 ad
525 2661 625 2724 omnia
640 2660 720 2724 bona
735 2663 936 2747 oooultande;
980 2664 1112 2728 otissimi
1127 2678 1235 2726 omnes
1250 2677 1322 2726 esse
1334 2660 1521 2723 rideremus.
1606 2734 1608 2740 ,
1807 2730 1809 2738 ,

2 2755 4 2794 ι
77 2753 143 2799 nnn
160 2739 304 2802 tenebras
318 2743 355 2804 ad
371 2742 471 2805 omnia
486 2746 564 2806 mala
580 2745 814 2812 manitasranda.
1024 2749 1130 2812 Restat
1143 2762 1179 2809 er
1194 2745 1293 2807 tribus
1307 2743 1402 2807 rebus
1417 2742 1585 2821 propositis
1608 2744 1695 2820 solus
1710 2741 1833 2813 modus,

1 2840 5 2872 r
94 2846 98 2856 ·
121 2821 218 2885 Porro
229 2823 389 2901 angustiae
404 2827 435 2888 in
450 2828 591 2905 gebenna
608 2833 707 2890 tantae
719 2838 801 2906 sunt,
814 2841 848 2894 ut
859 2834 936 2896 mul·
980 2851 1072 2918 quam
1085 2845 1156 2902 esse
1171 2827 1303 2891 diximus
1323 2842 1454 2908 poenam
1470 2822 1539 2908 sine
1562 2825 1789 2908 modo.,Poena
1805 2843 1836 2888 e·

77 2904 244 2968 titudinem
260 2921 420 2985 corporum
434 2910 645 2974 damnatorum
658 2913 851 2991 rixeapiant.
864 2916 934 2978 llam
981 2923 1045 2984 nim
1060 2916 1223 2995 gehennae
1240 2909 1305 2988 ‚nori
1333 2916 1380 2974 est
1402 2909 1569 2988 singularis
1595 2909 1696 2992 aliqua
1721 2926 1834 2994 poena,

1 3007 2 3048 t
75 3003 149 3049 eum
166 2995 244 3051 terra
267 2987 307 3051 sit
321 2993 408 3067 quasi
431 3001 578 3070 punctum
602 2995 800 3074 impartibile,
824 2999 850 3061 si
866 3013 935 3062 oum
980 3004 1034 3069 sed
1047 3011 1215 3079 poenarum
1229 2993 1365 3057 omnium
1379 2991 1540 3055 cumulus:
1559 2997 1738 3071 torquentur
1752 2993 1834 3055 enim

17 3073 20 3080 '
76 3070 159 3134 onoli
172 3071 377 3138 immensitate
389 3084 594 3154 oomparetur,
608 3078 791 3158 etqebenna
804 3097 865 3144 non
877 3087 937 3145 ter·
980 3091 1010 3148 in
1028 3083 1190 3165 qetrennae
1205 3093 1313 3140 omnes
1336 3090 1458 3147 sensus,
1484 3075 1548 3137 sire
1564 3074 1688 3160 interni,
1706 3075 1770 3140 sire
1786 3092 1837 3139 or·

1 3174 3 3218 ι
76 3162 268 3229 ramtotam,
284 3172 385 3236 neque
400 3163 518 3239 partem
534 3159 704 3236 dimidiam,
720 3162 777 3227 sed
798 3171 937 3230 nentrum
981 3166 1080 3242 taroi3
1097 3163 1191 3242 idque
1214 3176 1274 3223 noo
1290 3175 1346 3238 per
1359 3161 1454 3237 tiens,
1472 3155 1529 3220 sed
1543 3159 1748 3248 omnesuistae
1762 3175 1838 3239 poe·

77 3240 278 3302 solummodo
294 3242 546 3319 oomprebandat‚
563 3246 594 3306 et
611 3259 762 3308 numerus
777 3248 935 3311 hominnm
981 3270 1039 3316 naa
1051 3255 1202 3326 tamqnam
1215 3244 1338 3323 nqmine
1350 3242 1427 3304 iacto
1440 3241 1470 3302 in
1485 3241 1642 3324 bominem
1659 3247 1767 3310 urunt.
1780 3241 1838 3306 Hie

77 3321 294 3385 damnatorum
309 3325 349 3386 sit
362 3325 493 3405 amplior
507 3342 598 3405 quam
614 3343 762 3391 numerus
776 3331 937 3396 salvando·
980 3338 1011 3399 tn
1026 3333 1117 3397 terris
1133 3330 1212 3390 sieut
1227 3326 1342 3389 bonum
1358 3324 1503 3405 generale
1524 3321 1700 3406 Beatorum,
1716 3325 1760 3388 itu
1775 3342 1839 3387 ma-

75 3421 159 3479 rum,
175 3404 214 3468 de
229 3405 342 3483 quibus
353 3414 454 3472 tantan
467 3409 600 3490 legimus
611 3412 643 3473 in
656 3411 850 3493 llpaoalypsi:
867 3415 939 3481 Vidi
978 3421 1042 3483 lum
1065 3412 1146 3478 istud
1168 3411 1314 3492 generale
1336 3407 1547 3470 damnatorum
1563 3424 1729 3488 numquam
1745 3423 1838 3490 expe·

77 3489 210 3551 turbem
222 3505 389 3569 maqnonr,
406 3507 506 3572 quam
520 3496 730 3559 dinumerare
741 3509 836 3560 nemo
848 3506 937 3578 pote·
980 3503 1091 3566 rimur:
1108 3493 1245 3572 namqui
1261 3491 1360 3556 naulis
1376 3490 1471 3565 dolet,
1488 3505 1550 3552 non
1566 3491 1672 3565 simul,
1689 3491 1836 3557 dentibus

76 3577 133 3634 rut
143 3589 156 3649 ,·
171 3571 282 3652 (apoc.
305 3570 352 3655 l.)
373 3577 442 3654 quis
457 3577 559 3640 animo
574 3579 838 3657 eomprehendere
853 3587 936 3660 pote·
981 3585 1073 3654 dolet,
1092 3587 1123 3643 et
1134 3578 1185 3656 qui
1202 3575 1359 3646 dentibus,
1371 3589 1433 3636 non
1449 3568 1540 3636 simul
1556 3571 1668 3638 oeulis:
1684 3581 1714 3638 et
1729 3571 1777 3638 sio'
1797 3576 1836 3639 de

79 3656 132 3728 rit,
148 3663 279 3734 quantae
294 3657 357 3718 sint
371 3661 529 3739 angustiae
546 3662 576 3722 ln
592 3661 848 3742 qabennaiEant
864 3672 937 3731 tuno
980 3664 1111 3732 caeteris
1126 3661 1164 3724 ad
1176 3650 1523 3724 eumdemmodum.Sad
1538 3657 1620 3734 apud
1636 3653 1764 3742 inieros,
1782 3647 1835 3723 do·

76 3737 305 3818 Reqesmaqni,
317 3739 610 3817 Nabuchodonosor,
625 3747 935 3824 ilarius,Alexander,
981 3754 1064 3814 tores
1085 3742 1269 3809 atroeissimi
1292 3741 1325 3804 in
1347 3738 1492 3803 omnibus
1517 3739 1665 3803 membris
1681 3759 1742 3804 uno
1758 3749 1833 3804 tem·

76 3817 180 3884 Julius
195 3819 316 3896 caesar,
334 3830 365 3887 et
378 3826 442 3898 alii,
459 3843 537 3905 qnos
551 3832 700 3890 terrarum
716 3829 800 3893 orbis
813 3829 863 3894 rix
886 3851 934 3895 aa·
982 3851 1055 3913 pora
1068 3825 1218 3896 tolerandi
1232 3831 1388 3901 sunt,anm
1400 3823 1482 3904 ignis
1494 3823 1654 3901 gehennae
1666 3829 1761 3886 totum
1771 3841 1838 3888 oor·

80 3919 154 3980 pere
170 3910 309 3983 poterat;
325 3915 355 3970 et
369 3909 551 3987 dilatent-si
567 3910 697 3987 possint,
711 3913 868 3992 angustias
883 3930 934 3996 qe·
978 3935 1036 3996 pus
1058 3914 1183 3983 ambiat,
1200 3916 1230 3972 et
1245 3915 1339 3971 toturn
1356 3905 1626 3969 vehementissime
1638 3912 1839 3996 torqueat,et

78 3989 213 4064 bennae,
242 3994 276 4051 ut
300 3991 391 4066 paulo
411 3993 601 4057 commodius
626 3995 757 4073 iaceant,
785 4003 815 4058 at
840 4001 934 4076 paulo
979 4013 1143 4076 numquam
1160 3997 1332 4055 consumat.
1349 3989 1394 4052 Ite
1409 3989 1510 4069 inquit
1531 3989 1642 4068 lodex,
1668 3991 1836 4072 iniquam

80 4070 186 4134 mitius
205 4077 397 4151 torquentur.
420 4075 446 4140 0
461 4077 576 4140 vanitas
590 4078 753 4141 vanitatum
766 4079 775 4140 !
790 4081 934 4145 extende·
977 4071 1346 4162 aeramentorum.)
1361 4079 1391 4135 at
1403 4068 1512 4136 isaias:
1528 4069 1645 4136 tumn
1657 4089 1840 4138 eorumnoo

79 4169 114 4217 ra
129 4161 159 4216 et
174 4154 301 4217 dilatare
322 4161 511 4224 eontendunt
534 4162 677 4225 mortales
693 4161 757 4224 tere
781 4178 890 4228 omnes
905 4181 936 4228 a·
977 4168 1160 4240 moriture
1173 4161 1261 4241 tqnis
1275 4172 1344 4220 non
1357 4153 1838 4240 eoottnquitur,(ls.tib.ldure.9.)

78 4253 152 4316 qros
166 4251 251 4312 snos,
270 4237 404 4306 ditiones
419 4261 503 4316 snas,
519 4244 708 4322 aequaeua,
726 4250 758 4307 ut
779 4245 819 4308 ad
840 4247 933 4312 breve
979 4246 1156 4328 quaerarba
1169 4243 1319 4305 Dominus
1330 4241 1360 4302 in
1376 4238 1540 4319 Eranqolio
1555 4237 1636 4316 apud
1649 4237 1782 4304 Marsum
1795 4247 1842 4304 ert

80 4323 263 4399 tempusde
285 4324 476 4390 subditorum
494 4327 686 4392 multitudine
701 4327 889 4409 glorientur,
905 4339 936 4395 et
978 4328 1229 4407 inaodemeapita
1240 4322 1434 4402 repetivitut
1445 4321 1633 4399 nobisplane
1647 4324 1678 4384 in
1691 4323 1838 4390 sordibus

79 4405 112 4466 in
124 4411 276 4468 ‘meatem
293 4406 355 4472 iltis
382 4427 545 4490 numquam
561 4411 654 4482 uenit,
670 4416 802 4491 quantae
817 4412 888 4477 illos
903 4415 934 4478 in
981 4417 1181 4496 imprimeret,
1197 4424 1326 4489 poenam
1340 4406 1503 4487 genennae
1514 4419 1584 4468 esse
1596 4406 1697 4486 iqnem
1711 4412 1836 4470 aeterno

79 4490 221 4568 gebenna
247 4492 406 4569 angustiae
435 4499 566 4562 maneat,
594 4494 645 4555 ubi
667 4509 729 4556 non
752 4498 789 4558 nd
811 4501 936 4576 tempus
982 4508 1123 4578 tempora
1136 4497 1326 4563 duraturum,
1343 4496 1374 4552 et
1388 4504 1502 4566 corpus
1517 4494 1615 4551 lotum
1629 4489 1736 4553 dolore
1752 4507 1837 4554 acer·

78 4571 172 4636 breve
189 4574 243 4636 sed
266 4575 332 4638 sina
349 4576 604 4656 attenuaretur
619 4576 726 4653 nolint,
740 4577 937 4645 habitarero·
982 4585 1059 4646 rimo
1075 4591 1266 4662 peromnem
1283 4572 1493 4636 aeternitatem
1516 4571 1733 4650 erudelissima
1744 4590 1834 4637 rera-

79 4663 205 4735 qentnr.
660 4688 662 4694 ¹
983 4676 1097 4730 turum.
1113 4661 1169 4740 Qui
1183 4661 1328 4724 viderunt
1342 4655 1500 4718 bominem
1514 4655 1596 4736 insto
1611 4654 1726 4718 iudioio
1740 4654 1794 4720 bio
1804 4657 1836 4721 in

118 4737 183 4802 tam
197 4757 269 4806 raro
281 4742 354 4824 qnid
367 4749 406 4812 de
418 4745 591 4810 incredibili
602 4749 736 4824 eqestnte
748 4747 934 4824 perditorum
981 4753 1071 4814 terris
1083 4749 1155 4830 lqna
1167 4742 1309 4816 aremari,
1323 4737 1371 4800 rix
1384 4741 1549 4816 potuerunt
1560 4744 1762 4816 conspectum
1775 4737 1839 4805 eiu·

81 4823 935 4913 bominumdieamtomniurnrarumbonarnmaqant,
981 4832 1081 4898 smodi
1097 4827 1242 4908 supplioil
1265 4824 1407 4895 tolerare,
1431 4836 1500 4884 olim
1520 4821 1623 4884 libem
1649 4820 1835 4888 brevissimo
1952 4867 1960 4886 -

82 4907 150 4970 sola
165 4925 334 4987 poenarum
351 4913 535 4977 abundantia
548 4913 657 4978 divites
672 4918 742 4975 sunt
757 4929 866 4977 omnes
881 4915 935 4992 illi,
982 4925 1119 4996 tempore
1134 4913 1268 4975 finiatur.
1285 4905 1371 4982 Quod
1388 4903 1414 4968 si
1429 4904 1532 4978 homo,
1542 4905 1737 4982 quantumuis
1751 4922 1836 4984 reus,

83 4992 136 5068 qui
151 4990 183 5051 in
198 4992 306 5056 inieris
328 4992 482 5060 habitant.¹
498 4997 649 5059 llamores
662 4995 891 5073 quidam-arunt
905 4998 936 5061 in
981 5001 1018 5064 ad
1030 5002 1184 5079 integrum
1199 4995 1280 5055 diam
1296 4991 1327 5052 in
1343 4989 1414 5072 igne
1428 4993 1640 5067 perseueraret
1652 5006 1661 5066 3
1675 4995 1758 5052 nerto
1770 4991 1838 5055 nul-

82 5073 226 5153 qebenna
241 5076 385 5140 homines
400 5081 521 5156 diuites,
534 5079 656 5159 quantis
668 5079 789 5144 deitatis
803 5080 939 5144 abnnda-
979 5086 1029 5147 lus
1041 5082 1123 5144 tarra
1140 5083 1244 5158 posset
1258 5071 1469 5154 spectaculum
1486 5075 1545 5134 ιιιιι
1568 5069 1768 5167 borrendum.
1785 5073 1836 5137 bi·

82 5157 182 5219 verint
197 5159 322 5224 interra
337 5160 408 5224 dnm
424 5163 572 5238 virerent,
589 5163 652 5225 siue
667 5163 697 5223 in
714 5163 784 5226 oibo
805 5172 836 5228 et
852 5171 935 5245 potu,
981 5173 1026 5230 ast
1042 5167 1134 5248 igitur
1157 5163 1233 5224 intra
1249 5172 1284 5220 se
1300 5156 1526 5254 unusquisque,
1545 5155 1574 5218 st
1587 5155 1666 5220 terre
1682 5172 1743 5220 non
1766 5175 1836 5238 pos·

81 5241 148 5304 sira
161 5239 195 5302 in
210 5245 347 5308 restibus
367 5247 521 5324 pretiosis,
544 5247 654 5310 sivein
676 5247 893 5311 venationibus
907 5256 938 5311 et
981 5257 1044 5313 tum
1058 5246 1302 5312 combustionem
1319 5242 1453 5302 hominis
1478 5241 1619 5312 autentis,
1643 5238 1835 5319 quinihtlad

84 5324 238 5404 auonpiis,
254 5327 319 5390 sire
341 5331 371 5391 in
388 5329 485 5393 bortis
500 5331 652 5400 aletreta,
676 5329 741 5392 sire
762 5332 793 5392 in
809 5331 937 5396 tbaatrls
982 5351 1030 5396 me
1045 5332 1194 5408 pertinet:
1217 5341 1278 5406 quo
1300 5326 1391 5387 modo
1413 5323 1492 5384 terra
1514 5329 1621 5397 potero
1644 5324 1834 5389 combustio·

84 5413 115 5470 et
129 5408 212 5471 ludis
225 5411 327 5488 variis,
343 5414 399 5475 sad
413 5413 490 5476 haee
506 5414 606 5475 omnis
616 5413 785 5476 recordatio
798 5415 933 5478 dolorem
985 5432 1057 5482 nem
1071 5413 1210 5493 eorporis
1225 5407 1284 5470 mei
1299 5406 1336 5469 ad
1354 5421 1444 5502 onam
1460 5405 1576 5502 boram,
1591 5407 1647 5504 ‘rel
1663 5407 1764 5503 .di.⁸¹¹¹=
1787 5409 1836 5474 rel

84 5492 220 5570 auqebit,
238 5509 307 5556 anm
323 5511 358 5558 sa
372 5497 504 5560 viderint
519 5495 549 5557 in
565 5497 704 5575 qebanna
719 5496 819 5561 nudos
830 5497 934 5562 ianen·
987 5513 1138 5572 mansam,
1155 5493 1202 5558 rat
1213 5491 1352 5582 annum?
1366 5495 1397 5552 et
1411 5500 1436 5551 sr
1452 5488 1511 5552 bno
1521 5505 1618 5586 ‘ornus
1629 5487 1702 5552 mrbr
1716 5487 1835 5557 ridetur

88 5581 147 5649 tas,
162 5584 323 5653 respectos
338 5579 431 5644 rebus
447 5596 482 5642 aa
496 5579 627 5642 tertunis
641 5580 785 5645 omnibus
800 5579 934 5644 miserri-
980 5582 1182 5654 horrendum,
1206 5583 1239 5639 ut
1259 5590 1300 5638 ne
1321 5573 1455 5653 cogitare
1478 5574 1601 5653 quadem
1626 5571 1657 5634 id
1679 5587 1833 5718 f⁰⁵⁵¹¹¹¹¹i

85 5673 134 5720 roe
149 5660 308 5740 spoliatos,
325 5667 398 5726 tuna
413 5663 515 5727 dicent
531 5663 653 5744 qaodin
668 5663 748 5729 libro
758 5663 933 5743 saptentiae
979 5684 1041 5748 qua
1055 5663 1181 5730 stultitia
1197 5674 1256 5740 eqo
1270 5659 1339 5741 ipse
1354 5672 1404 5720 me
1418 5661 1478 5718 tam
1494 5654 1604 5738 qrandi
1624 5669 1680 5735 per
1694 5655 1767 5721 enlo
1781 5671 1832 5722 ex·

85 5740 238 5823 leqlnna:
256 5745 443 5824 Quidoabto
455 5745 578 5828 proserit
589 5747 933 5826 rapubtotaotattat-
977 5755 1061 5832 pond
1077 5756 1109 5814 nt
1124 5745 1246 5811 ardeam
1259 5742 1289 5805 in
1300 5737 1572 5816 neteinumlouod
1587 5735 1614 5802 si
1625 5737 1682 5804 iata
1695 5735 1835 5807 nonore}-

10 475 19 522 l,
