<?xml version="1.0" encoding="UTF-8"?>
<!DOCTYPE html PUBLIC "-//W3C//DTD XHTML 1.0 Transitional//EN"
    "http://www.w3.org/TR/xhtml1/DTD/xhtml1-transitional.dtd">
<html xmlns="http://www.w3.org/1999/xhtml" xml:lang="en" lang="en">
 <head>
  <title>
</title>
<meta http-equiv="Content-Type" content="text/html;charset=utf-8" />
  <meta name='ocr-system' content='tesseract 3.04.00' />
  <meta name='ocr-capabilities' content='ocr_page ocr_carea ocr_par ocr_line ocrx_word'/>
</head>
<body>
  <div class='ocr_page' id='page_1' title='image "./operaomnia00sforgoog/operaomnia00sforgoog_0489.png"; bbox 0 0 4080 6252; ppageno 0'>
   <div class='ocr_carea' id='block_1_1' title="bbox 296 305 366 370">
    <p class='ocr_par' dir='ltr' id='par_1_1' title="bbox 296 305 366 370">
     <span class='ocr_line' id='line_1_1' title="bbox 296 305 366 370; baseline 0.114 -9"><span class='ocrx_word' id='word_1_1' title='bbox 296 305 366 370; x_wconf 70' lang='grc'>486,</span> 
     </span>
    </p>
   </div>
   <div class='ocr_carea' id='block_1_2' title="bbox 224 436 1082 1428">
    <p class='ocr_par' dir='ltr' id='par_1_2' title="bbox 224 436 1081 858">
     <span class='ocr_line' id='line_1_2' title="bbox 224 436 1077 520; baseline -0.008 -15"><span class='ocrx_word' id='word_1_2' title='bbox 224 439 332 505; x_wconf 88' lang='lat' dir='ltr'>Nostro</span> <span class='ocrx_word' id='word_1_3' title='bbox 347 444 485 518; x_wconf 88' lang='lat' dir='ltr'>tempore</span> <span class='ocrx_word' id='word_1_4' title='bbox 501 439 627 516; x_wconf 63' lang='lat' dir='ltr'>aegroti,</span> <span class='ocrx_word' id='word_1_5' title='bbox 646 453 715 500; x_wconf 82' lang='lat' dir='ltr'>cram</span> <span class='ocrx_word' id='word_1_6' title='bbox 735 436 865 520; x_wconf 25' lang='lat' dir='ltr'>&#39;aridiunt</span> <span class='ocrx_word' id='word_1_7' title='bbox 891 441 1077 518; x_wconf 81' lang='lat' dir='ltr'>mentionem</span> 
     </span>
     <span class='ocr_line' id='line_1_3' title="bbox 225 519 1080 588; baseline -0.006 -2"><span class='ocrx_word' id='word_1_8' title='bbox 225 524 290 586; x_wconf 86' lang='lat' dir='ltr'>flori</span> <span class='ocrx_word' id='word_1_9' title='bbox 304 522 461 586; x_wconf 74' lang='lat' dir='ltr'>Extremae</span> <span class='ocrx_word' id='word_1_10' title='bbox 474 519 639 588; x_wconf 80' lang='lat' dir='ltr'>unctionis,</span> <span class='ocrx_word' id='word_1_11' title='bbox 654 520 837 581; x_wconf 71' lang='lat' dir='ltr'>arbitrantur</span> <span class='ocrx_word' id='word_1_12' title='bbox 848 520 907 580; x_wconf 90' lang='lat' dir='ltr'>iam</span> <span class='ocrx_word' id='word_1_13' title='bbox 920 527 1020 582; x_wconf 85' lang='lat' dir='ltr'>actum</span> <span class='ocrx_word' id='word_1_14' title='bbox 1033 536 1080 583; x_wconf 90' lang='lat' dir='ltr'>es·</span> 
     </span>
     <span class='ocr_line' id='line_1_4' title="bbox 226 605 1078 684; baseline -0.014 -15"><span class='ocrx_word' id='word_1_15' title='bbox 226 623 261 669; x_wconf 91' lang='lat' dir='ltr'>se</span> <span class='ocrx_word' id='word_1_16' title='bbox 277 606 315 668; x_wconf 89' lang='lat' dir='ltr'>dc</span> <span class='ocrx_word' id='word_1_17' title='bbox 330 612 389 668; x_wconf 88' lang='lat' dir='ltr'>rita</span> <span class='ocrx_word' id='word_1_18' title='bbox 404 625 459 668; x_wconf 90' lang='lat' dir='ltr'>sua</span> <span class='ocrx_word' id='word_1_19' title='bbox 473 625 482 683; x_wconf 84' lang='lat'>3</span> <span class='ocrx_word' id='word_1_20' title='bbox 499 621 595 684; x_wconf 80' lang='lat' dir='ltr'>eaque</span> <span class='ocrx_word' id='word_1_21' title='bbox 611 605 648 664; x_wconf 91' lang='lat' dir='ltr'>de</span> <span class='ocrx_word' id='word_1_22' title='bbox 664 619 754 664; x_wconf 90' lang='lat' dir='ltr'>causa</span> <span class='ocrx_word' id='word_1_23' title='bbox 772 607 891 679; x_wconf 75' lang='lat' dir='ltr'>cognati</span> <span class='ocrx_word' id='word_1_24' title='bbox 914 605 961 664; x_wconf 87' lang='lat' dir='ltr'>rel</span> <span class='ocrx_word' id='word_1_25' title='bbox 977 609 1078 680; x_wconf 74' lang='lat' dir='ltr'>amici,</span> 
     </span>
     <span class='ocr_line' id='line_1_5' title="bbox 228 685 1081 768; baseline 0 -18"><span class='ocrx_word' id='word_1_26' title='bbox 228 703 266 751; x_wconf 91' lang='lat' dir='ltr'>oo</span> <span class='ocrx_word' id='word_1_27' title='bbox 280 697 435 768; x_wconf 76' lang='lat' dir='ltr'>aegrotos,</span> <span class='ocrx_word' id='word_1_28' title='bbox 452 696 595 764; x_wconf 90' lang='lat' dir='ltr'>terreant,</span> <span class='ocrx_word' id='word_1_29' title='bbox 610 685 754 748; x_wconf 91' lang='lat' dir='ltr'>diiierunt</span> <span class='ocrx_word' id='word_1_30' title='bbox 777 688 835 746; x_wconf 88' lang='lat' dir='ltr'>hoe</span> <span class='ocrx_word' id='word_1_31' title='bbox 850 686 1081 750; x_wconf 76' lang='lat' dir='ltr'>Sacramentum</span> 
     </span>
     <span class='ocr_line' id='line_1_6' title="bbox 227 772 818 858; baseline -0.008 -24"><span class='ocrx_word' id='word_1_32' title='bbox 227 772 373 849; x_wconf 78' lang='lat' dir='ltr'>quamdiu</span> <span class='ocrx_word' id='word_1_33' title='bbox 388 780 529 853; x_wconf 89' lang='lat' dir='ltr'>possunt.</span> <span class='ocrx_word' id='word_1_34' title='bbox 816 855 818 858; x_wconf 15' lang='grc' dir='ltr'>Ι</span> 
     </span>
    </p>

    <p class='ocr_par' dir='ltr' id='par_1_3' title="bbox 227 853 1082 1428">
     <span class='ocr_line' id='line_1_7' title="bbox 268 853 1081 931; baseline -0.001 -13"><span class='ocrx_word' id='word_1_35' title='bbox 268 857 321 920; x_wconf 77' lang='lat' dir='ltr'>test</span> <span class='ocrx_word' id='word_1_36' title='bbox 342 858 433 918; x_wconf 89' lang='lat' dir='ltr'>etiarn</span> <span class='ocrx_word' id='word_1_37' title='bbox 455 858 511 916; x_wconf 88' lang='lat' dir='ltr'>ulia</span> <span class='ocrx_word' id='word_1_38' title='bbox 527 853 612 930; x_wconf 86' lang='lat' dir='ltr'>ratio,</span> <span class='ocrx_word' id='word_1_39' title='bbox 638 869 717 929; x_wconf 86' lang='lat' dir='ltr'>auae</span> <span class='ocrx_word' id='word_1_40' title='bbox 738 859 859 918; x_wconf 86' lang='lat' dir='ltr'>veteres</span> <span class='ocrx_word' id='word_1_41' title='bbox 881 853 1032 931; x_wconf 79' lang='lat' dir='ltr'>movebat,</span> <span class='ocrx_word' id='word_1_42' title='bbox 1049 860 1081 917; x_wconf 95' lang='lat' dir='ltr'>ut</span> 
     </span>
     <span class='ocr_line' id='line_1_8' title="bbox 228 938 1080 1020; baseline -0.006 -17"><span class='ocrx_word' id='word_1_43' title='bbox 228 944 327 1020; x_wconf 92' lang='lat' dir='ltr'>primo</span> <span class='ocrx_word' id='word_1_44' title='bbox 352 941 420 1001; x_wconf 85' lang='lat' dir='ltr'>toro</span> <span class='ocrx_word' id='word_1_45' title='bbox 443 940 627 1016; x_wconf 76' lang='lat' dir='ltr'>inungerent</span> <span class='ocrx_word' id='word_1_46' title='bbox 650 947 815 1020; x_wconf 80' lang='lat' dir='ltr'>aegrotas.</span> <span class='ocrx_word' id='word_1_47' title='bbox 845 939 957 1000; x_wconf 90' lang='lat' dir='ltr'>deiude</span> <span class='ocrx_word' id='word_1_48' title='bbox 991 938 1080 1000; x_wconf 83' lang='lat' dir='ltr'>Viati-</span> 
     </span>
     <span class='ocr_line' id='line_1_9' title="bbox 227 1021 1082 1100; baseline -0.004 -13"><span class='ocrx_word' id='word_1_49' title='bbox 227 1041 298 1087; x_wconf 92' lang='lat' dir='ltr'>cum</span> <span class='ocrx_word' id='word_1_50' title='bbox 313 1023 358 1086; x_wconf 91' lang='lat' dir='ltr'>eis</span> <span class='ocrx_word' id='word_1_51' title='bbox 373 1022 556 1100; x_wconf 87' lang='lat' dir='ltr'>praeberent</span> <span class='ocrx_word' id='word_1_52' title='bbox 570 1038 579 1097; x_wconf 78' lang='grc' dir='ltr'><strong>ς</strong></span> <span class='ocrx_word' id='word_1_53' title='bbox 596 1021 669 1097; x_wconf 83' lang='lat' dir='ltr'>auia</span> <span class='ocrx_word' id='word_1_54' title='bbox 683 1023 826 1084; x_wconf 76' lang='lat' dir='ltr'>videlicet</span> <span class='ocrx_word' id='word_1_55' title='bbox 841 1024 871 1082; x_wconf 92' lang='lat' dir='ltr'>in</span> <span class='ocrx_word' id='word_1_56' title='bbox 886 1022 1082 1085; x_wconf 88' lang='lat' dir='ltr'>Sacramenta</span> 
     </span>
     <span class='ocr_line' id='line_1_10' title="bbox 228 1104 1081 1180; baseline -0.004 -10"><span class='ocrx_word' id='word_1_57' title='bbox 228 1107 388 1170; x_wconf 85' lang='lat' dir='ltr'>tinctionis</span> <span class='ocrx_word' id='word_1_58' title='bbox 403 1109 598 1166; x_wconf 89' lang='lat' dir='ltr'>remittuntur</span> <span class='ocrx_word' id='word_1_59' title='bbox 611 1112 746 1178; x_wconf 84' lang='lat' dir='ltr'>peccata,</span> <span class='ocrx_word' id='word_1_60' title='bbox 762 1113 793 1167; x_wconf 92' lang='lat' dir='ltr'>ut</span> <span class='ocrx_word' id='word_1_61' title='bbox 808 1109 867 1166; x_wconf 92' lang='lat' dir='ltr'>iam</span> <span class='ocrx_word' id='word_1_62' title='bbox 884 1121 920 1166; x_wconf 88' lang='lat' dir='ltr'>ex</span> <span class='ocrx_word' id='word_1_63' title='bbox 935 1104 1081 1180; x_wconf 83' lang='lat' dir='ltr'>Apostolo</span> 
     </span>
     <span class='ocr_line' id='line_1_11' title="bbox 228 1188 1082 1252; baseline -0.002 0"><span class='ocrx_word' id='word_1_64' title='bbox 228 1191 341 1252; x_wconf 92' lang='lat' dir='ltr'>Jaaobo</span> <span class='ocrx_word' id='word_1_65' title='bbox 357 1189 546 1250; x_wconf 86' lang='lat' dir='ltr'>audirimus:</span> <span class='ocrx_word' id='word_1_66' title='bbox 563 1195 592 1248; x_wconf 90' lang='lat' dir='ltr'>et</span> <span class='ocrx_word' id='word_1_67' title='bbox 608 1188 677 1248; x_wconf 87' lang='lat' dir='ltr'>ideo</span> <span class='ocrx_word' id='word_1_68' title='bbox 694 1197 816 1249; x_wconf 88' lang='lat' dir='ltr'>vocatur</span> <span class='ocrx_word' id='word_1_69' title='bbox 832 1205 846 1246; x_wconf 92' lang='lat' dir='ltr'>a</span> <span class='ocrx_word' id='word_1_70' title='bbox 860 1190 1017 1250; x_wconf 73' lang='lat' dir='ltr'>nonnullis</span> <span class='ocrx_word' id='word_1_71' title='bbox 1032 1206 1082 1250; x_wconf 88' lang='lat' dir='ltr'>re·</span> 
     </span>
     <span class='ocr_line' id='line_1_12' title="bbox 228 1269 1081 1350; baseline 0 -16"><span class='ocrx_word' id='word_1_72' title='bbox 228 1285 325 1337; x_wconf 88' lang='lat' dir='ltr'>terum</span> <span class='ocrx_word' id='word_1_73' title='bbox 340 1273 477 1332; x_wconf 77' lang='lat' dir='ltr'>Extrema</span> <span class='ocrx_word' id='word_1_74' title='bbox 502 1271 619 1334; x_wconf 85' lang='lat' dir='ltr'>tinctio.</span> <span class='ocrx_word' id='word_1_75' title='bbox 643 1271 844 1333; x_wconf 84' lang='lat' dir='ltr'>Paenitentia</span> <span class='ocrx_word' id='word_1_76' title='bbox 864 1269 1081 1350; x_wconf 69' lang='lat' dir='ltr'>infirmorum,</span> 
     </span>
     <span class='ocr_line' id='line_1_13' title="bbox 231 1354 1081 1428; baseline -0.005 -10"><span class='ocrx_word' id='word_1_77' title='bbox 231 1357 425 1418; x_wconf 84' lang='lat' dir='ltr'>Peccatarum</span> <span class='ocrx_word' id='word_1_78' title='bbox 442 1359 542 1415; x_wconf 88' lang='lat' dir='ltr'>autern</span> <span class='ocrx_word' id='word_1_79' title='bbox 560 1354 702 1414; x_wconf 86' lang='lat' dir='ltr'>remissio</span> <span class='ocrx_word' id='word_1_80' title='bbox 718 1363 747 1415; x_wconf 90' lang='lat' dir='ltr'>et</span> <span class='ocrx_word' id='word_1_81' title='bbox 763 1356 931 1428; x_wconf 70' lang='lat' dir='ltr'>penitentia</span> <span class='ocrx_word' id='word_1_82' title='bbox 946 1357 1081 1417; x_wconf 88' lang='lat' dir='ltr'>rectissi-</span> 
     </span>
    </p>
   </div>
   <div class='ocr_carea' id='block_1_3' title="bbox 865 303 1344 370">
    <p class='ocr_par' dir='ltr' id='par_1_4' title="bbox 865 303 1344 370">
     <span class='ocr_line' id='line_1_14' title="bbox 865 303 1344 370; baseline 0.013 -10"><span class='ocrx_word' id='word_1_83' title='bbox 865 305 911 360; x_wconf 70' lang='grc' dir='ltr'>ΒΕ</span> <span class='ocrx_word' id='word_1_84' title='bbox 933 304 1030 360; x_wconf 75' lang='lat' dir='ltr'>attii]</span> <span class='ocrx_word' id='word_1_85' title='bbox 1051 303 1146 360; x_wconf 82' lang='lat' dir='ltr'>BENE</span> <span class='ocrx_word' id='word_1_86' title='bbox 1170 309 1344 370; x_wconf 75' lang='lat' dir='ltr'>Moutettbt</span> 
     </span>
    </p>
   </div>
   <div class='ocr_carea' id='block_1_4' title="bbox 1126 444 1993 1448">
    <p class='ocr_par' dir='ltr' id='par_1_5' title="bbox 1126 444 1990 1171">
     <span class='ocr_line' id='line_1_15' title="bbox 1130 444 1990 523; baseline 0.015 -23"><span class='ocrx_word' id='word_1_87' title='bbox 1130 459 1190 503; x_wconf 92' lang='lat' dir='ltr'>nan</span> <span class='ocrx_word' id='word_1_88' title='bbox 1215 444 1387 520; x_wconf 86' lang='lat' dir='ltr'>protanam,</span> <span class='ocrx_word' id='word_1_89' title='bbox 1414 447 1471 505; x_wconf 92' lang='lat' dir='ltr'>sed</span> <span class='ocrx_word' id='word_1_90' title='bbox 1496 459 1642 518; x_wconf 81' lang='lat' dir='ltr'>sacrum3</span> <span class='ocrx_word' id='word_1_91' title='bbox 1666 461 1728 506; x_wconf 93' lang='lat' dir='ltr'>non</span> <span class='ocrx_word' id='word_1_92' title='bbox 1754 449 1913 523; x_wconf 86' lang='lat' dir='ltr'>corporis,</span> <span class='ocrx_word' id='word_1_93' title='bbox 1936 454 1990 514; x_wconf 88' lang='lat' dir='ltr'>sed</span> 
     </span>
     <span class='ocr_line' id='line_1_16' title="bbox 1126 527 1989 608; baseline 0.014 -24"><span class='ocrx_word' id='word_1_94' title='bbox 1126 529 1247 584; x_wconf 88' lang='lat' dir='ltr'>animae</span> <span class='ocrx_word' id='word_1_95' title='bbox 1261 545 1268 586; x_wconf 94' lang='lat'>:</span> <span class='ocrx_word' id='word_1_96' title='bbox 1284 530 1354 588; x_wconf 90' lang='lat' dir='ltr'>ideo</span> <span class='ocrx_word' id='word_1_97' title='bbox 1370 527 1501 600; x_wconf 78' lang='lat' dir='ltr'>additur,</span> <span class='ocrx_word' id='word_1_98' title='bbox 1517 530 1555 588; x_wconf 81' lang='lat' dir='ltr'>in</span> <span class='ocrx_word' id='word_1_99' title='bbox 1570 543 1632 607; x_wconf 87' lang='lat' dir='ltr'>quo</span> <span class='ocrx_word' id='word_1_100' title='bbox 1657 527 1798 590; x_wconf 84' lang='lat' dir='ltr'>Christus</span> <span class='ocrx_word' id='word_1_101' title='bbox 1820 535 1989 608; x_wconf 77' lang='lat' dir='ltr'>sumitur:</span> 
     </span>
     <span class='ocr_line' id='line_1_17' title="bbox 1127 610 1989 692; baseline 0.012 -24"><span class='ocrx_word' id='word_1_102' title='bbox 1127 613 1174 669; x_wconf 87' lang='lat' dir='ltr'>ast</span> <span class='ocrx_word' id='word_1_103' title='bbox 1189 610 1270 670; x_wconf 91' lang='lat' dir='ltr'>enim</span> <span class='ocrx_word' id='word_1_104' title='bbox 1287 615 1345 671; x_wconf 92' lang='lat' dir='ltr'>suh</span> <span class='ocrx_word' id='word_1_105' title='bbox 1362 611 1425 672; x_wconf 91' lang='lat' dir='ltr'>ittis</span> <span class='ocrx_word' id='word_1_106' title='bbox 1440 611 1608 684; x_wconf 74' lang='lat' dir='ltr'><strong>speciebus</strong></span> <span class='ocrx_word' id='word_1_107' title='bbox 1623 612 1687 672; x_wconf 88' lang='lat' dir='ltr'>sire</span> <span class='ocrx_word' id='word_1_108' title='bbox 1702 612 1925 674; x_wconf 84' lang='lat' dir='ltr'>accidentibus</span> <span class='ocrx_word' id='word_1_109' title='bbox 1942 635 1989 692; x_wconf 89' lang='lat' dir='ltr'>pa-</span> 
     </span>
     <span class='ocr_line' id='line_1_18' title="bbox 1127 693 1989 771; baseline 0.014 -21"><span class='ocrx_word' id='word_1_110' title='bbox 1127 693 1188 762; x_wconf 83' lang='lat' dir='ltr'>nis,</span> <span class='ocrx_word' id='word_1_111' title='bbox 1205 693 1437 756; x_wconf 85' lang='lat' dir='ltr'>rerumChrisii</span> <span class='ocrx_word' id='word_1_112' title='bbox 1456 694 1584 771; x_wconf 84' lang='lat' dir='ltr'>Corpus.</span> <span class='ocrx_word' id='word_1_113' title='bbox 1601 711 1663 755; x_wconf 94' lang='lat' dir='ltr'>non</span> <span class='ocrx_word' id='word_1_114' title='bbox 1680 704 1857 768; x_wconf 85' lang='lat' dir='ltr'>separatum</span> <span class='ocrx_word' id='word_1_115' title='bbox 1874 700 1916 758; x_wconf 85' lang='lat' dir='ltr'>ah</span> <span class='ocrx_word' id='word_1_116' title='bbox 1931 703 1989 762; x_wconf 82' lang='lat' dir='ltr'>ani-</span> 
     </span>
     <span class='ocr_line' id='line_1_19' title="bbox 1127 776 1989 860; baseline 0.014 -26"><span class='ocrx_word' id='word_1_117' title='bbox 1127 791 1175 836; x_wconf 90' lang='lat' dir='ltr'>ma</span> <span class='ocrx_word' id='word_1_118' title='bbox 1190 783 1220 836; x_wconf 90' lang='lat' dir='ltr'>et</span> <span class='ocrx_word' id='word_1_119' title='bbox 1233 776 1397 838; x_wconf 86' lang='lat' dir='ltr'>Dtuinitate</span> <span class='ocrx_word' id='word_1_120' title='bbox 1411 795 1419 855; x_wconf 85' lang='lat'>3</span> <span class='ocrx_word' id='word_1_121' title='bbox 1443 793 1478 838; x_wconf 89' lang='lat' dir='ltr'>ac</span> <span class='ocrx_word' id='word_1_122' title='bbox 1494 793 1549 854; x_wconf 88' lang='lat' dir='ltr'>per</span> <span class='ocrx_word' id='word_1_123' title='bbox 1571 779 1630 840; x_wconf 89' lang='lat' dir='ltr'>hoc</span> <span class='ocrx_word' id='word_1_124' title='bbox 1645 793 1695 836; x_wconf 90' lang='lat' dir='ltr'>res</span> <span class='ocrx_word' id='word_1_125' title='bbox 1710 779 1854 853; x_wconf 83' lang='lat' dir='ltr'>murima,</span> <span class='ocrx_word' id='word_1_126' title='bbox 1872 789 1906 842; x_wconf 90' lang='lat' dir='ltr'>et</span> <span class='ocrx_word' id='word_1_127' title='bbox 1922 801 1989 860; x_wconf 88' lang='lat' dir='ltr'>pre·</span> 
     </span>
     <span class='ocr_line' id='line_1_20' title="bbox 1127 857 1988 942; baseline 0.014 -24"><span class='ocrx_word' id='word_1_128' title='bbox 1127 857 1304 934; x_wconf 90' lang='lat' dir='ltr'>tiasissima,</span> <span class='ocrx_word' id='word_1_129' title='bbox 1315 865 1348 920; x_wconf 93' lang='lat' dir='ltr'>et</span> <span class='ocrx_word' id='word_1_130' title='bbox 1362 859 1486 940; x_wconf 78' lang='lat' dir='ltr'>ingens.</span> <span class='ocrx_word' id='word_1_131' title='bbox 1503 860 1778 923; x_wconf 88' lang='lat' dir='ltr'>dulcissimumnue</span> <span class='ocrx_word' id='word_1_132' title='bbox 1801 870 1988 942; x_wconf 81' lang='lat' dir='ltr'>convivium,</span> 
     </span>
     <span class='ocr_line' id='line_1_21' title="bbox 1127 944 1989 1022; baseline 0.016 -20"><span class='ocrx_word' id='word_1_133' title='bbox 1127 957 1248 1004; x_wconf 90' lang='lat' dir='ltr'>omnem</span> <span class='ocrx_word' id='word_1_134' title='bbox 1265 958 1406 1021; x_wconf 84' lang='lat' dir='ltr'>saporem</span> <span class='ocrx_word' id='word_1_135' title='bbox 1421 944 1577 1005; x_wconf 86' lang='lat' dir='ltr'>suauitatis</span> <span class='ocrx_word' id='word_1_136' title='bbox 1592 959 1778 1022; x_wconf 85' lang='lat' dir='ltr'>exuperans;</span> <span class='ocrx_word' id='word_1_137' title='bbox 1792 949 1850 1009; x_wconf 89' lang='lat' dir='ltr'>sed</span> <span class='ocrx_word' id='word_1_138' title='bbox 1867 953 1989 1016; x_wconf 88' lang='lat' dir='ltr'>animae</span> 
     </span>
     <span class='ocr_line' id='line_1_22' title="bbox 1127 1025 1989 1106; baseline 0.016 -21"><span class='ocrx_word' id='word_1_139' title='bbox 1127 1025 1308 1086; x_wconf 81' lang='lat' dir='ltr'>nutriendae</span> <span class='ocrx_word' id='word_1_140' title='bbox 1323 1033 1353 1087; x_wconf 89' lang='lat' dir='ltr'>et</span> <span class='ocrx_word' id='word_1_141' title='bbox 1378 1026 1588 1102; x_wconf 72' lang='lat' dir='ltr'>intentandae,</span> <span class='ocrx_word' id='word_1_142' title='bbox 1603 1042 1665 1088; x_wconf 93' lang='lat' dir='ltr'>uon</span> <span class='ocrx_word' id='word_1_143' title='bbox 1680 1033 1799 1106; x_wconf 88' lang='lat' dir='ltr'>corpori</span> <span class='ocrx_word' id='word_1_144' title='bbox 1814 1049 1989 1100; x_wconf 86' lang='lat' dir='ltr'>accommo</span> 
     </span>
     <span class='ocr_line' id='line_1_23' title="bbox 1128 1110 1246 1171; baseline 0.025 -3"><span class='ocrx_word' id='word_1_145' title='bbox 1128 1110 1246 1171; x_wconf 88' lang='lat' dir='ltr'>datum.</span> 
     </span>
    </p>

    <p class='ocr_par' dir='ltr' id='par_1_6' title="bbox 1126 1191 1993 1448">
     <span class='ocr_line' id='line_1_24' title="bbox 1169 1191 1989 1277; baseline 0.016 -25"><span class='ocrx_word' id='word_1_146' title='bbox 1169 1191 1226 1265; x_wconf 83' lang='lat' dir='ltr'>Qui</span> <span class='ocrx_word' id='word_1_147' title='bbox 1248 1191 1310 1256; x_wconf 92' lang='lat' dir='ltr'>sint</span> <span class='ocrx_word' id='word_1_148' title='bbox 1330 1197 1433 1255; x_wconf 90' lang='lat' dir='ltr'>autem</span> <span class='ocrx_word' id='word_1_149' title='bbox 1456 1193 1571 1256; x_wconf 88' lang='lat' dir='ltr'>tructus</span> <span class='ocrx_word' id='word_1_150' title='bbox 1593 1193 1658 1257; x_wconf 86' lang='lat' dir='ltr'>sire</span> <span class='ocrx_word' id='word_1_151' title='bbox 1673 1194 1787 1260; x_wconf 89' lang='lat' dir='ltr'>utilitas</span> <span class='ocrx_word' id='word_1_152' title='bbox 1802 1199 1900 1265; x_wconf 89' lang='lat' dir='ltr'>buius</span> <span class='ocrx_word' id='word_1_153' title='bbox 1918 1203 1989 1277; x_wconf 81' lang='lat' dir='ltr'>cibi,</span> 
     </span>
     <span class='ocr_line' id='line_1_25' title="bbox 1127 1275 1992 1364; baseline 0.017 -29"><span class='ocrx_word' id='word_1_154' title='bbox 1127 1275 1257 1348; x_wconf 87' lang='lat' dir='ltr'>additur,</span> <span class='ocrx_word' id='word_1_155' title='bbox 1275 1292 1344 1337; x_wconf 93' lang='lat' dir='ltr'>cum</span> <span class='ocrx_word' id='word_1_156' title='bbox 1361 1278 1486 1342; x_wconf 85' lang='lat' dir='ltr'>dieitur.</span> <span class='ocrx_word' id='word_1_157' title='bbox 1503 1277 1668 1341; x_wconf 83' lang='lat' dir='ltr'>Recolitur</span> <span class='ocrx_word' id='word_1_158' title='bbox 1682 1286 1843 1346; x_wconf 82' lang='lat' dir='ltr'>memoria</span> <span class='ocrx_word' id='word_1_159' title='bbox 1864 1290 1992 1364; x_wconf 82' lang='lat' dir='ltr'>passio</span> 
     </span>
     <span class='ocr_line' id='line_1_26' title="bbox 1126 1360 1993 1448; baseline 0.02 -30"><span class='ocrx_word' id='word_1_160' title='bbox 1126 1360 1177 1418; x_wconf 85' lang='lat' dir='ltr'>nis</span> <span class='ocrx_word' id='word_1_161' title='bbox 1190 1361 1370 1428; x_wconf 68' lang='lat' dir='ltr'>clamans</span> <span class='ocrx_word' id='word_1_162' title='bbox 1384 1361 1538 1438; x_wconf 78' lang='lat' dir='ltr'>impietur</span> <span class='ocrx_word' id='word_1_163' title='bbox 1548 1364 1667 1440; x_wconf 81' lang='lat' dir='ltr'>pratia,</span> <span class='ocrx_word' id='word_1_164' title='bbox 1676 1368 1705 1423; x_wconf 91' lang='lat' dir='ltr'>et</span> <span class='ocrx_word' id='word_1_165' title='bbox 1719 1365 1852 1441; x_wconf 70' lang='lat' dir='ltr'>[murae</span> <span class='ocrx_word' id='word_1_166' title='bbox 1864 1373 1993 1448; x_wconf 76' lang='lat' dir='ltr'>pieriae</span> 
     </span>
    </p>
   </div>
   <div class='ocr_carea' id='block_1_5' title="bbox 229 1439 1991 1522">
    <p class='ocr_par' dir='ltr' id='par_1_7' title="bbox 229 1439 1991 1522">
     <span class='ocr_line' id='line_1_27' title="bbox 229 1439 1991 1522; baseline 0.002 -21"><span class='ocrx_word' id='word_1_167' title='bbox 229 1455 278 1501; x_wconf 88' lang='lat' dir='ltr'>mc</span> <span class='ocrx_word' id='word_1_168' title='bbox 293 1439 503 1515; x_wconf 80' lang='lat' dir='ltr'>praeponitur,</span> <span class='ocrx_word' id='word_1_169' title='bbox 520 1441 675 1509; x_wconf 79' lang='lat' dir='ltr'>terentium</span> <span class='ocrx_word' id='word_1_170' title='bbox 693 1440 884 1514; x_wconf 88' lang='lat' dir='ltr'>praeparatio</span> <span class='ocrx_word' id='word_1_171' title='bbox 899 1455 963 1499; x_wconf 85' lang='lat' dir='ltr'>sire</span> <span class='ocrx_word' id='word_1_172' title='bbox 979 1439 1081 1513; x_wconf 83' lang='lat' dir='ltr'>dispo·</span> <span class='ocrx_word' id='word_1_173' title='bbox 1125 1441 1218 1504; x_wconf 83' lang='lat' dir='ltr'>nobis</span> <span class='ocrx_word' id='word_1_174' title='bbox 1238 1443 1359 1522; x_wconf 73' lang='lat' dir='ltr'>pipicus</span> <span class='ocrx_word' id='word_1_175' title='bbox 1384 1444 1494 1506; x_wconf 63' lang='lat' dir='ltr'>duturss</span> <span class='ocrx_word' id='word_1_176' title='bbox 1518 1445 1638 1506; x_wconf 86' lang='lat' dir='ltr'>Primus</span> <span class='ocrx_word' id='word_1_177' title='bbox 1654 1445 1745 1522; x_wconf 75' lang='lat' dir='ltr'>igitur</span> <span class='ocrx_word' id='word_1_178' title='bbox 1760 1451 1882 1514; x_wconf 71' lang='lat' dir='ltr'>tructus</span> <span class='ocrx_word' id='word_1_179' title='bbox 1901 1455 1991 1518; x_wconf 64' lang='lat' dir='ltr'>harus</span> 
     </span>
    </p>
   </div>
   <div class='ocr_carea' id='block_1_6' title="bbox 225 1519 1095 4830">
    <p class='ocr_par' dir='ltr' id='par_1_8' title="bbox 228 1519 1080 1683">
     <span class='ocr_line' id='line_1_28' title="bbox 229 1519 1080 1595; baseline 0.001 -13"><span class='ocrx_word' id='word_1_180' title='bbox 229 1524 299 1584; x_wconf 90' lang='lat' dir='ltr'>sitio</span> <span class='ocrx_word' id='word_1_181' title='bbox 325 1521 363 1582; x_wconf 89' lang='lat' dir='ltr'>ed</span> <span class='ocrx_word' id='word_1_182' title='bbox 388 1520 571 1581; x_wconf 90' lang='lat' dir='ltr'>altissimum</span> <span class='ocrx_word' id='word_1_183' title='bbox 599 1519 829 1591; x_wconf 84' lang='lat' dir='ltr'>Sacramentum</span> <span class='ocrx_word' id='word_1_184' title='bbox 859 1521 1080 1595; x_wconf 82' lang='lat' dir='ltr'>Cuctreristiae,</span> 
     </span>
     <span class='ocr_line' id='line_1_29' title="bbox 228 1603 821 1683; baseline -0.003 -17"><span class='ocrx_word' id='word_1_185' title='bbox 228 1603 310 1683; x_wconf 81' lang='lat' dir='ltr'>quad</span> <span class='ocrx_word' id='word_1_186' title='bbox 325 1607 488 1682; x_wconf 90' lang='lat' dir='ltr'>puritatem</span> <span class='ocrx_word' id='word_1_187' title='bbox 506 1603 665 1664; x_wconf 81' lang='lat' dir='ltr'>maximam</span> <span class='ocrx_word' id='word_1_188' title='bbox 682 1605 821 1681; x_wconf 80' lang='lat' dir='ltr'>requirit.</span> 
     </span>
    </p>

    <p class='ocr_par' dir='ltr' id='par_1_9' title="bbox 226 1686 1095 3986">
     <span class='ocr_line' id='line_1_30' title="bbox 271 1686 1083 1760; baseline 0 -12"><span class='ocrx_word' id='word_1_189' title='bbox 271 1686 409 1760; x_wconf 81' lang='lat' dir='ltr'>[lenione</span> <span class='ocrx_word' id='word_1_190' title='bbox 435 1686 632 1748; x_wconf 80' lang='lat' dir='ltr'>Sacramenta</span> <span class='ocrx_word' id='word_1_191' title='bbox 658 1687 758 1747; x_wconf 90' lang='lat' dir='ltr'>omnia</span> <span class='ocrx_word' id='word_1_192' title='bbox 788 1686 1025 1754; x_wconf 84' lang='lat' dir='ltr'>concluduntur.</span> <span class='ocrx_word' id='word_1_193' title='bbox 1054 1696 1083 1748; x_wconf 90' lang='lat' dir='ltr'>et</span> 
     </span>
     <span class='ocr_line' id='line_1_31' title="bbox 226 1767 1095 1848; baseline -0.005 -16"><span class='ocrx_word' id='word_1_194' title='bbox 226 1772 311 1846; x_wconf 84' lang='lat' dir='ltr'>uoasi</span> <span class='ocrx_word' id='word_1_195' title='bbox 327 1769 548 1848; x_wconf 79' lang='lat' dir='ltr'>consignantur</span> <span class='ocrx_word' id='word_1_196' title='bbox 564 1767 762 1830; x_wconf 83' lang='lat' dir='ltr'>Sacramenta</span> <span class='ocrx_word' id='word_1_197' title='bbox 790 1769 934 1847; x_wconf 86' lang='lat' dir='ltr'>Corporis</span> <span class='ocrx_word' id='word_1_198' title='bbox 949 1771 1095 1833; x_wconf 69' lang='lat' dir='ltr'>bantur</span> 
     </span>
     <span class='ocr_line' id='line_1_32' title="bbox 227 1850 1081 1930; baseline -0.001 -14"><span class='ocrx_word' id='word_1_199' title='bbox 227 1853 375 1916; x_wconf 81' lang='lat' dir='ltr'>Sicorim</span> <span class='ocrx_word' id='word_1_200' title='bbox 399 1853 450 1925; x_wconf 84' lang='lat' dir='ltr'>oui</span> <span class='ocrx_word' id='word_1_201' title='bbox 473 1850 662 1930; x_wconf 88' lang='lat' dir='ltr'>baptizantur</span> <span class='ocrx_word' id='word_1_202' title='bbox 688 1853 796 1923; x_wconf 91' lang='lat' dir='ltr'>adulti,</span> <span class='ocrx_word' id='word_1_203' title='bbox 820 1861 852 1912; x_wconf 91' lang='lat' dir='ltr'>ut</span> <span class='ocrx_word' id='word_1_204' title='bbox 879 1851 1011 1914; x_wconf 88' lang='lat' dir='ltr'>Hebraei</span> <span class='ocrx_word' id='word_1_205' title='bbox 1034 1857 1081 1915; x_wconf 92' lang='lat' dir='ltr'>ret</span> 
     </span>
     <span class='ocr_line' id='line_1_33' title="bbox 227 1934 1080 2014; baseline 0.001 -18"><span class='ocrx_word' id='word_1_206' title='bbox 227 1936 355 2012; x_wconf 71' lang='lat' dir='ltr'>turcae,</span> <span class='ocrx_word' id='word_1_207' title='bbox 380 1943 449 2014; x_wconf 91' lang='lat' dir='ltr'>post</span> <span class='ocrx_word' id='word_1_208' title='bbox 469 1934 659 2010; x_wconf 82' lang='lat' dir='ltr'>Baptismum</span> <span class='ocrx_word' id='word_1_209' title='bbox 682 1936 828 1996; x_wconf 87' lang='lat' dir='ltr'>continuo</span> <span class='ocrx_word' id='word_1_210' title='bbox 852 1936 1080 2006; x_wconf 86' lang='lat' dir='ltr'>confirmantur,</span> 
     </span>
     <span class='ocr_line' id='line_1_34' title="bbox 230 2016 1082 2084; baseline 0.001 -5"><span class='ocrx_word' id='word_1_211' title='bbox 230 2030 261 2079; x_wconf 90' lang='lat' dir='ltr'>ct</span> <span class='ocrx_word' id='word_1_212' title='bbox 276 2021 473 2081; x_wconf 88' lang='lat' dir='ltr'>admittuntur</span> <span class='ocrx_word' id='word_1_213' title='bbox 488 2017 527 2078; x_wconf 89' lang='lat' dir='ltr'>ad</span> <span class='ocrx_word' id='word_1_214' title='bbox 553 2016 743 2079; x_wconf 85' lang='lat' dir='ltr'>Sacrificium</span> <span class='ocrx_word' id='word_1_215' title='bbox 774 2018 897 2084; x_wconf 81' lang='lat' dir='ltr'>nissae.</span> <span class='ocrx_word' id='word_1_216' title='bbox 914 2027 943 2078; x_wconf 94' lang='lat' dir='ltr'>et</span> <span class='ocrx_word' id='word_1_217' title='bbox 966 2037 1082 2080; x_wconf 91' lang='lat' dir='ltr'>sarram</span> 
     </span>
     <span class='ocr_line' id='line_1_35' title="bbox 228 2100 1082 2178; baseline -0.001 -14"><span class='ocrx_word' id='word_1_218' title='bbox 228 2101 450 2164; x_wconf 74' lang='lat' dir='ltr'>Eucharistiam</span> <span class='ocrx_word' id='word_1_219' title='bbox 473 2100 656 2178; x_wconf 90' lang='lat' dir='ltr'>percipiunt.</span> <span class='ocrx_word' id='word_1_220' title='bbox 682 2101 732 2160; x_wconf 90' lang='lat' dir='ltr'>Sic</span> <span class='ocrx_word' id='word_1_221' title='bbox 749 2102 838 2161; x_wconf 92' lang='lat' dir='ltr'>etiam</span> <span class='ocrx_word' id='word_1_222' title='bbox 856 2105 905 2177; x_wconf 80' lang='lat' dir='ltr'>qui</span> <span class='ocrx_word' id='word_1_223' title='bbox 924 2106 1082 2172; x_wconf 89' lang='lat' dir='ltr'>poeniten·</span> 
     </span>
     <span class='ocr_line' id='line_1_36' title="bbox 230 2183 1082 2263; baseline 0 -17"><span class='ocrx_word' id='word_1_224' title='bbox 230 2191 299 2246; x_wconf 88' lang='lat' dir='ltr'>tium</span> <span class='ocrx_word' id='word_1_225' title='bbox 325 2186 469 2263; x_wconf 79' lang='lat' dir='ltr'>egebant,</span> <span class='ocrx_word' id='word_1_226' title='bbox 496 2183 684 2262; x_wconf 86' lang='lat' dir='ltr'>poenitentia</span> <span class='ocrx_word' id='word_1_227' title='bbox 713 2189 845 2259; x_wconf 91' lang='lat' dir='ltr'>peracta,</span> <span class='ocrx_word' id='word_1_228' title='bbox 874 2186 911 2244; x_wconf 93' lang='lat' dir='ltr'>ad</span> <span class='ocrx_word' id='word_1_229' title='bbox 937 2185 1082 2247; x_wconf 88' lang='lat' dir='ltr'>Euchari-</span> 
     </span>
     <span class='ocr_line' id='line_1_37' title="bbox 229 2266 1082 2342; baseline -0.002 -11"><span class='ocrx_word' id='word_1_230' title='bbox 229 2269 329 2342; x_wconf 90' lang='lat' dir='ltr'>stiam,</span> <span class='ocrx_word' id='word_1_231' title='bbox 346 2269 453 2330; x_wconf 91' lang='lat' dir='ltr'>saitem</span> <span class='ocrx_word' id='word_1_232' title='bbox 470 2282 555 2328; x_wconf 89' lang='lat' dir='ltr'>more</span> <span class='ocrx_word' id='word_1_233' title='bbox 570 2266 676 2340; x_wconf 90' lang='lat' dir='ltr'>reteri,</span> <span class='ocrx_word' id='word_1_234' title='bbox 691 2282 814 2342; x_wconf 91' lang='lat' dir='ltr'>semper</span> <span class='ocrx_word' id='word_1_235' title='bbox 828 2269 1082 2330; x_wconf 88' lang='lat' dir='ltr'>accedebant.lt·</span> 
     </span>
     <span class='ocr_line' id='line_1_38' title="bbox 230 2349 1084 2429; baseline 0.002 -17"><span class='ocrx_word' id='word_1_236' title='bbox 230 2351 250 2412; x_wconf 94' lang='lat' dir='ltr'>ti</span> <span class='ocrx_word' id='word_1_237' title='bbox 266 2353 356 2414; x_wconf 87' lang='lat' dir='ltr'>etiarn</span> <span class='ocrx_word' id='word_1_238' title='bbox 379 2353 431 2429; x_wconf 90' lang='lat' dir='ltr'>qui</span> <span class='ocrx_word' id='word_1_239' title='bbox 455 2349 588 2411; x_wconf 86' lang='lat' dir='ltr'>Ordines</span> <span class='ocrx_word' id='word_1_240' title='bbox 610 2349 745 2410; x_wconf 89' lang='lat' dir='ltr'>minores</span> <span class='ocrx_word' id='word_1_241' title='bbox 762 2350 809 2410; x_wconf 87' lang='lat' dir='ltr'>uel</span> <span class='ocrx_word' id='word_1_242' title='bbox 825 2353 956 2413; x_wconf 89' lang='lat' dir='ltr'>maiores</span> <span class='ocrx_word' id='word_1_243' title='bbox 972 2355 1084 2429; x_wconf 77' lang='lat' dir='ltr'>accipi-</span> 
     </span>
     <span class='ocr_line' id='line_1_39' title="bbox 230 2431 1082 2509; baseline 0.001 -14"><span class='ocrx_word' id='word_1_244' title='bbox 230 2442 295 2504; x_wconf 88' lang='lat' dir='ltr'>unt,</span> <span class='ocrx_word' id='word_1_245' title='bbox 319 2433 473 2509; x_wconf 89' lang='lat' dir='ltr'>susceptis</span> <span class='ocrx_word' id='word_1_246' title='bbox 494 2431 676 2506; x_wconf 87' lang='lat' dir='ltr'>Ordinibus,</span> <span class='ocrx_word' id='word_1_247' title='bbox 701 2433 871 2494; x_wconf 88' lang='lat' dir='ltr'>adsueram</span> <span class='ocrx_word' id='word_1_248' title='bbox 888 2434 1082 2496; x_wconf 89' lang='lat' dir='ltr'>Communia·</span> 
     </span>
     <span class='ocr_line' id='line_1_40' title="bbox 228 2515 1081 2596; baseline 0 -19"><span class='ocrx_word' id='word_1_249' title='bbox 228 2532 299 2577; x_wconf 91' lang='lat' dir='ltr'>nem</span> <span class='ocrx_word' id='word_1_250' title='bbox 322 2517 484 2578; x_wconf 89' lang='lat' dir='ltr'>accedunt.</span> <span class='ocrx_word' id='word_1_251' title='bbox 507 2515 646 2592; x_wconf 85' lang='lat' dir='ltr'>Denique</span> <span class='ocrx_word' id='word_1_252' title='bbox 669 2519 719 2591; x_wconf 84' lang='lat' dir='ltr'>qui</span> <span class='ocrx_word' id='word_1_253' title='bbox 742 2516 934 2578; x_wconf 82' lang='lat' dir='ltr'>Matrimonia</span> <span class='ocrx_word' id='word_1_254' title='bbox 950 2519 1081 2596; x_wconf 82' lang='lat' dir='ltr'>iungun-</span> 
     </span>
     <span class='ocr_line' id='line_1_41' title="bbox 229 2597 1082 2674; baseline 0.004 -14"><span class='ocrx_word' id='word_1_255' title='bbox 229 2605 287 2671; x_wconf 86' lang='lat' dir='ltr'>tur,</span> <span class='ocrx_word' id='word_1_256' title='bbox 313 2600 540 2661; x_wconf 90' lang='lat' dir='ltr'>Saoramentam</span> <span class='ocrx_word' id='word_1_257' title='bbox 564 2599 698 2674; x_wconf 77' lang='lat' dir='ltr'>coniugii</span> <span class='ocrx_word' id='word_1_258' title='bbox 722 2597 919 2662; x_wconf 89' lang='lat' dir='ltr'>Sacramenta</span> <span class='ocrx_word' id='word_1_259' title='bbox 941 2601 1082 2662; x_wconf 80' lang='lat' dir='ltr'>Stichari·</span> 
     </span>
     <span class='ocr_line' id='line_1_42' title="bbox 228 2679 1084 2760; baseline 0.002 -16"><span class='ocrx_word' id='word_1_260' title='bbox 228 2683 305 2744; x_wconf 86' lang='lat' dir='ltr'>stiae</span> <span class='ocrx_word' id='word_1_261' title='bbox 321 2683 472 2752; x_wconf 85' lang='lat' dir='ltr'>muniunt,</span> <span class='ocrx_word' id='word_1_262' title='bbox 489 2689 518 2741; x_wconf 90' lang='lat' dir='ltr'>et</span> <span class='ocrx_word' id='word_1_263' title='bbox 541 2679 733 2741; x_wconf 90' lang='lat' dir='ltr'>coniirmaut.</span> <span class='ocrx_word' id='word_1_264' title='bbox 755 2683 862 2743; x_wconf 89' lang='lat' dir='ltr'>Nostro</span> <span class='ocrx_word' id='word_1_265' title='bbox 886 2691 1022 2760; x_wconf 91' lang='lat' dir='ltr'>tempore</span> <span class='ocrx_word' id='word_1_266' title='bbox 1037 2686 1084 2746; x_wconf 93' lang='lat' dir='ltr'>in·</span> 
     </span>
     <span class='ocr_line' id='line_1_43' title="bbox 230 2764 1082 2846; baseline 0.007 -22"><span class='ocrx_word' id='word_1_267' title='bbox 230 2764 355 2826; x_wconf 78' lang='lat' dir='ltr'>sortitus</span> <span class='ocrx_word' id='word_1_268' title='bbox 372 2768 460 2834; x_wconf 92' lang='lat' dir='ltr'>ordo,</span> <span class='ocrx_word' id='word_1_269' title='bbox 478 2779 539 2825; x_wconf 90' lang='lat' dir='ltr'>non</span> <span class='ocrx_word' id='word_1_270' title='bbox 557 2764 623 2824; x_wconf 92' lang='lat' dir='ltr'>sine</span> <span class='ocrx_word' id='word_1_271' title='bbox 636 2781 727 2824; x_wconf 81' lang='lat' dir='ltr'>carisa</span> <span class='ocrx_word' id='word_1_272' title='bbox 742 2766 926 2827; x_wconf 87' lang='lat' dir='ltr'>rationabili.</span> <span class='ocrx_word' id='word_1_273' title='bbox 941 2769 1039 2846; x_wconf 86' lang='lat' dir='ltr'>Saepe</span> <span class='ocrx_word' id='word_1_274' title='bbox 1052 2786 1082 2829; x_wconf 91' lang='lat' dir='ltr'>e-</span> 
     </span>
     <span class='ocr_line' id='line_1_44' title="bbox 229 2846 1084 2924; baseline 0.004 -15"><span class='ocrx_word' id='word_1_275' title='bbox 229 2849 292 2909; x_wconf 92' lang='lat' dir='ltr'>uiru</span> <span class='ocrx_word' id='word_1_276' title='bbox 308 2847 428 2919; x_wconf 91' lang='lat' dir='ltr'>accidit,</span> <span class='ocrx_word' id='word_1_277' title='bbox 445 2853 478 2908; x_wconf 89' lang='lat' dir='ltr'>ut</span> <span class='ocrx_word' id='word_1_278' title='bbox 494 2846 632 2906; x_wconf 84' lang='lat' dir='ltr'>Cxlrema</span> <span class='ocrx_word' id='word_1_279' title='bbox 649 2847 763 2924; x_wconf 89' lang='lat' dir='ltr'>unctio,</span> <span class='ocrx_word' id='word_1_280' title='bbox 787 2865 827 2908; x_wconf 90' lang='lat' dir='ltr'>ne</span> <span class='ocrx_word' id='word_1_281' title='bbox 851 2857 1020 2911; x_wconf 89' lang='lat' dir='ltr'>terreantur</span> <span class='ocrx_word' id='word_1_282' title='bbox 1035 2869 1084 2912; x_wconf 86' lang='lat' dir='ltr'>ae·</span> 
     </span>
     <span class='ocr_line' id='line_1_45' title="bbox 228 2929 1082 3008; baseline 0.005 -18"><span class='ocrx_word' id='word_1_283' title='bbox 228 2931 318 3008; x_wconf 78' lang='lat' dir='ltr'>groti,</span> <span class='ocrx_word' id='word_1_284' title='bbox 335 2929 493 2992; x_wconf 91' lang='lat' dir='ltr'>dilieratur</span> <span class='ocrx_word' id='word_1_285' title='bbox 506 2930 539 2990; x_wconf 92' lang='lat' dir='ltr'>iu</span> <span class='ocrx_word' id='word_1_286' title='bbox 552 2929 677 3008; x_wconf 80' lang='lat' dir='ltr'>tongum</span> <span class='ocrx_word' id='word_1_287' title='bbox 702 2938 844 3007; x_wconf 81' lang='lat' dir='ltr'>tempus3</span> <span class='ocrx_word' id='word_1_288' title='bbox 861 2939 890 2992; x_wconf 90' lang='lat' dir='ltr'>et</span> <span class='ocrx_word' id='word_1_289' title='bbox 912 2936 1082 3006; x_wconf 89' lang='lat' dir='ltr'>periculum</span> 
     </span>
     <span class='ocr_line' id='line_1_46' title="bbox 228 3013 1084 3090; baseline 0.004 -14"><span class='ocrx_word' id='word_1_290' title='bbox 228 3017 286 3090; x_wconf 85' lang='lat' dir='ltr'>ost,</span> <span class='ocrx_word' id='word_1_291' title='bbox 312 3029 350 3076; x_wconf 87' lang='lat' dir='ltr'>ne</span> <span class='ocrx_word' id='word_1_292' title='bbox 372 3013 493 3074; x_wconf 89' lang='lat' dir='ltr'>interim</span> <span class='ocrx_word' id='word_1_293' title='bbox 515 3019 658 3090; x_wconf 77' lang='lat' dir='ltr'>aegrotus</span> <span class='ocrx_word' id='word_1_294' title='bbox 681 3015 727 3073; x_wconf 88' lang='lat' dir='ltr'>ret</span> <span class='ocrx_word' id='word_1_295' title='bbox 750 3031 839 3075; x_wconf 91' lang='lat' dir='ltr'>usum</span> <span class='ocrx_word' id='word_1_296' title='bbox 857 3017 983 3078; x_wconf 88' lang='lat' dir='ltr'>rationis</span> <span class='ocrx_word' id='word_1_297' title='bbox 998 3023 1084 3079; x_wconf 91' lang='lat' dir='ltr'>amit·</span> 
     </span>
     <span class='ocr_line' id='line_1_47' title="bbox 229 3096 1083 3166; baseline 0.005 -8"><span class='ocrx_word' id='word_1_298' title='bbox 229 3105 281 3166; x_wconf 84' lang='lat' dir='ltr'>tat,</span> <span class='ocrx_word' id='word_1_299' title='bbox 298 3097 346 3159; x_wconf 87' lang='lat' dir='ltr'>rel</span> <span class='ocrx_word' id='word_1_300' title='bbox 361 3098 418 3158; x_wconf 90' lang='lat' dir='ltr'>alia</span> <span class='ocrx_word' id='word_1_301' title='bbox 434 3096 472 3156; x_wconf 90' lang='lat' dir='ltr'>de</span> <span class='ocrx_word' id='word_1_302' title='bbox 494 3112 586 3156; x_wconf 89' lang='lat' dir='ltr'>causa</span> <span class='ocrx_word' id='word_1_303' title='bbox 608 3096 914 3158; x_wconf 68' lang='lat' dir='ltr'>reddatura&#39;nhabilis</span> <span class='ocrx_word' id='word_1_304' title='bbox 930 3101 965 3159; x_wconf 90' lang='lat' dir='ltr'>ad</span> <span class='ocrx_word' id='word_1_305' title='bbox 982 3117 1083 3162; x_wconf 91' lang='lat' dir='ltr'>sacro·</span> 
     </span>
     <span class='ocr_line' id='line_1_48' title="bbox 227 3178 1083 3262; baseline 0 -21"><span class='ocrx_word' id='word_1_306' title='bbox 227 3187 363 3242; x_wconf 89' lang='lat' dir='ltr'>sanctam</span> <span class='ocrx_word' id='word_1_307' title='bbox 379 3179 599 3240; x_wconf 81' lang='lat' dir='ltr'>Eucharistiam</span> <span class='ocrx_word' id='word_1_308' title='bbox 613 3179 670 3239; x_wconf 91' lang='lat' dir='ltr'>rite</span> <span class='ocrx_word' id='word_1_309' title='bbox 682 3178 927 3256; x_wconf 86' lang='lat' dir='ltr'>percipiendam,</span> <span class='ocrx_word' id='word_1_310' title='bbox 942 3182 1014 3258; x_wconf 90' lang='lat' dir='ltr'>ideo</span> <span class='ocrx_word' id='word_1_311' title='bbox 1028 3185 1083 3262; x_wconf 82' lang='lat' dir='ltr'>igi-</span> 
     </span>
     <span class='ocr_line' id='line_1_49' title="bbox 230 3263 1084 3337; baseline 0.006 -12"><span class='ocrx_word' id='word_1_312' title='bbox 230 3268 277 3325; x_wconf 92' lang='lat' dir='ltr'>lur</span> <span class='ocrx_word' id='word_1_313' title='bbox 292 3263 440 3324; x_wconf 79' lang='lat' dir='ltr'>viaticum</span> <span class='ocrx_word' id='word_1_314' title='bbox 457 3269 562 3323; x_wconf 90' lang='lat' dir='ltr'>nostro</span> <span class='ocrx_word' id='word_1_315' title='bbox 579 3271 716 3336; x_wconf 88' lang='lat' dir='ltr'>ternpore</span> <span class='ocrx_word' id='word_1_316' title='bbox 739 3264 952 3337; x_wconf 87' lang='lat' dir='ltr'>praemittitur.</span> <span class='ocrx_word' id='word_1_317' title='bbox 977 3267 1084 3330; x_wconf 88' lang='lat' dir='ltr'>lleltus</span> 
     </span>
     <span class='ocr_line' id='line_1_50' title="bbox 228 3345 1084 3414; baseline 0.005 -8"><span class='ocrx_word' id='word_1_318' title='bbox 228 3347 312 3406; x_wconf 87' lang='lat' dir='ltr'>euim</span> <span class='ocrx_word' id='word_1_319' title='bbox 327 3351 391 3414; x_wconf 76' lang='lat' dir='ltr'>est,</span> <span class='ocrx_word' id='word_1_320' title='bbox 404 3353 436 3405; x_wconf 94' lang='lat' dir='ltr'>ut</span> <span class='ocrx_word' id='word_1_321' title='bbox 451 3346 575 3405; x_wconf 81' lang='lat' dir='ltr'>inverso</span> <span class='ocrx_word' id='word_1_322' title='bbox 591 3345 698 3405; x_wconf 92' lang='lat' dir='ltr'>ordine</span> <span class='ocrx_word' id='word_1_323' title='bbox 714 3345 907 3408; x_wconf 89' lang='lat' dir='ltr'>Sacramenta</span> <span class='ocrx_word' id='word_1_324' title='bbox 924 3351 980 3409; x_wconf 86' lang='lat' dir='ltr'>ista</span> <span class='ocrx_word' id='word_1_325' title='bbox 997 3353 1084 3410; x_wconf 83' lang='lat' dir='ltr'>mini·</span> 
     </span>
     <span class='ocr_line' id='line_1_51' title="bbox 228 3428 1085 3506; baseline 0.005 -16"><span class='ocrx_word' id='word_1_326' title='bbox 228 3434 362 3490; x_wconf 91' lang='lat' dir='ltr'>strentur</span> <span class='ocrx_word' id='word_1_327' title='bbox 377 3429 520 3506; x_wconf 78' lang='lat' dir='ltr'>aegrotis,</span> <span class='ocrx_word' id='word_1_328' title='bbox 538 3443 628 3500; x_wconf 86' lang='lat' dir='ltr'>uuam</span> <span class='ocrx_word' id='word_1_329' title='bbox 646 3437 677 3488; x_wconf 90' lang='lat' dir='ltr'>ut</span> <span class='ocrx_word' id='word_1_330' title='bbox 693 3428 788 3488; x_wconf 89' lang='lat' dir='ltr'>altero</span> <span class='ocrx_word' id='word_1_331' title='bbox 802 3443 902 3503; x_wconf 81' lang='lat' dir='ltr'>eoque</span> <span class='ocrx_word' id='word_1_332' title='bbox 918 3432 1085 3494; x_wconf 92' lang='lat' dir='ltr'>satuberri·</span> 
     </span>
     <span class='ocr_line' id='line_1_52' title="bbox 229 3509 1084 3589; baseline 0.007 -17"><span class='ocrx_word' id='word_1_333' title='bbox 229 3527 278 3573; x_wconf 93' lang='lat' dir='ltr'>mo</span> <span class='ocrx_word' id='word_1_334' title='bbox 293 3517 426 3573; x_wconf 90' lang='lat' dir='ltr'>careant.</span> <span class='ocrx_word' id='word_1_335' title='bbox 443 3509 550 3572; x_wconf 85' lang='lat' dir='ltr'>tinctio</span> <span class='ocrx_word' id='word_1_336' title='bbox 566 3511 648 3570; x_wconf 92' lang='lat' dir='ltr'>enim</span> <span class='ocrx_word' id='word_1_337' title='bbox 672 3519 806 3572; x_wconf 85' lang='lat' dir='ltr'>extrema</span> <span class='ocrx_word' id='word_1_338' title='bbox 830 3512 959 3574; x_wconf 92' lang='lat' dir='ltr'>cauterri</span> <span class='ocrx_word' id='word_1_339' title='bbox 984 3525 1084 3589; x_wconf 87' lang='lat' dir='ltr'>potest</span> 
     </span>
     <span class='ocr_line' id='line_1_53' title="bbox 230 3593 1084 3674; baseline 0.005 -20"><span class='ocrx_word' id='word_1_340' title='bbox 230 3601 354 3670; x_wconf 71' lang='lat' dir='ltr'>aegroto</span> <span class='ocrx_word' id='word_1_341' title='bbox 370 3599 459 3654; x_wconf 83' lang='lat' dir='ltr'>etiam</span> <span class='ocrx_word' id='word_1_342' title='bbox 475 3596 505 3653; x_wconf 92' lang='lat' dir='ltr'>iu</span> <span class='ocrx_word' id='word_1_343' title='bbox 522 3609 621 3669; x_wconf 74' lang='lat' dir='ltr'>agone</span> <span class='ocrx_word' id='word_1_344' title='bbox 638 3593 735 3666; x_wconf 91' lang='lat' dir='ltr'>posito</span> <span class='ocrx_word' id='word_1_345' title='bbox 751 3640 757 3663; x_wconf 85' lang='lat'>.</span> <span class='ocrx_word' id='word_1_346' title='bbox 776 3600 805 3654; x_wconf 92' lang='lat' dir='ltr'>et</span> <span class='ocrx_word' id='word_1_347' title='bbox 818 3611 879 3654; x_wconf 95' lang='lat' dir='ltr'>non</span> <span class='ocrx_word' id='word_1_348' title='bbox 903 3595 1084 3674; x_wconf 70' lang='lat' dir='ltr'>intelligenti</span> 
     </span>
     <span class='ocr_line' id='line_1_54' title="bbox 229 3676 1083 3754; baseline 0.009 -18"><span class='ocrx_word' id='word_1_349' title='bbox 229 3677 278 3738; x_wconf 87' lang='lat' dir='ltr'>ret</span> <span class='ocrx_word' id='word_1_350' title='bbox 293 3676 438 3738; x_wconf 89' lang='lat' dir='ltr'>sentienti</span> <span class='ocrx_word' id='word_1_351' title='bbox 451 3677 523 3749; x_wconf 83' lang='lat' dir='ltr'>uuirt</span> <span class='ocrx_word' id='word_1_352' title='bbox 542 3679 621 3736; x_wconf 87' lang='lat' dir='ltr'>circo</span> <span class='ocrx_word' id='word_1_353' title='bbox 637 3692 671 3737; x_wconf 93' lang='lat' dir='ltr'>se</span> <span class='ocrx_word' id='word_1_354' title='bbox 687 3683 803 3754; x_wconf 80' lang='lat' dir='ltr'>agatur,</span> <span class='ocrx_word' id='word_1_355' title='bbox 829 3679 919 3738; x_wconf 93' lang='lat' dir='ltr'>modo</span> <span class='ocrx_word' id='word_1_356' title='bbox 935 3686 1034 3742; x_wconf 85' lang='lat' dir='ltr'>lamen</span> <span class='ocrx_word' id='word_1_357' title='bbox 1054 3683 1083 3744; x_wconf 93' lang='lat' dir='ltr'>in</span> 
     </span>
     <span class='ocr_line' id='line_1_55' title="bbox 229 3757 1085 3840; baseline 0.012 -22"><span class='ocrx_word' id='word_1_358' title='bbox 229 3759 304 3820; x_wconf 89' lang='lat' dir='ltr'>riris</span> <span class='ocrx_word' id='word_1_359' title='bbox 315 3759 370 3820; x_wconf 90' lang='lat' dir='ltr'>sit:</span> <span class='ocrx_word' id='word_1_360' title='bbox 383 3757 519 3820; x_wconf 88' lang='lat' dir='ltr'>detuncti</span> <span class='ocrx_word' id='word_1_361' title='bbox 532 3759 614 3820; x_wconf 89' lang='lat' dir='ltr'>enirn</span> <span class='ocrx_word' id='word_1_362' title='bbox 628 3759 743 3820; x_wconf 86' lang='lat' dir='ltr'>nullius</span> <span class='ocrx_word' id='word_1_363' title='bbox 756 3762 942 3822; x_wconf 76' lang='lat' dir='ltr'>sacramenti</span> <span class='ocrx_word' id='word_1_364' title='bbox 955 3781 1085 3840; x_wconf 87' lang='lat' dir='ltr'>capaces</span> 
     </span>
     <span class='ocr_line' id='line_1_56' title="bbox 229 3840 1084 3926; baseline 0.009 -24"><span class='ocrx_word' id='word_1_365' title='bbox 229 3848 314 3903; x_wconf 87' lang='lat' dir='ltr'>sunt.</span> <span class='ocrx_word' id='word_1_366' title='bbox 331 3840 429 3920; x_wconf 81' lang='lat' dir='ltr'>Atque</span> <span class='ocrx_word' id='word_1_367' title='bbox 446 3842 522 3902; x_wconf 91' lang='lat' dir='ltr'>hoec</span> <span class='ocrx_word' id='word_1_368' title='bbox 552 3845 590 3902; x_wconf 91' lang='lat' dir='ltr'>de</span> <span class='ocrx_word' id='word_1_369' title='bbox 606 3843 714 3904; x_wconf 92' lang='lat' dir='ltr'>ordine</span> <span class='ocrx_word' id='word_1_370' title='bbox 730 3843 926 3905; x_wconf 88' lang='lat' dir='ltr'>Sacramenta</span> <span class='ocrx_word' id='word_1_371' title='bbox 950 3851 1084 3926; x_wconf 80' lang='lat' dir='ltr'>aegrotis</span> 
     </span>
     <span class='ocr_line' id='line_1_57' title="bbox 229 3925 420 3986; baseline 0 0"><span class='ocrx_word' id='word_1_372' title='bbox 229 3925 420 3986; x_wconf 88' lang='lat' dir='ltr'>conterendi.</span> 
     </span>
    </p>

    <p class='ocr_par' dir='ltr' id='par_1_10' title="bbox 225 4006 1084 4567">
     <span class='ocr_line' id='line_1_58' title="bbox 270 4006 1084 4093; baseline 0.01 -25"><span class='ocrx_word' id='word_1_373' title='bbox 270 4006 367 4068; x_wconf 83' lang='lat' dir='ltr'>Venio</span> <span class='ocrx_word' id='word_1_374' title='bbox 382 4022 465 4068; x_wconf 94' lang='lat' dir='ltr'>nunc</span> <span class='ocrx_word' id='word_1_375' title='bbox 480 4007 516 4066; x_wconf 90' lang='lat' dir='ltr'>ad</span> <span class='ocrx_word' id='word_1_376' title='bbox 534 4007 701 4084; x_wconf 87' lang='lat' dir='ltr'>pretiosum</span> <span class='ocrx_word' id='word_1_377' title='bbox 719 4006 830 4070; x_wconf 82' lang='lat' dir='ltr'>Christi</span> <span class='ocrx_word' id='word_1_378' title='bbox 847 4008 963 4086; x_wconf 92' lang='lat' dir='ltr'>Corpus</span> <span class='ocrx_word' id='word_1_379' title='bbox 979 4029 1084 4093; x_wconf 82' lang='lat' dir='ltr'>aegro·</span> 
     </span>
     <span class='ocr_line' id='line_1_59' title="bbox 230 4089 1084 4167; baseline 0.011 -17"><span class='ocrx_word' id='word_1_380' title='bbox 230 4089 268 4154; x_wconf 87' lang='lat' dir='ltr'>tis</span> <span class='ocrx_word' id='word_1_381' title='bbox 285 4091 398 4152; x_wconf 83' lang='lat' dir='ltr'>utiliter</span> <span class='ocrx_word' id='word_1_382' title='bbox 419 4089 655 4151; x_wconf 87' lang='lat' dir='ltr'>conterendum.</span> <span class='ocrx_word' id='word_1_383' title='bbox 679 4089 721 4150; x_wconf 89' lang='grc' dir='ltr'>Αε</span> <span class='ocrx_word' id='word_1_384' title='bbox 743 4095 871 4167; x_wconf 92' lang='lat' dir='ltr'>primurn</span> <span class='ocrx_word' id='word_1_385' title='bbox 890 4094 1018 4158; x_wconf 82' lang='lat' dir='ltr'>brevitor</span> <span class='ocrx_word' id='word_1_386' title='bbox 1034 4115 1084 4159; x_wconf 90' lang='lat' dir='ltr'>ex·</span> 
     </span>
     <span class='ocr_line' id='line_1_60' title="bbox 231 4173 1082 4253; baseline 0.007 -19"><span class='ocrx_word' id='word_1_387' title='bbox 231 4189 355 4250; x_wconf 81' lang='lat' dir='ltr'>ponam,</span> <span class='ocrx_word' id='word_1_388' title='bbox 373 4173 444 4250; x_wconf 85' lang='lat' dir='ltr'>quid</span> <span class='ocrx_word' id='word_1_389' title='bbox 462 4173 615 4250; x_wconf 82' lang='lat' dir='ltr'>egendum</span> <span class='ocrx_word' id='word_1_390' title='bbox 632 4177 672 4234; x_wconf 87' lang='lat' dir='ltr'>stt</span> <span class='ocrx_word' id='word_1_391' title='bbox 693 4181 828 4253; x_wconf 77' lang='lat' dir='ltr'>aegroto,</span> <span class='ocrx_word' id='word_1_392' title='bbox 852 4184 1013 4252; x_wconf 78' lang='lat' dir='ltr'>antequam</span> <span class='ocrx_word' id='word_1_393' title='bbox 1032 4183 1082 4242; x_wconf 83' lang='lat' dir='ltr'>Sa-</span> 
     </span>
     <span class='ocr_line' id='line_1_61' title="bbox 229 4257 1082 4339; baseline 0.008 -22"><span class='ocrx_word' id='word_1_394' title='bbox 229 4261 417 4318; x_wconf 86' lang='lat' dir='ltr'>cramentum</span> <span class='ocrx_word' id='word_1_395' title='bbox 434 4258 470 4316; x_wconf 88' lang='lat' dir='ltr'>ud</span> <span class='ocrx_word' id='word_1_396' title='bbox 484 4273 553 4316; x_wconf 89' lang='lat' dir='ltr'>eum</span> <span class='ocrx_word' id='word_1_397' title='bbox 571 4257 738 4334; x_wconf 83' lang='lat' dir='ltr'>deteratur3</span> <span class='ocrx_word' id='word_1_398' title='bbox 761 4261 885 4330; x_wconf 89' lang='lat' dir='ltr'>deiude,</span> <span class='ocrx_word' id='word_1_399' title='bbox 903 4263 976 4334; x_wconf 79' lang='lat' dir='ltr'>auid</span> <span class='ocrx_word' id='word_1_400' title='bbox 991 4281 1082 4339; x_wconf 76' lang='lat' dir='ltr'>apere</span> 
     </span>
     <span class='ocr_line' id='line_1_62' title="bbox 229 4338 1081 4427; baseline 0.013 -29"><span class='ocrx_word' id='word_1_401' title='bbox 229 4340 340 4400; x_wconf 89' lang='lat' dir='ltr'>debeat</span> <span class='ocrx_word' id='word_1_402' title='bbox 355 4340 435 4401; x_wconf 87' lang='lat' dir='ltr'>idem</span> <span class='ocrx_word' id='word_1_403' title='bbox 453 4344 608 4416; x_wconf 82' lang='lat' dir='ltr'>aegrotus,</span> <span class='ocrx_word' id='word_1_404' title='bbox 625 4338 737 4400; x_wconf 79' lang='lat' dir='ltr'>Christi</span> <span class='ocrx_word' id='word_1_405' title='bbox 754 4340 885 4419; x_wconf 90' lang='lat' dir='ltr'>Corpore</span> <span class='ocrx_word' id='word_1_406' title='bbox 902 4357 1081 4427; x_wconf 86' lang='lat' dir='ltr'>praesente;</span> 
     </span>
     <span class='ocr_line' id='line_1_63' title="bbox 229 4421 1083 4500; baseline 0.007 -14"><span class='ocrx_word' id='word_1_407' title='bbox 229 4421 376 4499; x_wconf 80' lang='lat' dir='ltr'>donique,</span> <span class='ocrx_word' id='word_1_408' title='bbox 400 4423 555 4494; x_wconf 84' lang='lat' dir='ltr'>nuomodo</span> <span class='ocrx_word' id='word_1_409' title='bbox 577 4439 611 4482; x_wconf 88' lang='lat' dir='ltr'>se</span> <span class='ocrx_word' id='word_1_410' title='bbox 628 4430 724 4500; x_wconf 79' lang='lat' dir='ltr'>gerat,</span> <span class='ocrx_word' id='word_1_411' title='bbox 741 4424 933 4488; x_wconf 82' lang='lat' dir='ltr'>divinissimo</span> <span class='ocrx_word' id='word_1_412' title='bbox 949 4431 1019 4490; x_wconf 90' lang='lat' dir='ltr'>cibo</span> <span class='ocrx_word' id='word_1_413' title='bbox 1036 4449 1083 4492; x_wconf 92' lang='lat' dir='ltr'>re-</span> 
     </span>
     <span class='ocr_line' id='line_1_64' title="bbox 225 4512 644 4567; baseline -0.007 -3"><span class='ocrx_word' id='word_1_414' title='bbox 225 4512 361 4567; x_wconf 86' lang='lat' dir='ltr'>creatus.</span> <span class='ocrx_word' id='word_1_415' title='bbox 638 4551 644 4561; x_wconf 83' lang='grc'><strong><em>,</em></strong></span> 
     </span>
    </p>

    <p class='ocr_par' dir='ltr' id='par_1_11' title="bbox 228 4586 1082 4830">
     <span class='ocr_line' id='line_1_65' title="bbox 272 4586 1082 4673; baseline 0.012 -24"><span class='ocrx_word' id='word_1_416' title='bbox 272 4588 357 4664; x_wconf 84' lang='lat' dir='ltr'>Quod</span> <span class='ocrx_word' id='word_1_417' title='bbox 374 4586 481 4649; x_wconf 85' lang='lat' dir='ltr'>attinet</span> <span class='ocrx_word' id='word_1_418' title='bbox 496 4589 531 4647; x_wconf 90' lang='lat' dir='ltr'>ad</span> <span class='ocrx_word' id='word_1_419' title='bbox 550 4587 692 4664; x_wconf 87' lang='lat' dir='ltr'>primurn,</span> <span class='ocrx_word' id='word_1_420' title='bbox 718 4604 776 4664; x_wconf 71' lang='lat' dir='ltr'>epo</span> <span class='ocrx_word' id='word_1_421' title='bbox 798 4592 1006 4673; x_wconf 82' lang='lat' dir='ltr'>consulerem,</span> <span class='ocrx_word' id='word_1_422' title='bbox 1023 4597 1082 4659; x_wconf 89' lang='lat' dir='ltr'>nisi</span> 
     </span>
     <span class='ocr_line' id='line_1_66' title="bbox 229 4670 1082 4749; baseline 0.014 -20"><span class='ocrx_word' id='word_1_423' title='bbox 229 4671 306 4731; x_wconf 80' lang='lat' dir='ltr'>Patri</span> <span class='ocrx_word' id='word_1_424' title='bbox 321 4671 470 4749; x_wconf 87' lang='lat' dir='ltr'>spirituali</span> <span class='ocrx_word' id='word_1_425' title='bbox 485 4670 599 4746; x_wconf 83' lang='lat' dir='ltr'>aliquid</span> <span class='ocrx_word' id='word_1_426' title='bbox 617 4674 720 4734; x_wconf 85' lang='lat' dir='ltr'>utilius</span> <span class='ocrx_word' id='word_1_427' title='bbox 735 4675 963 4748; x_wconf 66' lang='lat' dir='ltr'>sategerendum</span> <span class='ocrx_word' id='word_1_428' title='bbox 976 4695 1082 4741; x_wconf 82' lang='lat' dir='ltr'>occur·</span> 
     </span>
     <span class='ocr_line' id='line_1_67' title="bbox 228 4753 1081 4830; baseline 0.015 -20"><span class='ocrx_word' id='word_1_429' title='bbox 228 4755 313 4820; x_wconf 80' lang='lat' dir='ltr'>rerit.</span> <span class='ocrx_word' id='word_1_430' title='bbox 331 4761 362 4813; x_wconf 92' lang='lat' dir='ltr'>ut</span> <span class='ocrx_word' id='word_1_431' title='bbox 377 4753 540 4830; x_wconf 71' lang='lat' dir='ltr'>diligenter</span> <span class='ocrx_word' id='word_1_432' title='bbox 556 4759 699 4830; x_wconf 79' lang='lat' dir='ltr'>aegrotus</span> <span class='ocrx_word' id='word_1_433' title='bbox 715 4756 924 4820; x_wconf 84' lang='lat' dir='ltr'>consideraret</span> <span class='ocrx_word' id='word_1_434' title='bbox 941 4764 1029 4822; x_wconf 90' lang='lat' dir='ltr'>verba</span> <span class='ocrx_word' id='word_1_435' title='bbox 1047 4767 1081 4823; x_wconf 89' lang='lat' dir='ltr'>it·</span> 
     </span>
    </p>
   </div>
   <div class='ocr_carea' id='block_1_7' title="bbox 1126 1525 2022 4854">
    <p class='ocr_par' dir='ltr' id='par_1_12' title="bbox 1127 1525 2022 3912">
     <span class='ocr_line' id='line_1_68' title="bbox 1128 1525 1992 1602; baseline 0.021 -19"><span class='ocrx_word' id='word_1_436' title='bbox 1128 1525 1256 1585; x_wconf 84' lang='lat' dir='ltr'>convivii</span> <span class='ocrx_word' id='word_1_437' title='bbox 1268 1533 1314 1588; x_wconf 89' lang='lat' dir='ltr'>ost</span> <span class='ocrx_word' id='word_1_438' title='bbox 1332 1531 1477 1588; x_wconf 90' lang='lat' dir='ltr'>memoria</span> <span class='ocrx_word' id='word_1_439' title='bbox 1494 1528 1646 1602; x_wconf 88' lang='lat' dir='ltr'>passionis</span> <span class='ocrx_word' id='word_1_440' title='bbox 1663 1529 1771 1592; x_wconf 82' lang='lat' dir='ltr'>Christi</span> <span class='ocrx_word' id='word_1_441' title='bbox 1791 1551 1801 1594; x_wconf 79' lang='lat' dir='ltr'>t</span> <span class='ocrx_word' id='word_1_442' title='bbox 1819 1537 1894 1598; x_wconf 88' lang='lat' dir='ltr'>ideo</span> <span class='ocrx_word' id='word_1_443' title='bbox 1912 1541 1992 1601; x_wconf 84' lang='lat' dir='ltr'>enim</span> 
     </span>
     <span class='ocr_line' id='line_1_69' title="bbox 1128 1608 2022 1700; baseline 0.019 -34"><span class='ocrx_word' id='word_1_444' title='bbox 1128 1611 1157 1666; x_wconf 91' lang='lat' dir='ltr'>in</span> <span class='ocrx_word' id='word_1_445' title='bbox 1173 1608 1288 1683; x_wconf 88' lang='lat' dir='ltr'>duplici</span> <span class='ocrx_word' id='word_1_446' title='bbox 1306 1613 1518 1687; x_wconf 87' lang='lat' dir='ltr'>specie,panis</span> <span class='ocrx_word' id='word_1_447' title='bbox 1534 1620 1565 1672; x_wconf 90' lang='lat' dir='ltr'>et</span> <span class='ocrx_word' id='word_1_448' title='bbox 1586 1611 1835 1690; x_wconf 81' lang='lat' dir='ltr'>riniCarpuset</span> <span class='ocrx_word' id='word_1_449' title='bbox 1858 1619 1994 1700; x_wconf 78' lang='lat' dir='ltr'>Sanguis</span> <span class='ocrx_word' id='word_1_450' title='bbox 2021 1655 2022 1658; x_wconf 16' lang='grc' dir='ltr'><strong>κ</strong></span> 
     </span>
     <span class='ocr_line' id='line_1_70' title="bbox 1130 1691 1996 1778; baseline 0.017 -28"><span class='ocrx_word' id='word_1_451' title='bbox 1130 1691 1247 1751; x_wconf 86' lang='lat' dir='ltr'>bomini</span> <span class='ocrx_word' id='word_1_452' title='bbox 1260 1702 1473 1760; x_wconf 82' lang='lat' dir='ltr'>consecretur.</span> <span class='ocrx_word' id='word_1_453' title='bbox 1493 1700 1526 1758; x_wconf 87' lang='lat' dir='ltr'>ot</span> <span class='ocrx_word' id='word_1_454' title='bbox 1540 1697 1646 1770; x_wconf 90' lang='lat' dir='ltr'>specie</span> <span class='ocrx_word' id='word_1_455' title='bbox 1669 1701 1757 1770; x_wconf 91' lang='lat' dir='ltr'>panis</span> <span class='ocrx_word' id='word_1_456' title='bbox 1778 1712 1996 1778; x_wconf 89' lang='lat' dir='ltr'>repraesentet</span> 
     </span>
     <span class='ocr_line' id='line_1_71' title="bbox 1129 1772 1993 1858; baseline 0.019 -24"><span class='ocrx_word' id='word_1_457' title='bbox 1129 1772 1269 1850; x_wconf 89' lang='lat' dir='ltr'>Corpusa</span> <span class='ocrx_word' id='word_1_458' title='bbox 1286 1775 1442 1849; x_wconf 75' lang='lat' dir='ltr'>Sanguine</span> <span class='ocrx_word' id='word_1_459' title='bbox 1455 1785 1678 1858; x_wconf 84' lang='lat' dir='ltr'>separatamac</span> <span class='ocrx_word' id='word_1_460' title='bbox 1689 1795 1744 1857; x_wconf 92' lang='lat' dir='ltr'>per</span> <span class='ocrx_word' id='word_1_461' title='bbox 1754 1783 1993 1850; x_wconf 91' lang='lat' dir='ltr'>hocmartuum:</span> 
     </span>
     <span class='ocr_line' id='line_1_72' title="bbox 1128 1859 1995 1946; baseline 0.018 -28"><span class='ocrx_word' id='word_1_462' title='bbox 1128 1865 1158 1918; x_wconf 92' lang='lat' dir='ltr'>et</span> <span class='ocrx_word' id='word_1_463' title='bbox 1169 1859 1360 1932; x_wconf 88' lang='lat' dir='ltr'>speciesrini</span> <span class='ocrx_word' id='word_1_464' title='bbox 1370 1861 1771 1940; x_wconf 77' lang='lat' dir='ltr'>repraesenteiSanguiuem</span> <span class='ocrx_word' id='word_1_465' title='bbox 1785 1875 1995 1946; x_wconf 85' lang='lat' dir='ltr'>separatuma</span> 
     </span>
     <span class='ocr_line' id='line_1_73' title="bbox 1129 1939 2022 2020; baseline 0.018 -18"><span class='ocrx_word' id='word_1_466' title='bbox 1129 1939 1273 2016; x_wconf 91' lang='lat' dir='ltr'>Corpore,</span> <span class='ocrx_word' id='word_1_467' title='bbox 1290 1951 1428 2019; x_wconf 87' lang='lat' dir='ltr'>quamuis</span> <span class='ocrx_word' id='word_1_468' title='bbox 1444 1944 1502 2004; x_wconf 92' lang='lat' dir='ltr'>sub</span> <span class='ocrx_word' id='word_1_469' title='bbox 1519 1952 1648 2020; x_wconf 80' lang='lat' dir='ltr'>utraque</span> <span class='ocrx_word' id='word_1_470' title='bbox 1660 1951 1766 2018; x_wconf 87' lang='lat' dir='ltr'>specie</span> <span class='ocrx_word' id='word_1_471' title='bbox 1788 1950 1939 2018; x_wconf 90' lang='lat' dir='ltr'>Christus</span> <span class='ocrx_word' id='word_1_472' title='bbox 1955 1963 1994 2016; x_wconf 95' lang='lat' dir='ltr'>to·</span> <span class='ocrx_word' id='word_1_473' title='bbox 2021 1951 2022 1966; x_wconf 59' lang='lat'>¹</span> 
     </span>
     <span class='ocr_line' id='line_1_74' title="bbox 1129 2027 2022 2116; baseline 0.021 -34"><span class='ocrx_word' id='word_1_474' title='bbox 1129 2030 1176 2082; x_wconf 91' lang='lat' dir='ltr'>tus</span> <span class='ocrx_word' id='word_1_475' title='bbox 1190 2033 1219 2084; x_wconf 90' lang='lat' dir='ltr'>et</span> <span class='ocrx_word' id='word_1_476' title='bbox 1234 2027 1340 2084; x_wconf 86' lang='lat' dir='ltr'>rirens</span> <span class='ocrx_word' id='word_1_477' title='bbox 1354 2028 1474 2088; x_wconf 80' lang='lat' dir='ltr'>existat.</span> <span class='ocrx_word' id='word_1_478' title='bbox 1492 2028 1590 2088; x_wconf 74' lang='lat' dir='ltr'>Voluit</span> <span class='ocrx_word' id='word_1_479' title='bbox 1606 2028 1688 2088; x_wconf 89' lang='lat' dir='ltr'>enirn</span> <span class='ocrx_word' id='word_1_480' title='bbox 1705 2030 1871 2103; x_wconf 84' lang='lat' dir='ltr'>[lominus.</span> <span class='ocrx_word' id='word_1_481' title='bbox 1891 2046 1927 2100; x_wconf 94' lang='lat' dir='ltr'>ut</span> <span class='ocrx_word' id='word_1_482' title='bbox 1943 2053 1994 2116; x_wconf 85' lang='lat' dir='ltr'>pei</span> <span class='ocrx_word' id='word_1_483' title='bbox 2021 2043 2022 2060; x_wconf 66' lang='lat'>¹</span> 
     </span>
     <span class='ocr_line' id='line_1_75' title="bbox 1129 2107 1995 2197; baseline 0.021 -32"><span class='ocrx_word' id='word_1_484' title='bbox 1129 2107 1204 2166; x_wconf 91' lang='lat' dir='ltr'>haec</span> <span class='ocrx_word' id='word_1_485' title='bbox 1220 2108 1360 2185; x_wconf 78' lang='lat' dir='ltr'>mysteria</span> <span class='ocrx_word' id='word_1_486' title='bbox 1379 2113 1458 2186; x_wconf 79' lang='lat' dir='ltr'>iugis</span> <span class='ocrx_word' id='word_1_487' title='bbox 1480 2115 1509 2170; x_wconf 89' lang='lat' dir='ltr'>et</span> <span class='ocrx_word' id='word_1_488' title='bbox 1532 2110 1708 2190; x_wconf 79' lang='lat' dir='ltr'>quotidiana</span> <span class='ocrx_word' id='word_1_489' title='bbox 1730 2121 1886 2181; x_wconf 87' lang='lat' dir='ltr'>memoria</span> <span class='ocrx_word' id='word_1_490' title='bbox 1916 2123 1995 2197; x_wconf 90' lang='lat' dir='ltr'>apud</span> 
     </span>
     <span class='ocr_line' id='line_1_76' title="bbox 1129 2193 1996 2280; baseline 0.021 -31"><span class='ocrx_word' id='word_1_491' title='bbox 1129 2205 1186 2250; x_wconf 90' lang='lat' dir='ltr'>nos</span> <span class='ocrx_word' id='word_1_492' title='bbox 1201 2196 1317 2252; x_wconf 84' lang='lat' dir='ltr'>artaret</span> <span class='ocrx_word' id='word_1_493' title='bbox 1333 2193 1526 2254; x_wconf 86' lang='lat' dir='ltr'>venerandae</span> <span class='ocrx_word' id='word_1_494' title='bbox 1542 2195 1699 2268; x_wconf 87' lang='lat' dir='ltr'>passionis</span> <span class='ocrx_word' id='word_1_495' title='bbox 1714 2213 1801 2268; x_wconf 81' lang='lat' dir='ltr'>suaa.</span> <span class='ocrx_word' id='word_1_496' title='bbox 1826 2217 1888 2278; x_wconf 87' lang='lat' dir='ltr'>per</span> <span class='ocrx_word' id='word_1_497' title='bbox 1905 2221 1996 2280; x_wconf 83' lang='lat' dir='ltr'>quarn</span> 
     </span>
     <span class='ocr_line' id='line_1_77' title="bbox 1128 2272 1995 2350; baseline 0.02 -18"><span class='ocrx_word' id='word_1_498' title='bbox 1128 2279 1228 2333; x_wconf 90' lang='lat' dir='ltr'>amnia</span> <span class='ocrx_word' id='word_1_499' title='bbox 1261 2272 1339 2334; x_wconf 88' lang='lat' dir='ltr'>mala</span> <span class='ocrx_word' id='word_1_500' title='bbox 1354 2277 1521 2350; x_wconf 88' lang='lat' dir='ltr'>evasimus,</span> <span class='ocrx_word' id='word_1_501' title='bbox 1550 2285 1580 2336; x_wconf 91' lang='lat' dir='ltr'>et</span> <span class='ocrx_word' id='word_1_502' title='bbox 1604 2279 1707 2341; x_wconf 87' lang='lat' dir='ltr'>arnoia</span> <span class='ocrx_word' id='word_1_503' title='bbox 1729 2282 1808 2344; x_wconf 90' lang='lat' dir='ltr'>bona</span> <span class='ocrx_word' id='word_1_504' title='bbox 1825 2291 1995 2349; x_wconf 87' lang='lat' dir='ltr'>consecuti</span> 
     </span>
     <span class='ocr_line' id='line_1_78' title="bbox 1129 2356 1996 2446; baseline 0.021 -31"><span class='ocrx_word' id='word_1_505' title='bbox 1129 2372 1248 2418; x_wconf 82' lang='lat' dir='ltr'>sumus.</span> <span class='ocrx_word' id='word_1_506' title='bbox 1264 2356 1343 2417; x_wconf 90' lang='lat' dir='ltr'>Hinc</span> <span class='ocrx_word' id='word_1_507' title='bbox 1359 2361 1441 2418; x_wconf 90' lang='lat' dir='ltr'>enirn</span> <span class='ocrx_word' id='word_1_508' title='bbox 1466 2360 1612 2422; x_wconf 82' lang='lat' dir='ltr'>Dominus</span> <span class='ocrx_word' id='word_1_509' title='bbox 1640 2363 1707 2437; x_wconf 89' lang='lat' dir='ltr'>ipse</span> <span class='ocrx_word' id='word_1_510' title='bbox 1732 2367 1807 2428; x_wconf 84' lang='lat' dir='ltr'>dixit</span> <span class='ocrx_word' id='word_1_511' title='bbox 1833 2368 1996 2446; x_wconf 81' lang='lat' dir='ltr'>Apostotis</span> 
     </span>
     <span class='ocr_line' id='line_1_79' title="bbox 1129 2439 1999 2528; baseline 0.022 -30"><span class='ocrx_word' id='word_1_512' title='bbox 1129 2441 1195 2500; x_wconf 88' lang='lat' dir='ltr'>suis</span> <span class='ocrx_word' id='word_1_513' title='bbox 1211 2439 1250 2501; x_wconf 91' lang='lat' dir='ltr'>de</span> <span class='ocrx_word' id='word_1_514' title='bbox 1281 2443 1338 2500; x_wconf 92' lang='lat' dir='ltr'>hac</span> <span class='ocrx_word' id='word_1_515' title='bbox 1355 2440 1553 2508; x_wconf 89' lang='lat' dir='ltr'>Sacramenta</span> <span class='ocrx_word' id='word_1_516' title='bbox 1580 2445 1733 2514; x_wconf 85' lang='lat' dir='ltr'>tanneris:</span> <span class='ocrx_word' id='word_1_517' title='bbox 1763 2450 1830 2513; x_wconf 81' lang='lat' dir='ltr'>Hoc</span> <span class='ocrx_word' id='word_1_518' title='bbox 1842 2452 1950 2528; x_wconf 74' lang='lat' dir='ltr'>facite</span> <span class='ocrx_word' id='word_1_519' title='bbox 1965 2457 1999 2517; x_wconf 83' lang='lat' dir='ltr'>in</span> 
     </span>
     <span class='ocr_line' id='line_1_80' title="bbox 1127 2525 1997 2611; baseline 0.02 -29"><span class='ocrx_word' id='word_1_520' title='bbox 1127 2538 1234 2584; x_wconf 77' lang='lat' dir='ltr'>eneam</span> <span class='ocrx_word' id='word_1_521' title='bbox 1248 2525 1764 2611; x_wconf 59' lang='lat' dir='ltr'>commemorationemabacti.)</span> <span class='ocrx_word' id='word_1_522' title='bbox 1778 2541 1810 2594; x_wconf 85' lang='lat' dir='ltr'>et</span> <span class='ocrx_word' id='word_1_523' title='bbox 1824 2534 1997 2611; x_wconf 74' lang='lat' dir='ltr'>apostotus</span> 
     </span>
     <span class='ocr_line' id='line_1_81' title="bbox 1128 2605 1993 2696; baseline 0.014 -32"><span class='ocrx_word' id='word_1_524' title='bbox 1128 2605 1239 2668; x_wconf 89' lang='lat' dir='ltr'>Paulus</span> <span class='ocrx_word' id='word_1_525' title='bbox 1253 2609 1328 2666; x_wconf 89' lang='lat' dir='ltr'>haec</span> <span class='ocrx_word' id='word_1_526' title='bbox 1342 2606 1464 2668; x_wconf 89' lang='lat' dir='ltr'>Domini</span> <span class='ocrx_word' id='word_1_527' title='bbox 1480 2611 1570 2670; x_wconf 87' lang='lat' dir='ltr'>rerba</span> <span class='ocrx_word' id='word_1_528' title='bbox 1593 2627 1752 2687; x_wconf 87' lang='lat' dir='ltr'>exponens</span> <span class='ocrx_word' id='word_1_529' title='bbox 1774 2618 1840 2678; x_wconf 88' lang='lat' dir='ltr'>ait:</span> <span class='ocrx_word' id='word_1_530' title='bbox 1862 2618 1993 2696; x_wconf 70' lang='lat' dir='ltr'>Qualia-</span> 
     </span>
     <span class='ocr_line' id='line_1_82' title="bbox 1127 2691 1996 2771; baseline 0.023 -23"><span class='ocrx_word' id='word_1_531' title='bbox 1127 2705 1282 2766; x_wconf 85' lang='lat' dir='ltr'>scumque</span> <span class='ocrx_word' id='word_1_532' title='bbox 1294 2691 1532 2754; x_wconf 81' lang='lat' dir='ltr'>manducabitis</span> <span class='ocrx_word' id='word_1_533' title='bbox 1546 2709 1667 2771; x_wconf 86' lang='lat' dir='ltr'>panem</span> <span class='ocrx_word' id='word_1_534' title='bbox 1689 2696 1785 2770; x_wconf 87' lang='lat' dir='ltr'>hunc,</span> <span class='ocrx_word' id='word_1_535' title='bbox 1810 2705 1996 2768; x_wconf 69' lang='lat' dir='ltr'>electorem</span> 
     </span>
     <span class='ocr_line' id='line_1_83' title="bbox 1129 2771 1994 2855; baseline 0.021 -23"><span class='ocrx_word' id='word_1_536' title='bbox 1129 2771 1251 2844; x_wconf 84' lang='lat' dir='ltr'>bibetis,</span> <span class='ocrx_word' id='word_1_537' title='bbox 1264 2777 1399 2836; x_wconf 85' lang='lat' dir='ltr'>mortam</span> <span class='ocrx_word' id='word_1_538' title='bbox 1415 2774 1542 2838; x_wconf 85' lang='lat' dir='ltr'>Domini</span> <span class='ocrx_word' id='word_1_539' title='bbox 1556 2782 1807 2855; x_wconf 82' lang='lat' dir='ltr'>annuntiabitis,</span> <span class='ocrx_word' id='word_1_540' title='bbox 1823 2785 1933 2849; x_wconf 88' lang='lat' dir='ltr'>donee</span> <span class='ocrx_word' id='word_1_541' title='bbox 1946 2805 1994 2850; x_wconf 89' lang='lat' dir='ltr'>ae·</span> 
     </span>
     <span class='ocr_line' id='line_1_84' title="bbox 1127 2852 1996 2944; baseline 0.021 -28"><span class='ocrx_word' id='word_1_542' title='bbox 1127 2857 1211 2920; x_wconf 83' lang='lat' dir='ltr'>nial.</span> <span class='ocrx_word' id='word_1_543' title='bbox 1226 2852 1271 2935; x_wconf 89' lang='lat' dir='ltr'>(t.</span> <span class='ocrx_word' id='word_1_544' title='bbox 1291 2854 1359 2918; x_wconf 91' lang='lat' dir='ltr'>Cor.</span> <span class='ocrx_word' id='word_1_545' title='bbox 1372 2856 1441 2932; x_wconf 85' lang='lat' dir='ltr'>lt.)</span> <span class='ocrx_word' id='word_1_546' title='bbox 1454 2861 1513 2919; x_wconf 94' lang='lat' dir='ltr'>hac</span> <span class='ocrx_word' id='word_1_547' title='bbox 1527 2868 1584 2930; x_wconf 81' lang='lat' dir='ltr'>est,</span> <span class='ocrx_word' id='word_1_548' title='bbox 1602 2861 1869 2944; x_wconf 80' lang='lat' dir='ltr'>Quotiescumque</span> <span class='ocrx_word' id='word_1_549' title='bbox 1886 2871 1926 2932; x_wconf 90' lang='lat' dir='ltr'>ad</span> <span class='ocrx_word' id='word_1_550' title='bbox 1941 2873 1996 2934; x_wconf 88' lang='lat' dir='ltr'>hoc</span> 
     </span>
     <span class='ocr_line' id='line_1_85' title="bbox 1128 2943 1994 3023; baseline 0.018 -25"><span class='ocrx_word' id='word_1_551' title='bbox 1128 2947 1356 2998; x_wconf 90' lang='lat' dir='ltr'>sacrosanctum</span> <span class='ocrx_word' id='word_1_552' title='bbox 1374 2943 1550 3020; x_wconf 80' lang='lat' dir='ltr'>mysterium</span> <span class='ocrx_word' id='word_1_553' title='bbox 1567 2947 1773 3023; x_wconf 88' lang='lat' dir='ltr'>accesseritis,</span> <span class='ocrx_word' id='word_1_554' title='bbox 1787 2967 1953 3016; x_wconf 88' lang='lat' dir='ltr'>memores</span> <span class='ocrx_word' id='word_1_555' title='bbox 1966 2971 1994 3014; x_wconf 91' lang='lat' dir='ltr'>e·</span> 
     </span>
     <span class='ocr_line' id='line_1_86' title="bbox 1129 3019 1991 3113; baseline 0.024 -35"><span class='ocrx_word' id='word_1_556' title='bbox 1129 3020 1206 3088; x_wconf 86' lang='lat' dir='ltr'>ritis,</span> <span class='ocrx_word' id='word_1_557' title='bbox 1220 3019 1374 3082; x_wconf 89' lang='lat' dir='ltr'>Christum</span> <span class='ocrx_word' id='word_1_558' title='bbox 1386 3023 1546 3086; x_wconf 85' lang='lat' dir='ltr'>Dominum</span> <span class='ocrx_word' id='word_1_559' title='bbox 1560 3027 1649 3088; x_wconf 90' lang='lat' dir='ltr'>ritum</span> <span class='ocrx_word' id='word_1_560' title='bbox 1664 3033 1805 3104; x_wconf 88' lang='lat' dir='ltr'>posuisse</span> <span class='ocrx_word' id='word_1_561' title='bbox 1819 3051 1879 3113; x_wconf 93' lang='lat' dir='ltr'>pro</span> <span class='ocrx_word' id='word_1_562' title='bbox 1892 3037 1991 3106; x_wconf 85' lang='lat' dir='ltr'>rabis:</span> 
     </span>
     <span class='ocr_line' id='line_1_87' title="bbox 1129 3103 1992 3191; baseline 0.024 -29"><span class='ocrx_word' id='word_1_563' title='bbox 1129 3108 1160 3164; x_wconf 91' lang='lat' dir='ltr'>et</span> <span class='ocrx_word' id='word_1_564' title='bbox 1174 3103 1250 3164; x_wconf 87' lang='lat' dir='ltr'>haec</span> <span class='ocrx_word' id='word_1_565' title='bbox 1262 3112 1511 3170; x_wconf 89' lang='lat' dir='ltr'>commemoratio</span> <span class='ocrx_word' id='word_1_566' title='bbox 1527 3110 1648 3172; x_wconf 89' lang='lat' dir='ltr'>durabit</span> <span class='ocrx_word' id='word_1_567' title='bbox 1661 3127 1759 3191; x_wconf 86' lang='lat' dir='ltr'>usque</span> <span class='ocrx_word' id='word_1_568' title='bbox 1769 3117 1992 3183; x_wconf 87' lang='lat' dir='ltr'>adsecundum</span> 
     </span>
     <span class='ocr_line' id='line_1_88' title="bbox 1129 3187 1989 3270; baseline 0.026 -26"><span class='ocrx_word' id='word_1_569' title='bbox 1129 3187 1291 3247; x_wconf 81' lang='lat' dir='ltr'>erlvenium</span> <span class='ocrx_word' id='word_1_570' title='bbox 1317 3187 1452 3256; x_wconf 85' lang='lat' dir='ltr'>Domini.</span> <span class='ocrx_word' id='word_1_571' title='bbox 1482 3193 1512 3250; x_wconf 90' lang='lat' dir='ltr'>id</span> <span class='ocrx_word' id='word_1_572' title='bbox 1536 3198 1711 3270; x_wconf 69' lang='lat' dir='ltr'>estusque</span> <span class='ocrx_word' id='word_1_573' title='bbox 1734 3199 1902 3264; x_wconf 85' lang='lat' dir='ltr'>edmundi</span> <span class='ocrx_word' id='word_1_574' title='bbox 1922 3221 1989 3265; x_wconf 91' lang='lat' dir='ltr'>con·</span> 
     </span>
     <span class='ocr_line' id='line_1_89' title="bbox 1130 3269 1990 3349; baseline 0.022 -19"><span class='ocrx_word' id='word_1_575' title='bbox 1130 3269 1377 3331; x_wconf 88' lang='lat' dir='ltr'>summationem.</span> <span class='ocrx_word' id='word_1_576' title='bbox 1394 3273 1498 3336; x_wconf 86' lang='lat' dir='ltr'>Voluit</span> <span class='ocrx_word' id='word_1_577' title='bbox 1513 3283 1614 3338; x_wconf 87' lang='lat' dir='ltr'>nutem</span> <span class='ocrx_word' id='word_1_578' title='bbox 1632 3278 1779 3344; x_wconf 85' lang='lat' dir='ltr'>[lominus</span> <span class='ocrx_word' id='word_1_579' title='bbox 1792 3299 1852 3348; x_wconf 92' lang='lat' dir='ltr'>nos</span> <span class='ocrx_word' id='word_1_580' title='bbox 1867 3289 1990 3349; x_wconf 85' lang='lat' dir='ltr'>assidue</span> 
     </span>
     <span class='ocr_line' id='line_1_90' title="bbox 1131 3357 1989 3446; baseline 0.024 -34"><span class='ocrx_word' id='word_1_581' title='bbox 1131 3367 1282 3414; x_wconf 89' lang='lat' dir='ltr'>memores</span> <span class='ocrx_word' id='word_1_582' title='bbox 1298 3369 1368 3414; x_wconf 87' lang='lat' dir='ltr'>esse</span> <span class='ocrx_word' id='word_1_583' title='bbox 1384 3357 1536 3430; x_wconf 90' lang='lat' dir='ltr'>passionis</span> <span class='ocrx_word' id='word_1_584' title='bbox 1553 3367 1583 3418; x_wconf 90' lang='lat' dir='ltr'>et</span> <span class='ocrx_word' id='word_1_585' title='bbox 1598 3362 1704 3424; x_wconf 91' lang='lat' dir='ltr'>martis</span> <span class='ocrx_word' id='word_1_586' title='bbox 1718 3380 1806 3441; x_wconf 89' lang='lat' dir='ltr'>suae,</span> <span class='ocrx_word' id='word_1_587' title='bbox 1825 3370 1900 3446; x_wconf 82' lang='lat' dir='ltr'>quia</span> <span class='ocrx_word' id='word_1_588' title='bbox 1913 3373 1989 3432; x_wconf 85' lang='lat' dir='ltr'>scie·</span> 
     </span>
     <span class='ocr_line' id='line_1_91' title="bbox 1131 3436 1991 3530; baseline 0.024 -36"><span class='ocrx_word' id='word_1_589' title='bbox 1131 3436 1192 3508; x_wconf 89' lang='lat' dir='ltr'>hat,</span> <span class='ocrx_word' id='word_1_590' title='bbox 1211 3437 1289 3495; x_wconf 92' lang='lat' dir='ltr'>hanc</span> <span class='ocrx_word' id='word_1_591' title='bbox 1312 3443 1489 3501; x_wconf 89' lang='lat' dir='ltr'>memoriam</span> <span class='ocrx_word' id='word_1_592' title='bbox 1511 3442 1604 3504; x_wconf 88' lang='lat' dir='ltr'>uobis</span> <span class='ocrx_word' id='word_1_593' title='bbox 1626 3446 1821 3511; x_wconf 91' lang='lat' dir='ltr'>utilissimam</span> <span class='ocrx_word' id='word_1_594' title='bbox 1847 3454 1938 3530; x_wconf 72' lang='lat' dir='ltr'>lore,</span> <span class='ocrx_word' id='word_1_595' title='bbox 1961 3461 1991 3517; x_wconf 95' lang='lat' dir='ltr'>ut</span> 
     </span>
     <span class='ocr_line' id='line_1_92' title="bbox 1130 3524 1988 3617; baseline 0.021 -38"><span class='ocrx_word' id='word_1_596' title='bbox 1130 3533 1284 3581; x_wconf 90' lang='lat' dir='ltr'>memores</span> <span class='ocrx_word' id='word_1_597' title='bbox 1299 3525 1357 3580; x_wconf 91' lang='lat' dir='ltr'>tarn</span> <span class='ocrx_word' id='word_1_598' title='bbox 1371 3524 1560 3586; x_wconf 84' lang='lat' dir='ltr'>admirabilis</span> <span class='ocrx_word' id='word_1_599' title='bbox 1576 3528 1732 3592; x_wconf 91' lang='lat' dir='ltr'>charitatis</span> <span class='ocrx_word' id='word_1_600' title='bbox 1744 3549 1820 3596; x_wconf 92' lang='lat' dir='ltr'>suae</span> <span class='ocrx_word' id='word_1_601' title='bbox 1833 3550 1910 3617; x_wconf 82' lang='lat' dir='ltr'>erga</span> <span class='ocrx_word' id='word_1_602' title='bbox 1922 3553 1988 3612; x_wconf 87' lang='lat' dir='ltr'>uas,</span> 
     </span>
     <span class='ocr_line' id='line_1_93' title="bbox 1130 3609 1989 3688; baseline 0.024 -26"><span class='ocrx_word' id='word_1_603' title='bbox 1130 3618 1253 3662; x_wconf 92' lang='lat' dir='ltr'>omnem</span> <span class='ocrx_word' id='word_1_604' title='bbox 1269 3619 1357 3679; x_wconf 91' lang='lat' dir='ltr'>spem</span> <span class='ocrx_word' id='word_1_605' title='bbox 1372 3612 1503 3668; x_wconf 90' lang='lat' dir='ltr'>nostram</span> <span class='ocrx_word' id='word_1_606' title='bbox 1521 3612 1551 3669; x_wconf 90' lang='lat' dir='ltr'>in</span> <span class='ocrx_word' id='word_1_607' title='bbox 1568 3609 1621 3670; x_wconf 94' lang='lat' dir='ltr'>ilto</span> <span class='ocrx_word' id='word_1_608' title='bbox 1643 3629 1847 3688; x_wconf 88' lang='lat' dir='ltr'>poneremus,</span> <span class='ocrx_word' id='word_1_609' title='bbox 1872 3628 1939 3682; x_wconf 90' lang='lat' dir='ltr'>tum</span> <span class='ocrx_word' id='word_1_610' title='bbox 1962 3622 1989 3683; x_wconf 92' lang='lat' dir='ltr'>in</span> 
     </span>
     <span class='ocr_line' id='line_1_94' title="bbox 1129 3687 1987 3781; baseline 0.027 -37"><span class='ocrx_word' id='word_1_611' title='bbox 1129 3688 1200 3758; x_wconf 88' lang='lat' dir='ltr'>rita,</span> <span class='ocrx_word' id='word_1_612' title='bbox 1217 3691 1279 3747; x_wconf 93' lang='lat' dir='ltr'>tum</span> <span class='ocrx_word' id='word_1_613' title='bbox 1295 3687 1325 3746; x_wconf 87' lang='lat' dir='ltr'>in</span> <span class='ocrx_word' id='word_1_614' title='bbox 1343 3696 1450 3750; x_wconf 88' lang='lat' dir='ltr'>morte.</span> <span class='ocrx_word' id='word_1_615' title='bbox 1469 3692 1548 3762; x_wconf 82' lang='lat' dir='ltr'>Quid</span> <span class='ocrx_word' id='word_1_616' title='bbox 1560 3693 1641 3754; x_wconf 91' lang='lat' dir='ltr'>enim</span> <span class='ocrx_word' id='word_1_617' title='bbox 1659 3711 1770 3776; x_wconf 75' lang='lat' dir='ltr'>negare</span> <span class='ocrx_word' id='word_1_618' title='bbox 1786 3707 1904 3774; x_wconf 86' lang='lat' dir='ltr'>poterit</span> <span class='ocrx_word' id='word_1_619' title='bbox 1918 3705 1987 3781; x_wconf 90' lang='lat' dir='ltr'>illis,</span> 
     </span>
     <span class='ocr_line' id='line_1_95' title="bbox 1130 3769 1989 3910; baseline 0.028 -84"><span class='ocrx_word' id='word_1_620' title='bbox 1130 3783 1185 3846; x_wconf 87' lang='lat' dir='ltr'>pra</span> <span class='ocrx_word' id='word_1_621' title='bbox 1204 3769 1326 3910; x_wconf 47' lang='lat' dir='ltr'>{pathus</span> <span class='ocrx_word' id='word_1_622' title='bbox 1354 3773 1443 3833; x_wconf 88' lang='lat' dir='ltr'>ritem</span> <span class='ocrx_word' id='word_1_623' title='bbox 1471 3776 1538 3849; x_wconf 89' lang='lat' dir='ltr'>ipse</span> <span class='ocrx_word' id='word_1_624' title='bbox 1564 3792 1650 3838; x_wconf 90' lang='lat' dir='ltr'>suam</span> <span class='ocrx_word' id='word_1_625' title='bbox 1678 3786 1737 3842; x_wconf 89' lang='lat' dir='ltr'>taur</span> <span class='ocrx_word' id='word_1_626' title='bbox 1767 3785 1916 3850; x_wconf 86' lang='lat' dir='ltr'>alacriter</span> <span class='ocrx_word' id='word_1_627' title='bbox 1939 3804 1989 3867; x_wconf 93' lang='lat' dir='ltr'>po·</span> 
     </span>
     <span class='ocr_line' id='line_1_96' title="bbox 1132 3858 1193 3912; baseline -0.016 0"><span class='ocrx_word' id='word_1_628' title='bbox 1132 3858 1193 3912; x_wconf 86' lang='lat' dir='ltr'>suri</span> 
     </span>
    </p>

    <p class='ocr_par' dir='ltr' id='par_1_13' title="bbox 1126 3932 1990 4854">
     <span class='ocr_line' id='line_1_97' title="bbox 1169 3932 1983 4016; baseline 0.025 -20"><span class='ocrx_word' id='word_1_629' title='bbox 1169 3935 1253 3996; x_wconf 81' lang='lat' dir='ltr'>Alter</span> <span class='ocrx_word' id='word_1_630' title='bbox 1267 3932 1384 3998; x_wconf 88' lang='lat' dir='ltr'>tructus</span> <span class='ocrx_word' id='word_1_631' title='bbox 1400 3939 1491 4002; x_wconf 89' lang='lat' dir='ltr'>huius</span> <span class='ocrx_word' id='word_1_632' title='bbox 1507 3942 1654 4006; x_wconf 90' lang='lat' dir='ltr'>coelestis</span> <span class='ocrx_word' id='word_1_633' title='bbox 1669 3948 1800 4014; x_wconf 88' lang='lat' dir='ltr'>couririi</span> <span class='ocrx_word' id='word_1_634' title='bbox 1815 3957 1942 4016; x_wconf 87' lang='lat' dir='ltr'>notatur</span> <span class='ocrx_word' id='word_1_635' title='bbox 1954 3955 1983 4016; x_wconf 90' lang='lat' dir='ltr'>iu</span> 
     </span>
     <span class='ocr_line' id='line_1_98' title="bbox 1129 4017 1990 4116; baseline 0.033 -43"><span class='ocrx_word' id='word_1_636' title='bbox 1129 4019 1231 4078; x_wconf 85' lang='lat' dir='ltr'>verbis</span> <span class='ocrx_word' id='word_1_637' title='bbox 1248 4017 1321 4092; x_wconf 86' lang='lat' dir='ltr'>iltis,</span> <span class='ocrx_word' id='word_1_638' title='bbox 1342 4021 1425 4086; x_wconf 82' lang='lat' dir='ltr'>Mens</span> <span class='ocrx_word' id='word_1_639' title='bbox 1439 4025 1593 4102; x_wconf 81' lang='lat' dir='ltr'>impletur</span> <span class='ocrx_word' id='word_1_640' title='bbox 1606 4032 1751 4107; x_wconf 71' lang='lat' dir='ltr'>pretim:</span> <span class='ocrx_word' id='word_1_641' title='bbox 1765 4040 1849 4113; x_wconf 80' lang='lat' dir='ltr'>quod</span> <span class='ocrx_word' id='word_1_642' title='bbox 1866 4042 1918 4098; x_wconf 89' lang='lat' dir='ltr'>est</span> <span class='ocrx_word' id='word_1_643' title='bbox 1930 4041 1990 4116; x_wconf 87' lang='lat' dir='ltr'>prt-</span> 
     </span>
     <span class='ocr_line' id='line_1_99' title="bbox 1128 4101 1987 4197; baseline 0.035 -44"><span class='ocrx_word' id='word_1_644' title='bbox 1128 4101 1271 4178; x_wconf 82' lang='lat' dir='ltr'>vilegium</span> <span class='ocrx_word' id='word_1_645' title='bbox 1285 4101 1471 4168; x_wconf 82' lang='lat' dir='ltr'>sacramenti</span> <span class='ocrx_word' id='word_1_646' title='bbox 1486 4109 1694 4174; x_wconf 79' lang='lat' dir='ltr'>Eucharistiae</span> <span class='ocrx_word' id='word_1_647' title='bbox 1706 4117 1878 4196; x_wconf 77' lang='lat' dir='ltr'>singulare,</span> <span class='ocrx_word' id='word_1_648' title='bbox 1888 4137 1987 4197; x_wconf 84' lang='lat' dir='ltr'>ouen·</span> 
     </span>
     <span class='ocr_line' id='line_1_100' title="bbox 1130 4182 1988 4282; baseline 0.024 -38"><span class='ocrx_word' id='word_1_649' title='bbox 1130 4182 1168 4245; x_wconf 92' lang='lat' dir='ltr'>do</span> <span class='ocrx_word' id='word_1_650' title='bbox 1184 4199 1252 4245; x_wconf 75' lang='lat' dir='ltr'>cerm</span> <span class='ocrx_word' id='word_1_651' title='bbox 1269 4183 1370 4249; x_wconf 90' lang='lat' dir='ltr'>debita</span> <span class='ocrx_word' id='word_1_652' title='bbox 1387 4194 1618 4270; x_wconf 89' lang='lat' dir='ltr'>praeparatione</span> <span class='ocrx_word' id='word_1_653' title='bbox 1632 4200 1900 4276; x_wconf 73' lang='lat' dir='ltr'>suscipiendam</span> <span class='ocrx_word' id='word_1_654' title='bbox 1915 4221 1988 4282; x_wconf 77' lang='lat' dir='ltr'>que</span> 
     </span>
     <span class='ocr_line' id='line_1_101' title="bbox 1130 4268 1987 4366; baseline 0.028 -40"><span class='ocrx_word' id='word_1_655' title='bbox 1130 4268 1324 4328; x_wconf 87' lang='lat' dir='ltr'>madroadum</span> <span class='ocrx_word' id='word_1_656' title='bbox 1350 4273 1439 4335; x_wconf 90' lang='lat' dir='ltr'>cibus</span> <span class='ocrx_word' id='word_1_657' title='bbox 1468 4277 1639 4352; x_wconf 92' lang='lat' dir='ltr'>corporalis</span> <span class='ocrx_word' id='word_1_658' title='bbox 1665 4291 1865 4362; x_wconf 77' lang='lat' dir='ltr'>resonarem,</span> <span class='ocrx_word' id='word_1_659' title='bbox 1885 4293 1917 4349; x_wconf 93' lang='lat' dir='ltr'>et</span> <span class='ocrx_word' id='word_1_660' title='bbox 1933 4305 1987 4366; x_wconf 90' lang='lat' dir='ltr'>per</span> 
     </span>
     <span class='ocr_line' id='line_1_102' title="bbox 1128 4351 1986 4444; baseline 0.028 -34"><span class='ocrx_word' id='word_1_661' title='bbox 1128 4351 1392 4416; x_wconf 88' lang='lat' dir='ltr'>manducationem</span> <span class='ocrx_word' id='word_1_662' title='bbox 1419 4356 1456 4418; x_wconf 92' lang='lat' dir='ltr'>ad</span> <span class='ocrx_word' id='word_1_663' title='bbox 1482 4361 1856 4444; x_wconf 18' lang='lat' dir='ltr'>stomachumfltraiaitar3</span> <span class='ocrx_word' id='word_1_664' title='bbox 1882 4374 1986 4434; x_wconf 87' lang='lat' dir='ltr'>tamen</span> 
     </span>
     <span class='ocr_line' id='line_1_103' title="bbox 1127 4434 1987 4517; baseline 0.028 -25"><span class='ocrx_word' id='word_1_665' title='bbox 1127 4434 1227 4494; x_wconf 89' lang='lat' dir='ltr'>amnia</span> <span class='ocrx_word' id='word_1_666' title='bbox 1244 4438 1379 4498; x_wconf 90' lang='lat' dir='ltr'>membra</span> <span class='ocrx_word' id='word_1_667' title='bbox 1396 4443 1534 4517; x_wconf 89' lang='lat' dir='ltr'>carparis</span> <span class='ocrx_word' id='word_1_668' title='bbox 1549 4443 1657 4512; x_wconf 85' lang='lat' dir='ltr'>reiicit,</span> <span class='ocrx_word' id='word_1_669' title='bbox 1675 4450 1777 4517; x_wconf 86' lang='lat' dir='ltr'>nutrit,</span> <span class='ocrx_word' id='word_1_670' title='bbox 1792 4451 1920 4514; x_wconf 90' lang='lat' dir='ltr'>roborat</span> <span class='ocrx_word' id='word_1_671' title='bbox 1937 4470 1987 4515; x_wconf 85' lang='lat' dir='ltr'>er·</span> 
     </span>
     <span class='ocr_line' id='line_1_104' title="bbox 1128 4516 1986 4600; baseline 0.033 -28"><span class='ocrx_word' id='word_1_672' title='bbox 1128 4516 1255 4577; x_wconf 87' lang='lat' dir='ltr'>hilarat:</span> <span class='ocrx_word' id='word_1_673' title='bbox 1272 4526 1375 4583; x_wconf 87' lang='lat' dir='ltr'>eontra</span> <span class='ocrx_word' id='word_1_674' title='bbox 1393 4539 1464 4583; x_wconf 84' lang='lat' dir='ltr'>vera</span> <span class='ocrx_word' id='word_1_675' title='bbox 1491 4527 1582 4588; x_wconf 89' lang='lat' dir='ltr'>nimia</span> <span class='ocrx_word' id='word_1_676' title='bbox 1605 4529 1666 4590; x_wconf 83' lang='lat' dir='ltr'>cibi</span> <span class='ocrx_word' id='word_1_677' title='bbox 1687 4532 1905 4597; x_wconf 80' lang='lat' dir='ltr'>abstinentiam</span> <span class='ocrx_word' id='word_1_678' title='bbox 1924 4553 1986 4600; x_wconf 91' lang='lat' dir='ltr'>non</span> 
     </span>
     <span class='ocr_line' id='line_1_105' title="bbox 1127 4603 1986 4684; baseline 0.03 -27"><span class='ocrx_word' id='word_1_679' title='bbox 1127 4603 1316 4666; x_wconf 86' lang='lat' dir='ltr'>stomachum</span> <span class='ocrx_word' id='word_1_680' title='bbox 1333 4605 1432 4674; x_wconf 89' lang='lat' dir='ltr'>solum</span> <span class='ocrx_word' id='word_1_681' title='bbox 1445 4609 1566 4670; x_wconf 89' lang='lat' dir='ltr'>inanem</span> <span class='ocrx_word' id='word_1_682' title='bbox 1580 4612 1691 4684; x_wconf 89' lang='lat' dir='ltr'>reddit,</span> <span class='ocrx_word' id='word_1_683' title='bbox 1704 4615 1761 4677; x_wconf 91' lang='lat' dir='ltr'>sed</span> <span class='ocrx_word' id='word_1_684' title='bbox 1773 4619 1875 4680; x_wconf 88' lang='lat' dir='ltr'>omnia</span> <span class='ocrx_word' id='word_1_685' title='bbox 1890 4635 1986 4682; x_wconf 89' lang='lat' dir='ltr'>mern·</span> 
     </span>
     <span class='ocr_line' id='line_1_106' title="bbox 1126 4681 1983 4780; baseline 0.028 -38"><span class='ocrx_word' id='word_1_686' title='bbox 1126 4681 1179 4742; x_wconf 89' lang='lat' dir='ltr'>bra</span> <span class='ocrx_word' id='word_1_687' title='bbox 1196 4683 1345 4758; x_wconf 88' lang='lat' dir='ltr'>debilitat,</span> <span class='ocrx_word' id='word_1_688' title='bbox 1363 4697 1517 4763; x_wconf 87' lang='lat' dir='ltr'>extenuat,</span> <span class='ocrx_word' id='word_1_689' title='bbox 1542 4693 1735 4758; x_wconf 85' lang='lat' dir='ltr'>determinet</span> <span class='ocrx_word' id='word_1_690' title='bbox 1752 4702 1898 4780; x_wconf 82' lang='lat' dir='ltr'>languida</span> <span class='ocrx_word' id='word_1_691' title='bbox 1914 4705 1983 4765; x_wconf 88' lang='lat' dir='ltr'>red·</span> 
     </span>
     <span class='ocr_line' id='line_1_107' title="bbox 1127 4767 1985 4854; baseline 0.029 -30"><span class='ocrx_word' id='word_1_692' title='bbox 1127 4767 1181 4838; x_wconf 68' lang='lat' dir='ltr'>dit,</span> <span class='ocrx_word' id='word_1_693' title='bbox 1210 4783 1245 4826; x_wconf 89' lang='lat' dir='ltr'>ae</span> <span class='ocrx_word' id='word_1_694' title='bbox 1272 4775 1393 4854; x_wconf 88' lang='lat' dir='ltr'>tandem</span> <span class='ocrx_word' id='word_1_695' title='bbox 1420 4776 1549 4836; x_wconf 86' lang='lat' dir='ltr'>occidit:</span> <span class='ocrx_word' id='word_1_696' title='bbox 1568 4777 1613 4838; x_wconf 92' lang='lat' dir='ltr'>sie</span> <span class='ocrx_word' id='word_1_697' title='bbox 1629 4778 1718 4840; x_wconf 88' lang='lat' dir='ltr'>cibus</span> <span class='ocrx_word' id='word_1_698' title='bbox 1734 4781 1794 4842; x_wconf 89' lang='lat' dir='ltr'>iste</span> <span class='ocrx_word' id='word_1_699' title='bbox 1808 4783 1936 4846; x_wconf 87' lang='lat' dir='ltr'>dirlnus</span> <span class='ocrx_word' id='word_1_700' title='bbox 1952 4803 1985 4848; x_wconf 93' lang='lat' dir='ltr'>n·</span> 
     </span>
    </p>
   </div>
   <div class='ocr_carea' id='block_1_8' title="bbox 225 4835 1984 5265">
    <p class='ocr_par' dir='ltr' id='par_1_14' title="bbox 225 4835 1984 5265">
     <span class='ocr_line' id='line_1_108' title="bbox 228 4835 1979 4938; baseline 0.022 -45"><span class='ocrx_word' id='word_1_701' title='bbox 228 4835 254 4894; x_wconf 90' lang='lat' dir='ltr'>la</span> <span class='ocrx_word' id='word_1_702' title='bbox 272 4835 376 4898; x_wconf 87' lang='lat' dir='ltr'>Sancti</span> <span class='ocrx_word' id='word_1_703' title='bbox 390 4837 545 4922; x_wconf 78' lang='lat' dir='ltr'>thomae:</span> <span class='ocrx_word' id='word_1_704' title='bbox 572 4835 739 4900; x_wconf 79' lang='lat' dir='ltr'>Oscorum</span> <span class='ocrx_word' id='word_1_705' title='bbox 755 4840 948 4906; x_wconf 85' lang='lat' dir='ltr'>conuiuium.</span> <span class='ocrx_word' id='word_1_706' title='bbox 967 4844 1002 4904; x_wconf 85' lang='lat' dir='ltr'>ie</span> <span class='ocrx_word' id='word_1_707' title='bbox 1018 4863 1079 4921; x_wconf 82' lang='lat' dir='ltr'>prro</span> <span class='ocrx_word' id='word_1_708' title='bbox 1126 4863 1213 4907; x_wconf 88' lang='lat' dir='ltr'>mnes</span> <span class='ocrx_word' id='word_1_709' title='bbox 1233 4854 1353 4916; x_wconf 89' lang='lat' dir='ltr'>animae</span> <span class='ocrx_word' id='word_1_710' title='bbox 1377 4857 1552 4930; x_wconf 89' lang='lat' dir='ltr'>spirituales</span> <span class='ocrx_word' id='word_1_711' title='bbox 1576 4863 1727 4937; x_wconf 89' lang='lat' dir='ltr'>potentias</span> <span class='ocrx_word' id='word_1_712' title='bbox 1743 4865 1853 4932; x_wconf 88' lang='lat' dir='ltr'>reiicit.</span> <span class='ocrx_word' id='word_1_713' title='bbox 1871 4873 1979 4938; x_wconf 84' lang='lat' dir='ltr'>nutrit.</span> 
     </span>
     <span class='ocr_line' id='line_1_109' title="bbox 230 4916 1984 5029; baseline 0.015 -44"><span class='ocrx_word' id='word_1_714' title='bbox 230 4916 371 4980; x_wconf 77' lang='lat' dir='ltr'>Christus</span> <span class='ocrx_word' id='word_1_715' title='bbox 392 4919 545 4986; x_wconf 75' lang='lat' dir='ltr'>sumitur.</span> <span class='ocrx_word' id='word_1_716' title='bbox 569 4921 723 4982; x_wconf 77' lang='lat' dir='ltr'>recolitur</span> <span class='ocrx_word' id='word_1_717' title='bbox 742 4931 900 4985; x_wconf 80' lang='lat' dir='ltr'>memorie</span> <span class='ocrx_word' id='word_1_718' title='bbox 921 4929 1082 5002; x_wconf 81' lang='lat' dir='ltr'>passionis</span> <span class='ocrx_word' id='word_1_719' title='bbox 1126 4931 1259 4994; x_wconf 91' lang='lat' dir='ltr'>roborat.</span> <span class='ocrx_word' id='word_1_720' title='bbox 1286 4939 1429 5000; x_wconf 83' lang='lat' dir='ltr'>Memoria</span> <span class='ocrx_word' id='word_1_721' title='bbox 1457 4941 1516 5002; x_wconf 91' lang='lat' dir='ltr'>boe</span> <span class='ocrx_word' id='word_1_722' title='bbox 1546 4959 1633 5004; x_wconf 90' lang='lat' dir='ltr'>sacro</span> <span class='ocrx_word' id='word_1_723' title='bbox 1663 4947 1811 5010; x_wconf 90' lang='lat' dir='ltr'>alimento</span> <span class='ocrx_word' id='word_1_724' title='bbox 1838 4952 1984 5029; x_wconf 86' lang='lat' dir='ltr'>impletur</span> 
     </span>
     <span class='ocr_line' id='line_1_110' title="bbox 227 5001 1981 5103; baseline 0.023 -41"><span class='ocrx_word' id='word_1_725' title='bbox 227 5001 309 5066; x_wconf 55' lang='lat' dir='ltr'>cirac</span> <span class='ocrx_word' id='word_1_726' title='bbox 325 5017 415 5062; x_wconf 87' lang='lat' dir='ltr'>mens</span> <span class='ocrx_word' id='word_1_727' title='bbox 437 5003 589 5077; x_wconf 86' lang='lat' dir='ltr'>impletur</span> <span class='ocrx_word' id='word_1_728' title='bbox 610 5004 729 5074; x_wconf 81' lang='lat' dir='ltr'>pratia,</span> <span class='ocrx_word' id='word_1_729' title='bbox 753 5012 788 5098; x_wconf 36' lang='lat' dir='ltr'>et·</span> <span class='ocrx_word' id='word_1_730' title='bbox 806 5007 936 5079; x_wconf 76' lang='lat' dir='ltr'>loturae</span> <span class='ocrx_word' id='word_1_731' title='bbox 957 5011 1080 5086; x_wconf 83' lang='lat' dir='ltr'>pieriae</span> <span class='ocrx_word' id='word_1_732' title='bbox 1126 5015 1220 5090; x_wconf 76' lang='lat' dir='ltr'>gratia</span> <span class='ocrx_word' id='word_1_733' title='bbox 1234 5017 1432 5082; x_wconf 86' lang='lat' dir='ltr'>dulcissimae</span> <span class='ocrx_word' id='word_1_734' title='bbox 1444 5026 1666 5088; x_wconf 89' lang='lat' dir='ltr'>recordationis</span> <span class='ocrx_word' id='word_1_735' title='bbox 1679 5029 1901 5096; x_wconf 77' lang='lat' dir='ltr'>beneficiorum</span> <span class='ocrx_word' id='word_1_736' title='bbox 1915 5035 1981 5103; x_wconf 82' lang='lat' dir='ltr'>liei.</span> 
     </span>
     <span class='ocr_line' id='line_1_111' title="bbox 225 5083 1981 5193; baseline 0.015 -47"><span class='ocrx_word' id='word_1_737' title='bbox 225 5083 319 5146; x_wconf 74' lang='lat' dir='ltr'>naon</span> <span class='ocrx_word' id='word_1_738' title='bbox 333 5086 453 5162; x_wconf 74' lang='lat' dir='ltr'>paphus</span> <span class='ocrx_word' id='word_1_739' title='bbox 468 5087 568 5146; x_wconf 83' lang='lat' dir='ltr'>dator</span> <span class='ocrx_word' id='word_1_740' title='bbox 581 5083 588 5144; x_wconf 86' lang='lat' dir='ltr'>i</span> <span class='ocrx_word' id='word_1_741' title='bbox 601 5085 734 5146; x_wconf 91' lang='lat' dir='ltr'>Priruum</span> <span class='ocrx_word' id='word_1_742' title='bbox 750 5093 840 5162; x_wconf 72' lang='lat' dir='ltr'>turtur</span> <span class='ocrx_word' id='word_1_743' title='bbox 852 5096 966 5151; x_wconf 86' lang='lat' dir='ltr'>attente</span> <span class='ocrx_word' id='word_1_744' title='bbox 980 5111 1080 5155; x_wconf 76' lang='lat' dir='ltr'>coris·-</span> <span class='ocrx_word' id='word_1_745' title='bbox 1125 5105 1981 5193; x_wconf 74' lang='lat' dir='ltr'>acpraecipuapassionisDominicaeperquarnlibcrari</span> 
     </span>
     <span class='ocr_line' id='line_1_112' title="bbox 226 5166 1982 5265; baseline 0.014 -39"><span class='ocrx_word' id='word_1_746' title='bbox 226 5166 476 5232; x_wconf 78' lang='lat' dir='ltr'>derahit.sacram</span> <span class='ocrx_word' id='word_1_747' title='bbox 490 5176 625 5228; x_wconf 86' lang='lat' dir='ltr'>sanatam</span> <span class='ocrx_word' id='word_1_748' title='bbox 636 5167 862 5230; x_wconf 64' lang='lat' dir='ltr'>&#39;Errctraristiam</span> <span class='ocrx_word' id='word_1_749' title='bbox 877 5176 1013 5247; x_wconf 83' lang='lat' dir='ltr'>prochori</span> <span class='ocrx_word' id='word_1_750' title='bbox 1028 5196 1081 5238; x_wconf 89' lang='lat' dir='ltr'>no·</span> <span class='ocrx_word' id='word_1_751' title='bbox 1126 5187 1154 5240; x_wconf 92' lang='lat' dir='ltr'>et</span> <span class='ocrx_word' id='word_1_752' title='bbox 1171 5184 1276 5247; x_wconf 85' lang='lat' dir='ltr'>salvati</span> <span class='ocrx_word' id='word_1_753' title='bbox 1292 5201 1410 5250; x_wconf 89' lang='lat' dir='ltr'>sumus.</span> <span class='ocrx_word' id='word_1_754' title='bbox 1424 5188 1629 5265; x_wconf 75' lang='lat' dir='ltr'>intelligentia</span> <span class='ocrx_word' id='word_1_755' title='bbox 1643 5193 1823 5261; x_wconf 76' lang='lat' dir='ltr'>bacaudam</span> <span class='ocrx_word' id='word_1_756' title='bbox 1836 5201 1982 5264; x_wconf 63' lang='lat' dir='ltr'>alimento</span> 
     </span>
    </p>
   </div>
   <div class='ocr_carea' id='block_1_9' title="bbox 228 5249 1979 5353">
    <p class='ocr_par' dir='ltr' id='par_1_15' title="bbox 228 5249 1979 5353">
     <span class='ocr_line' id='line_1_113' title="bbox 228 5249 1979 5353; baseline 0.021 -43"><span class='ocrx_word' id='word_1_757' title='bbox 228 5250 276 5312; x_wconf 91' lang='lat' dir='ltr'>bis</span> <span class='ocrx_word' id='word_1_758' title='bbox 293 5249 458 5310; x_wconf 83' lang='lat' dir='ltr'>viatoribus</span> <span class='ocrx_word' id='word_1_759' title='bbox 472 5267 525 5326; x_wconf 88' lang='lat' dir='ltr'>per</span> <span class='ocrx_word' id='word_1_760' title='bbox 541 5253 663 5312; x_wconf 88' lang='lat' dir='ltr'>modum</span> <span class='ocrx_word' id='word_1_761' title='bbox 683 5251 755 5321; x_wconf 81' lang='lat' dir='ltr'>cibi,</span> <span class='ocrx_word' id='word_1_762' title='bbox 775 5261 805 5312; x_wconf 94' lang='lat' dir='ltr'>ut</span> <span class='ocrx_word' id='word_1_763' title='bbox 822 5271 881 5314; x_wconf 94' lang='lat' dir='ltr'>non</span> <span class='ocrx_word' id='word_1_764' title='bbox 899 5257 1079 5322; x_wconf 89' lang='lat' dir='ltr'>cellciarnus</span> <span class='ocrx_word' id='word_1_765' title='bbox 1127 5267 1263 5340; x_wconf 89' lang='lat' dir='ltr'>repletur</span> <span class='ocrx_word' id='word_1_766' title='bbox 1284 5272 1377 5348; x_wconf 75' lang='lat' dir='ltr'>gratia</span> <span class='ocrx_word' id='word_1_767' title='bbox 1402 5270 1484 5340; x_wconf 75' lang='lat' dir='ltr'>ituri,</span> <span class='ocrx_word' id='word_1_768' title='bbox 1508 5291 1568 5335; x_wconf 92' lang='lat' dir='ltr'>non</span> <span class='ocrx_word' id='word_1_769' title='bbox 1594 5277 1758 5344; x_wconf 86' lang='lat' dir='ltr'>habitualis</span> <span class='ocrx_word' id='word_1_770' title='bbox 1775 5287 1906 5353; x_wconf 81' lang='lat' dir='ltr'>rentum,</span> <span class='ocrx_word' id='word_1_771' title='bbox 1924 5289 1979 5349; x_wconf 82' lang='lat' dir='ltr'>sed</span> 
     </span>
    </p>
   </div>
   <div class='ocr_carea' id='block_1_10' title="bbox 222 5332 1981 5771">
    <p class='ocr_par' dir='ltr' id='par_1_16' title="bbox 222 5332 1981 5771">
     <span class='ocr_line' id='line_1_114' title="bbox 224 5332 1981 5444; baseline 0.019 -51"><span class='ocrx_word' id='word_1_772' title='bbox 224 5332 254 5394; x_wconf 94' lang='lat' dir='ltr'>in</span> <span class='ocrx_word' id='word_1_773' title='bbox 268 5332 313 5394; x_wconf 87' lang='lat' dir='ltr'>rin</span> <span class='ocrx_word' id='word_1_774' title='bbox 328 5336 364 5392; x_wconf 91' lang='lat' dir='ltr'>ad</span> <span class='ocrx_word' id='word_1_775' title='bbox 381 5335 521 5410; x_wconf 87' lang='lat' dir='ltr'>patriam,</span> <span class='ocrx_word' id='word_1_776' title='bbox 537 5340 714 5408; x_wconf 85' lang='lat' dir='ltr'>praesertim</span> <span class='ocrx_word' id='word_1_777' title='bbox 729 5352 764 5395; x_wconf 87' lang='lat' dir='ltr'>aa</span> <span class='ocrx_word' id='word_1_778' title='bbox 779 5344 926 5412; x_wconf 80' lang='lat' dir='ltr'>tempore.</span> <span class='ocrx_word' id='word_1_779' title='bbox 942 5358 1002 5418; x_wconf 83' lang='lat' dir='ltr'>qiro</span> <span class='ocrx_word' id='word_1_780' title='bbox 1016 5345 1078 5405; x_wconf 92' lang='lat' dir='ltr'>ton·</span> <span class='ocrx_word' id='word_1_781' title='bbox 1125 5352 1215 5408; x_wconf 89' lang='lat' dir='ltr'>etiarn</span> <span class='ocrx_word' id='word_1_782' title='bbox 1232 5353 1371 5420; x_wconf 79' lang='lat' dir='ltr'>actualis,</span> <span class='ocrx_word' id='word_1_783' title='bbox 1387 5372 1395 5414; x_wconf 92' lang='lat'>:</span> <span class='ocrx_word' id='word_1_784' title='bbox 1413 5353 1532 5428; x_wconf 73' lang='lat' dir='ltr'>(Actor.</span> <span class='ocrx_word' id='word_1_785' title='bbox 1551 5357 1712 5434; x_wconf 23' lang='lat' dir='ltr'>iblitldes</span> <span class='ocrx_word' id='word_1_786' title='bbox 1725 5370 1826 5426; x_wconf 89' lang='lat' dir='ltr'>autem</span> <span class='ocrx_word' id='word_1_787' title='bbox 1840 5369 1981 5444; x_wconf 86' lang='lat' dir='ltr'>purillrat</span> 
     </span>
     <span class='ocr_line' id='line_1_115' title="bbox 224 5412 1981 5522; baseline 0.013 -44"><span class='ocrx_word' id='word_1_788' title='bbox 224 5433 262 5490; x_wconf 70' lang='lat' dir='ltr'>ro</span> <span class='ocrx_word' id='word_1_789' title='bbox 286 5416 395 5476; x_wconf 85' lang='lat' dir='ltr'>itinere</span> <span class='ocrx_word' id='word_1_790' title='bbox 417 5412 527 5492; x_wconf 77' lang='lat' dir='ltr'>larigna</span> <span class='ocrx_word' id='word_1_791' title='bbox 551 5420 631 5476; x_wconf 85' lang='lat' dir='ltr'>vires</span> <span class='ocrx_word' id='word_1_792' title='bbox 655 5418 749 5478; x_wconf 87' lang='lat' dir='ltr'>minui</span> <span class='ocrx_word' id='word_1_793' title='bbox 767 5421 878 5480; x_wconf 75' lang='lat' dir='ltr'>saleru.</span> <span class='ocrx_word' id='word_1_794' title='bbox 895 5422 1011 5484; x_wconf 84' lang='lat' dir='ltr'>biritur</span> <span class='ocrx_word' id='word_1_795' title='bbox 1027 5445 1078 5486; x_wconf 86' lang='lat' dir='ltr'>aa·</span> <span class='ocrx_word' id='word_1_796' title='bbox 1125 5432 1214 5490; x_wconf 91' lang='lat' dir='ltr'>eorda</span> <span class='ocrx_word' id='word_1_797' title='bbox 1229 5435 1266 5496; x_wconf 90' lang='lat' dir='ltr'>ab</span> <span class='ocrx_word' id='word_1_798' title='bbox 1279 5436 1435 5498; x_wconf 90' lang='lat' dir='ltr'>erroribus</span> <span class='ocrx_word' id='word_1_799' title='bbox 1449 5439 1603 5517; x_wconf 88' lang='lat' dir='ltr'>plurimis,</span> <span class='ocrx_word' id='word_1_800' title='bbox 1627 5450 1657 5504; x_wconf 94' lang='lat' dir='ltr'>et</span> <span class='ocrx_word' id='word_1_801' title='bbox 1672 5447 1771 5522; x_wconf 80' lang='lat' dir='ltr'>replet</span> <span class='ocrx_word' id='word_1_802' title='bbox 1786 5457 1919 5514; x_wconf 71' lang='lat' dir='ltr'>mentam</span> <span class='ocrx_word' id='word_1_803' title='bbox 1936 5454 1981 5514; x_wconf 72' lang='grc' dir='ltr'>ῑῃ.</span> 
     </span>
     <span class='ocr_line' id='line_1_116' title="bbox 226 5498 1979 5612; baseline 0.022 -55"><span class='ocrx_word' id='word_1_804' title='bbox 226 5504 286 5560; x_wconf 88' lang='lat' dir='ltr'>tem</span> <span class='ocrx_word' id='word_1_805' title='bbox 305 5501 353 5561; x_wconf 90' lang='lat' dir='ltr'>hie</span> <span class='ocrx_word' id='word_1_806' title='bbox 370 5498 458 5560; x_wconf 86' lang='lat' dir='ltr'>cibus</span> <span class='ocrx_word' id='word_1_807' title='bbox 474 5501 668 5570; x_wconf 82' lang='lat' dir='ltr'>conuiuium.</span> <span class='ocrx_word' id='word_1_808' title='bbox 679 5509 708 5560; x_wconf 89' lang='lat' dir='ltr'>et</span> <span class='ocrx_word' id='word_1_809' title='bbox 722 5517 853 5563; x_wconf 85' lang='lat' dir='ltr'>sacrum</span> <span class='ocrx_word' id='word_1_810' title='bbox 868 5509 1050 5570; x_wconf 76' lang='lat' dir='ltr'>cunctatum</span> <span class='ocrx_word' id='word_1_811' title='bbox 1067 5530 1075 5586; x_wconf 89' lang='lat'>;</span> <span class='ocrx_word' id='word_1_812' title='bbox 1124 5515 1289 5589; x_wconf 70' lang='lat' dir='ltr'>talliacotio</span> <span class='ocrx_word' id='word_1_813' title='bbox 1306 5533 1405 5580; x_wconf 88' lang='lat' dir='ltr'>rarum</span> <span class='ocrx_word' id='word_1_814' title='bbox 1423 5523 1605 5599; x_wconf 88' lang='lat' dir='ltr'>divinarum,</span> <span class='ocrx_word' id='word_1_815' title='bbox 1619 5543 1699 5602; x_wconf 84' lang='lat' dir='ltr'>nune</span> <span class='ocrx_word' id='word_1_816' title='bbox 1712 5533 1894 5596; x_wconf 75' lang='lat' dir='ltr'>incredibile</span> <span class='ocrx_word' id='word_1_817' title='bbox 1908 5553 1979 5612; x_wconf 71' lang='lat' dir='ltr'>garr-</span> 
     </span>
     <span class='ocr_line' id='line_1_117' title="bbox 222 5581 1976 5692; baseline 0.007 -52"><span class='ocrx_word' id='word_1_818' title='bbox 222 5581 292 5653; x_wconf 84' lang='lat' dir='ltr'>uuia</span> <span class='ocrx_word' id='word_1_819' title='bbox 315 5584 388 5644; x_wconf 89' lang='lat' dir='ltr'>licet</span> <span class='ocrx_word' id='word_1_820' title='bbox 402 5582 535 5642; x_wconf 86' lang='lat' dir='ltr'>daturin</span> <span class='ocrx_word' id='word_1_821' title='bbox 553 5588 658 5657; x_wconf 87' lang='lat' dir='ltr'>speeie</span> <span class='ocrx_word' id='word_1_822' title='bbox 674 5586 770 5678; x_wconf 79' lang='lat' dir='ltr'>solius</span> <span class='ocrx_word' id='word_1_823' title='bbox 787 5585 887 5658; x_wconf 83' lang='lat' dir='ltr'>panis,</span> <span class='ocrx_word' id='word_1_824' title='bbox 912 5598 1011 5652; x_wconf 73' lang='lat' dir='ltr'>taenea</span> <span class='ocrx_word' id='word_1_825' title='bbox 1029 5603 1076 5654; x_wconf 84' lang='lat' dir='ltr'>est</span> <span class='ocrx_word' id='word_1_826' title='bbox 1122 5598 1204 5658; x_wconf 83' lang='lat' dir='ltr'>diurn</span> <span class='ocrx_word' id='word_1_827' title='bbox 1222 5602 1311 5674; x_wconf 73' lang='lat' dir='ltr'>parit,</span> <span class='ocrx_word' id='word_1_828' title='bbox 1334 5602 1473 5682; x_wconf 81' lang='lat' dir='ltr'>benique</span> <span class='ocrx_word' id='word_1_829' title='bbox 1497 5609 1635 5672; x_wconf 57' lang='lat' dir='ltr'>,opums</span> <span class='ocrx_word' id='word_1_830' title='bbox 1658 5612 1717 5674; x_wconf 91' lang='lat' dir='ltr'>hoc</span> <span class='ocrx_word' id='word_1_831' title='bbox 1740 5616 1807 5692; x_wconf 59' lang='lat'>5950</span> <span class='ocrx_word' id='word_1_832' title='bbox 1830 5617 1976 5683; x_wconf 53' lang='lat' dir='ltr'>,rimmo</span> 
     </span>
     <span class='ocr_line' id='line_1_118' title="bbox 222 5661 1976 5771; baseline 0.026 -50"><span class='ocrx_word' id='word_1_833' title='bbox 222 5661 373 5742; x_wconf 74' lang='lat' dir='ltr'>integrum</span> <span class='ocrx_word' id='word_1_834' title='bbox 403 5680 608 5742; x_wconf 82' lang='lat' dir='ltr'>magnumque</span> <span class='ocrx_word' id='word_1_835' title='bbox 630 5669 823 5746; x_wconf 82' lang='lat' dir='ltr'>conriuom3</span> <span class='ocrx_word' id='word_1_836' title='bbox 851 5674 881 5731; x_wconf 89' lang='lat' dir='ltr'>et</span> <span class='ocrx_word' id='word_1_837' title='bbox 906 5676 1074 5736; x_wconf 85' lang='lat' dir='ltr'>convivium</span> <span class='ocrx_word' id='word_1_838' title='bbox 1122 5683 1259 5756; x_wconf 90' lang='lat' dir='ltr'>repletur</span> <span class='ocrx_word' id='word_1_839' title='bbox 1273 5685 1367 5764; x_wconf 81' lang='lat' dir='ltr'>gratia</span> <span class='ocrx_word' id='word_1_840' title='bbox 1382 5690 1448 5766; x_wconf 90' lang='lat' dir='ltr'>spei</span> <span class='ocrx_word' id='word_1_841' title='bbox 1461 5691 1663 5771; x_wconf 85' lang='lat' dir='ltr'>certissimae,</span> <span class='ocrx_word' id='word_1_842' title='bbox 1674 5701 1704 5757; x_wconf 89' lang='lat' dir='ltr'>ct</span> <span class='ocrx_word' id='word_1_843' title='bbox 1716 5697 1855 5763; x_wconf 88' lang='lat' dir='ltr'>charitati</span> <span class='ocrx_word' id='word_1_844' title='bbox 1868 5704 1976 5767; x_wconf 86' lang='lat' dir='ltr'>erden·</span> 
     </span>
    </p>
   </div>
   <div class='ocr_carea' id='block_1_11' title="bbox 0 0 2044 6244">
    <p class='ocr_par' dir='ltr' id='par_1_17' title="bbox 0 0 2044 6244">
     <span class='ocr_line' id='line_1_119' title="bbox 0 0 2044 6244; baseline 0 0"><span class='ocrx_word' id='word_1_845' title='bbox 0 0 2044 6244; x_wconf 95' lang='lat' dir='ltr'> </span> 
     </span>
    </p>
   </div>
  </div>
 </body>
</html>
