4056 6260
795 327 907 392 uram
924 326 1064 416 rernm
1682 323 1743 392 arc

28 477 67 527 ro
88 463 286 541 contempsit
298 464 435 544 populus
456 463 633 545 exemplum
653 465 849 546 Prophetae,
872 467 904 528 et
951 463 1002 528 his
1018 465 1172 544 hemmae
1187 462 1409 543 commodaret,
1425 465 1542 544 quihus
1558 464 1655 547 dipac
1668 483 1812 549 persecu·

1 575 2 596 ι
29 552 240 628 praeceptum
259 548 393 621 bomini,
409 548 449 612 de
463 549 654 628 poenitentia
670 567 741 612 cum
757 548 904 632 lacrymis
950 549 1066 612 tionem
1083 554 1196 612 tantam
1213 547 1330 612 dehere
1344 563 1523 627 possemus.

1 663 3 694 t
30 629 173 712 agendae
190 629 261 694 ideo
277 630 416 710 captivus
432 631 546 696 ductus
558 638 605 696 est
616 633 753 714 pupulus
764 633 818 696 illc
830 648 903 696 con·
943 669 945 674 ·
1216 691 1219 698 .

32 721 155 786 tumax,
172 721 204 778 et
218 715 325 778 civitas
337 730 458 790 eversa,
476 719 508 780 et
522 717 678 780 destructa
693 717 762 780 luit.
784 715 904 780 Utinam
1316 720 1400 788 (th.
1423 721 1459 785 V.

32 795 207 862 Christiani
222 797 366 876 exemplo
381 795 597 865 Hebraeorum
609 807 777 880 saperent,
799 800 906 864 et'cla·
1015 837 1016 842 κ
1287 837 1289 842 1

31 881 199 946 manhbus
213 875 341 946 assidue
356 883 648 960 concionatoribus,
672 901 709 948 ac
723 885 906 962 praesertin
1047 892 1091 955 De
1105 853 1294 955 necessitate
1307 891 1498 973 qemitnnm,
1516 907 1560 956 em
1574 892 1727 958 Ierernic.
1743 905 1745 912 '
1763 971 1766 980 y

34 965 236 1044 temporibus
249 966 436 1030 solemnium
449 966 821 1048 leluniorum,laerymis
832 975 907 1046 poe·
1253 1011 1256 1018 -
1484 1003 1486 1010 ι

33 1051 190 1113 nitentiae
205 1066 391 1115 assuescere
405 1051 592 1129 inciperent.
607 1051 700 1116 llutta
716 1052 847 1114 lortdsse
861 1051 907 1114 di·
993 1051 1144 1118 IeremIas
1158 1052 1311 1129 Propheta
1326 1051 1359 1115 in
1375 1049 1508 1114 Tbrenis
1528 1049 1576 1112 sic
1589 1047 1769 1128 alloquitur,
1786 1058 1818 1116 et

35 1135 110 1196 rina
125 1133 249 1214 flagella
268 1141 331 1198 tum
347 1133 475 1214 singuli,
492 1139 557 1197 tum
570 1134 905 1214 nniverstehuyerent.
953 1136 1131 1199 exhortetur
1146 1136 1295 1215 populum
1316 1133 1424 1199 Israel:
1448 1134 1559 1198 Deduc
1573 1135 1672 1212 qttose'
1693 1139 1818 1200 torrere·

37 1216 102 1282 Sed
120 1218 274 1298 plurimos
289 1233 362 1282 esse
376 1219 542 1289 ridemus,
568 1225 599 1282 ct
613 1217 781 1292 dolemus,
805 1220 858 1299 qui
880 1218 908 1282 si
954 1227 1018 1282 tem
1033 1219 1199 1302 lacrymas
1211 1234 1272 1298 per
1286 1220 1386 1292 diem,
1402 1224 1432 1282 et
1446 1225 1585 1280 noctem:
1608 1231 1678 1281 non
1690 1217 1747 1282 des
1766 1235 1820 1284 re-

1 1323 2 1344 a
36 1317 102 1362 nen
119 1301 228 1374 verbu,
238 1299 330 1365 ‘certe
341 1300 431 1364 Iactis
446 1302 552 1366 dleere
566 1303 722 1374 ridentur,
738 1303 906 1376 sumam,
953 1306 1065 1382 quiem
1078 1304 1149 1377 tibi,
1165 1317 1271 1382 neque
1283 1309 1390 1367 ¹tccect
1402 1302 1533 1381 pcptttc
1547 1299 1636 1364 oculi
1657 1303 1718 1365 tut.
1737 1300 1816 1368 core

1 1441 2 1444 ,
37 1388 67 1446 et
83 1383 250 1458 bibamus,
275 1402 350 1448 crus
372 1387 462 1448 enim
481 1386 672 1450 moriemur.
689 1385 727 1452 Et
741 1389 824 1464 quod
847 1386 908 1450 sihi
954 1403 1065 1467 aurqe,
1082 1386 1187 1450 laude
1201 1388 1238 1450 in
1251 1390 1367 1459 nocte,
1383 1387 1421 1449 in
1434 1385 1600 1464 principio
1621 1385 1817 1464 uiqiliurum

1 1489 2 1542 y
40 1468 102 1546 ipsi
117 1469 342 1546 pronunciant,
358 1469 390 1530 in
406 1467 484 1532 illud
499 1469 728 1534 inciduntz'non
741 1470 906 1550 quodcum
954 1466 1316 1550 effundese'cuthuum
1337 1475 1496 1533 certunm
1519 1471 1819 1548 anteconspecmm

1 1587 3 1630 ι
41 1553 911 1630 corporeextinguenturetiamenimaeetsensusnul·
955 1553 1198 1628 hominideuc
1219 1553 1266 1616 cd
1286 1569 1360 1617 eum
1380 1567 1501 1615 monus
1521 1555 1598 1615 tuce
1618 1567 1679 1631 pro
1701 1553 1819 1618 enimc

1 1711 2 1718 ἵ
42 1635 253 1714 lusreliquus
269 1637 321 1708 sit,
335 1637 417 1715 quod
430 1635 632 1708 atheirerbis
648 1635 711 1700 illis
733 1636 910 1718 significare
954 1639 1168 1716 paruulorum
1183 1641 1327 1701 tuorum.
1345 1638 1405 1715 qut
1419 1635 1608 1718 deiecerunt
1625 1638 1664 1698 tu
1676 1635 1765 1713 ieme
1779 1635 1818 1701 in

1 1735 2 1741 ¹
40 1718 160 1790 solent,
177 1718 234 1781 sed
253 1719 334 1797 quod
351 1720 385 1793 ii,
408 1721 461 1796 qui
476 1714 626 1796 voluptati
647 1721 784 1797 edendi,
812 1729 842 1785 et
863 1722 910 1784 bi·
956 1723 1063 1800 cupite
1077 1722 1463 1798 omninmcompitorum.
1476 1719 1561 1784 Haec
1575 1717 1651 1796 dixit
1670 1718 1820 1784 Ieremias

40 1801 141 1864 bendi
154 1802 230 1865 dant
245 1810 426 1878 operamet
440 1819 510 1864 oum
528 1803 689 1883 yaudic‚et
703 1804 820 1868 laetitia
835 1812 914 1868 tem·
956 1821 1029 1868 cunr
1043 1805 1219 1868 horteretur
1230 1803 1381 1884 populum
1396 1804 1434 1867 ad
1450 1803 1563 1866 seriam
1580 1803 1819 1883 poenitentinm3

1 1940 3 1952 .
39 1885 207 1963 poralibus
222 1887 316 1950 bonis
327 1885 467 1962 effluere,
484 1893 515 1948 et
528 1890 559 1948 in
576 1888 670 1949 bonis
685 1889 753 1952 dies
765 1904 841 1952 suos
857 1889 911 1952 dn·
957 1887 1031 1966 qula
1046 1887 1144 1951 Deum
1158 1887 1342 1968 gravissime
1359 1886 1568 1962 offenderent,
1591 1890 1624 1948 et
1638 1885 1699 1948 lam
1711 1884 1823 1952 clrites

1 2009 3 2052 ς
39 1983 115 2031 cere
131 1967 274 2048 cupiunt,
289 1986 360 2032 cum
377 1969 516 2041 ieinnio,
535 1974 567 2033 et
587 1972 734 2052 lucrymis
748 1973 912 2050 poeniten·
959 1971 1128 2035 Ierusalem
1145 1971 1185 2036 nb
1203 1979 1327 2050 peccata
1344 1970 1453 2050 populi
1467 1975 1569 2049 cepte,
1592 1974 1825 2033 et-erersaerat

1 2095 3 2137 ι
40 2050 103 2114 tiae
119 2068 246 2116 earnem
263 2051 400 2132 affligere
417 2059 541 2132 tempus
556 2054 731 2118 admoneat:
748 2057 912 2134 uinquam
958 2073 973 2118 a
991 2055 1076 2134 Rege
1087 2052 1267 2136 Rabylonis
1283 2062 1313 2118 et
1328 2055 1486 2118 restabant
1499 2051 1602 2116 adbuc
1627 2052 1823 2134 septuaginta

1 2146 2 2154 ¹
42 2148 237 2200 rereraeras
255 2136 526 2210 momentaneum
544 2137 699 2216 inopinate
715 2145 913 2218 morteprae·
958 2140 1030 2201 anni
1046 2137 1239 2201 miserrimae
1255 2140 1450 2217 captirItatis.
1467 2137 1505 2200 tlt
1521 2141 1632 2200 autem
1645 2140 1856 2201 ostenderet*

41 2219 129 2282 renti
147 2220 185 2281 ad
199 2220 376 2300 gehennam
394 2219 602 2294 descendent,
620 2229 913 2296 quaeestmorsse·
958 2222 996 2285 ad
1012 2222 1125 2286 seriam
1137 2220 1373 2300 poenitentiam,
1389 2225 1420 2284 ct
1435 2219 1546 2299 dignas
1559 2233 1683 2299 preces,
1700 2222 1822 2297 copiam

42 2303 162 2377 eunde,
179 2320 260 2384 quac
276 2301 370 2366 finem
387 2302 505 2366 nullum
522 2302 663 2368 babebit.
958 2307 1175 2384 lacrymarum,
1192 2309 1223 2368 et
1235 2302 1440 2382 frequentiam
1453 2303 1624 2382 gemituum
1635 2303 1766 2382 requiri,
1780 2306 1824 2368 ita

84 2385 220 2450 Sanctus
241 2387 450 2467 Hieronymus
466 2387 498 2448 in
522 2384 750 2452 Commentario
775 2389 914 2453 adhunc
959 2391 1083 2453 locutus
1098 2395 1156 2462 eet,
1174 2396 1206 2450 ut
1222 2387 1303 2451 nibil
1318 2386 1390 2450 eddl
1416 2400 1511 2464 posse
1535 2384 1676 2448 videatur
1701 2388 1823 2452 adrem

41 2470 149 2536 locum
165 2469 265 2532 Isaiae
283 2470 455 2549 Prophetae
471 2469 589 2532 omisso
604 2470 716 2534 literali
733 2489 913 2543 sensn,rer-
960 2473 1041 2540 benc
1054 2470 1317 2547 amplidcandam.
1333 2470 1455 2544 Deduc,
1468 2470 1824 2551 inquiqpemettcrrcn·

42 2554 83 2614 he
96 2553 200 2616 Isaiae
216 2554 254 2615 ad
270 2553 520 2630 persecutionem
536 2552 763 2618 baereticorum
779 2556 914 2634 pertine·
959 2564 1022 2619 tem
1035 2553 1279 2636 lecrqmcsdon
1295 2561 1344 2618 est
1356 2557 1521 2618 contentus
1534 2553 1687 2632 Propheta
1699 2561 1827 2618 sanetus
1851 2606 1852 2609 ,

44 2653 80 2700 re
97 2637 300 2700 demonstrat.
318 2638 354 2698 lit
378 2653 452 2700 rere
478 2636 560 2698 nulla
588 2643 637 2701 est
663 2640 850 2712 persecutio,
875 2641 912 2702 ed
961 2641 1070 2720 paucis
1086 2641 1290 2719 lacrymarum
1305 2635 1458 2718 guttulis,
1482 2637 1539 2700 sed
1565 2641 1679 2700 tantem
1702 2639 1825 2716 copiam

1 2797 3 2806 ‚
44 2719 433 2800 quamverbnillamagis
456 2726 621 2800 aptentur,
641 2721 792 2786 Recedite
813 2739 913 2797 cmc,
960 2721 1415 2802 requirit,quantamaquarum
1433 2721 1825 2799 cupiamtorrensriolen·

46 2820 164 2868 emero
177 2803 272 2883 flebo:
291 2804 392 2878 nolite
406 2804 616 2881 incumbere,
644 2812 681 2866 ut
702 2806 917 2872 consolemini
961 2811 1058 2878 tus,et
1070 2806 1199 2883 rapidus
1213 2804 1377 2869 devolvere
1389 2803 1644 2881 solet.Siquidem
1660 2805 1715 2866 rtri
1729 2821 1822 2886 aqua-

46 2905 99 2950 me
123 2903 224 2967 snper
244 2889 396 2952 ucetitcne
417 2887 506 2964 cilice
522 2890 641 2968 pcpnte·
654 2890 732 2955 mei.
754 2889 915 2970 Siquidem
962 2905 1029 2953 rum
1045 2895 1131 2952 tanto
1152 2887 1302 2952 maiorem
1327 2903 1474 2965 aquarum
1500 2889 1621 2969 copiam
1644 2893 1826 2952 secumtra·

46 2972 192 3034 haeresis
210 2987 271 3032 non
288 2971 421 3034 destruit
442 2972 542 3034 solum
566 2978 694 3049 tectum,
723 2979 754 3036 et
776 2976 912 3051 parietes
961 2974 1172 3050 hunt,quantc
1188 2971 1451 3037 velociusiluunt:
1464 2977 1619 3036 torrentes
1634 2979 1737 3037 autern
1752 2987 1828 3053 prae

46 3054 208 3128 dediticii,
232 3054 291 3117 sed
319 3054 517 3118 fundamenta
543 3052 705 3120 Ecclesiae
728 3057 855 3139 penitas
881 3073 914 3120 e·
963 3056 1110 3120 omnihus
1125 3055 1362 3132 ririsaquarum
1388 3070 1483 3120 cursu
1505 3056 1703 3132 rapidissimo
1728 3055 1829 3121 fluere

49 3138 152 3201 vertit.
963 3142 1077 3205 solent.
1101 3139 1210 3218 licque
1230 3139 1281 3203 bis
1296 3144 1463 3202 contentus
1478 3137 1563 3202 eddIt
1580 3139 1729 3218 Propheta
1744 3187 1753 3216 ,
1769 3153 1829 3218 per

89 3219 246 3283 Praecidit
260 3219 429 3302 aliquando
444 3228 570 3284 sanetus
593 3221 746 3286 Antonius
761 3223 917 3286 haeresim
963 3226 1063 3300 diem,
1081 3227 1111 3286 et
1122 3228 1262 3295 noctem,
1280 3229 1313 3286 ut
1327 3222 1470 3286 ostendet
1483 3221 1700 3300 frequentiam,
1714 3230 1745 3286 et

1 3371 3 3382 ,
47 3303 208 3380 Arionem,
226 3310 319 3382 atque
336 3305 375 3371 ite
392 3306 645 3385 persecutionem
661 3307 745 3368 illem
769 3307 916 3383 deflerit,
964 3306 1171 3372 severantiam
1193 3309 1396 3387 laerymarum
1423 3319 1496 3378 esse
1518 3307 1742 3369 necessariam.
1757 3239 1832 3369 ffi-

47 3394 82 3450 ut
97 3387 138 3450 ad
154 3387 385 3450 vehementiam
402 3387 521 3452 doloris
536 3388 623 3452 illins
636 3389 715 3452 nihil
730 3389 801 3452 eddi
825 3405 919 3468 posse
964 3396 1072 3455 rentes
1088 3390 1171 3454 enlm
1187 3406 1299 3471 magno
1310 3389 1428 3468 impetu
1440 3388 1552 3461 haunt,
1568 3391 1624 3452 sed
1639 3389 1700 3452 cito
1713 3391 1832 3453 slecen·

1 3525 2 3528 ,
48 3472 190 3534 ridentur
205 3518 213 3544 ,
231 3473 277 3534 sic
303 3473 386 3534 enlm
410 3488 474 3533 rem
502 3476 595 3534 totam
620 3472 771 3536 describit
792 3481 920 3537 sanctus
965 3480 1025 3536 tur.
1043 3473 1144 3547 Quare
1166 3474 1319 3552 Propheta
1343 3473 1393 3534 bis
1408 3473 1524 3535 additis
1539 3472 1644 3542 uerbis
1659 3471 1828 3549 stycihcat,

47 3553 238 3618 Athanasius
254 3556 285 3616 in
301 3556 360 3618 ritu
373 3554 919 3633 lalaconitdcmenmoatts,lnquit,
965 3575 1001 3622 se
1017 3557 1162 3621 torrentis
1176 3555 1365 3620 attinentium
1378 3555 1411 3618 in
1423 3556 1570 3635 lacrymis
1585 3555 1757 3633 requirere,
1775 3557 1833 3620 sed

49 3639 202 3719 sequitur
215 3639 310 3714 nisio,
334 3645 364 3702 et
379 3639 471 3701 omni
486 3639 711 3720 lacrymarum
724 3642 812 3717 sonte
826 3641 921 3718 ptcn·
966 3659 1029 3704 nou
1045 3641 1172 3704 brevem
1188 3657 1318 3718 moram,
1336 3655 1428 3716 quam
1442 3646 1567 3702 torrens
1580 3638 1708 3705 fluendo
1721 3654 1833 3703 coneu-

48 3720 179 3804 pende,
205 3737 279 3786 cum
302 3724 390 3786 enim
412 3721 570 3801 iratribus
585 3723 922 3788 circumsedentibus
966 3726 1033 3788 mit.
1048 3724 1126 3803 Quid
1143 3730 1307 3788 astantem
1321 3739 1376 3800 per
1390 3721 1486 3799 diem,
1503 3728 1535 3786 et
1548 3730 1672 3786 noctem
1687 3721 1835 3803 lacryme-

50 3810 261 3884 operuretur,
284 3808 425 3870 intentos
446 3805 521 3882 finit
535 3807 644 3870 oculos
667 3808 707 3868 in
728 3805 856 3871 caelum
869 3824 922 3886 qe·
968 3825 1036 3872 rum
1052 3809 1172 3885 copiam
1186 3805 1392 3886 tundere,nisi
1404 3807 1490 3869 omni
1506 3814 1646 3883 tempore
1662 3807 1692 3866 in
1707 3805 1850 3886 flehbhs¹

1 3937 3 3988 t
50 3906 142 3952 mens
159 3893 255 3969 utque
269 3891 454 3968 suspirans,
479 3895 509 3952 et
529 3897 601 3967 post
623 3889 835 3970 aliquantum
847 3908 923 3971 spn-
969 3907 1169 3970 persererere
1182 3891 1199 3952 i
1214 3891 1251 3954 ht
1265 3891 1354 3970 quasi
1377 3891 1482 3952 adhuc
1504 3892 1723 3953 necessitatem
1741 3891 1837 3970 lacry-

52 3975 135 4036 tium
149 3973 360 4036 revetationis
372 3975 663 4050 incoeptcemimin
676 3973 788 4036 dolore
798 3986 923 4039 contre·
968 3991 1087 4038 merum
1104 3991 1168 4037 non
1184 3975 1260 4037 satis
1276 3974 1487 4052 expressisset
1502 3963 1839 4048 recommendatum

1 4065 3 4084 ι
51 4058 181 4124 πιιιιι,ει
191 4057 302 4118 stetim
315 4053 392 4130 rimis
407 4056 542 4136 qoniam
554 4063 630 4119 ente
642 4055 698 4118 Dei
712 4057 837 4120 nultum
849 4075 924 4135 pre·
970 4061 1026 4124 dee
1040 4060 1188 4138 requiem
1203 4058 1393 4139 tobimque
1408 4063 1514 4120 tuceot
1526 4058 1657 4136 pupilio
1673 4058 1762 4120 ocuti
1776 4059 1837 4120 tui.

51 4140 194 4209 uolutus,
211 4141 328 4209 creuit,
345 4145 381 4203 nt
396 4141 569 4203 clementio
582 4141 805 4216 sociaturum
820 4142 925 4205 scetus
969 4142 1035 4206 Non
1051 4141 1120 4214 tibi,
1137 4143 1259 4221 inquit,
1277 4157 1413 4212 somnus
1426 4140 1558 4218 obrepat
1570 4154 1584 4212 ,‘
1603 4156 1666 4203 nnn
1689 4147 1737 4202 e'st
1754 4155 1838 4204 nunc

53 4227 226 4286 auerteret.
244 4221 431 4286 Succedunt
445 4225 592 4286 orationi
606 4224 793 4306 lacrymce3
817 4231 921 4288 metus
971 4232 1095 4303 tempus
1110 4225 1305 4304 quiescendi,
1323 4225 1395 4288 dum
1408 4223 1546 4302 gladium
1563 4225 1627 4287 irae
1643 4222 1841 4286 suaebcmi·

41 4312 172 4392 ¹e'nqens
187 4307 317 4370 inuadit
332 4311 531 4384 praesentes.
549 4307 736 4377 obsecrent,
754 4317 790 4369 ut
814 4315 925 4372 tnntce
972 4312 1032 4373 nus
1046 4310 1156 4372 rIbrat:
1173 4326 1235 4372 nnn
1251 4313 1352 4371 taceat
1366 4307 1482 4385 puplila
1499 4306 1580 4370 oculi
1599 4307 1776 4384 tutelarios
1790 4323 1840 4370 as-

54 4390 254 4454 cctcmitqn'e
276 4396 423 4468 enponct
447 4392 626 4464 visionem,
653 4393 817 4468 stnpultcs
832 4409 926 4456 occu·
972 4394 1063 4456 sidue
1078 4393 1115 4454 ed
1129 4393 1240 4462 ileum,
1254 4407 1318 4474 non
1330 4391 1448 4470 lingua,
1462 4390 1518 4452 scd
1531 4391 1645 4462 ocutis,
1660 4382 1720 4453 non
1737 4389 1840 4454 uerbis

55 4479 137 4553 pont
150 4489 274 4546 nocem,
292 4475 409 4552 tinpuc
424 4473 553 4554 ilethns
565 4476 791 4553 praepeditur.
817 4482 847 4538 et
860 4493 925 4539 me·
973 4477 1028 4539 sed
1044 4476 1202 4556 lacrymis3
1219 4478 1278 4538 iste
1295 4475 1378 4538 enim
1396 4478 1445 4536 est
1456 4471 1651 4551 oratio,quee
1663 4473 1762 4536 Deum
1773 4473 1843 4552 'pla-

56 4561 111 4620 dto
128 4564 250 4620 cuncto
263 4573 369 4620 sermo
382 4559 507 4638 yemitu
520 4559 789 4638 interrumperem
804 4561 864 4622 uim
879 4566 925 4623 tc·
974 4576 1045 4622 cere
1060 4561 1154 4623 solet.
1171 4557 1368 4637 linquentem
1385 4556 1536 4634 Propheta
1551 4563 1679 4620 noverat
1690 4573 1752 4620 non
1770 4571 1841 4634 pos·

55 4657 134 4704 men
149 4655 223 4702 cnm
238 4640 469 4717 uociferatione
484 4642 543 4716 cit,
559 4639 674 4703 Melius
690 4649 770 4716 erct,
788 4642 926 4718 olilieii,
974 4661 1009 4706 se
1024 4643 1191 4705 humanam
1208 4641 1404 4722 fragilitatem
1419 4639 1719 4714 reresurrectionis
1735 4647 1844 4706 noctes

0 4727 1 4730 ’
56 4725 252 4822 impendens
266 4725 438 4802 picentum
453 4726 519 4788 cite
533 4731 635 4786 morte
651 4726 788 4788 lucrari.
808 4726 861 4789 St'c
877 4729 927 4788 in·
974 4728 1043 4790 sine
1055 4727 1160 4806 quiete
1175 4727 1346 4804 transigere
1361 4725 1509 4786 admonet
1522 4739 1593 4794 nos,
1608 4729 1646 4787 ut
1656 4724 1764 4788 saltem
1779 4741 1843 4788 ma·

57 4809 183 4886 cupieos
194 4823 310 4872 rursus
324 4809 480 4890 lucrymis
500 4809 655 4878 uincitur,
673 4816 702 4870 et
718 4809 805 4871 inter
826 4826 928 4888 eeqra
975 4827 1066 4892 gnam
1084 4811 1185 4872 noctis
1200 4816 1332 4888 partem,
1349 4823 1429 4886 quae
1443 4807 1544 4885 aptior
1560 4813 1608 4870 est
1623 4809 1659 4870 ad
1676 4808 1840 4884 orandum,

0 4973 1 4986 ἢ
57 4891 360 4970 suspicimtcndcm
370 4894 496 4972 pectori
511 4892 724 4954 commodans
738 4894 926 4960 ooeemdln·
975 4901 1005 4957 et
1018 4893 1192 4963 fluendum,
1208 4893 1240 4954 in
1258 4889 1415 4969 precibus,
1440 4898 1469 4954 et
1485 4890 1652 4972 gemitibus
1674 4907 1839 4955 consuma-

1 5463 3 5504 Ι

61 4975 518 5056 qnum,inqnit.qnoddcm,et
532 4977 692 5038 uniuersis
706 4977 930 5041 secutisinnn·
976 4995 1058 5040 mus.
1076 4977 1252 5056 concerpe,
1267 4975 1378 5051 inquit.
1395 4981 1426 5038 et
1438 4975 1543 5040 lunda
1557 4977 1596 5038 in
1608 4980 1713 5047 nocte,
1730 4975 1763 5038 id
1780 4986 1840 5048 est,

59 5063 166 5122 ditum
181 5059 448 5137 imminetneins:
462 5076 583 5137 mcpno
594 5058 673 5134 tides
688 5058 852 5122 thboiicn
862 5067 929 5123 tur·
976 5068 1182 5139 posteaquam
1198 5059 1332 5121 interdiu
1348 5058 1572 5136 aliquantolum
1586 5058 1755 5136 quieverIs,
1769 5075 1842 5121 eon·

59 5142 137 5205 bine
151 5140 376 5209 subvertetur,
399 5149 429 5204 et
454 5143 604 5206 homines
626 5143 782 5205 iumentis
808 5145 929 5206 similes
977 5161 1071 5224 surge
1087 5147 1127 5207 de
1143 5149 1234 5206 noete
1249 5144 1287 5205 ad
1303 5142 1471 5205 Dominum
1486 5141 1697 5213 laudandum,
1707 5144 1738 5206 et
1754 5158 1844 5205 oran·

65 5225 183 5289 Christi
195 5233 313 5288 sancto
329 5227 500 5304 diripient.
513 5227 583 5290 lide·
599 5228 687 5288 enim
703 5226 809 5290 nitere
823 5226 931 5290 Domi·
978 5229 1064 5292 dum.
1081 5227 1240 5303 consurge
1255 5232 1357 5299 autem
1374 5239 1435 5288 non
1451 5226 1483 5288 in
1500 5227 1594 5288 multe
1612 5232 1715 5299 nocte,
1733 5226 1788 5287 sed
1811 5226 1843 5287 in

60 5311 101 5371 ni
115 5308 283 5372 mulorum
297 5311 539 5375 circumdatum
554 5311 780 5384 multitudiue,
794 5313 853 5391 qni
864 5327 930 5388 cre·
978 5309 1132 5391 principio
1148 5309 1336 5388 uigiliarum,
1354 5310 1461 5378 idest,
1478 5309 1593 5387 inipso
1616 5311 1716 5373 noctis
1732 5308 1846 5386 princi-

63 5393 130 5456 bris
143 5391 285 5454 calcium
293 5393 410 5456 ictibus
426 5393 932 5470 quodcumquequodcumque
979 5395 1108 5471 pio.ch
1121 5395 1203 5455 enim
1217 5400 1278 5456 tota
1292 5394 1324 5455 in
1337 5396 1468 5468 quatuor
1482 5393 1602 5471 vigilias
1614 5399 1845 5468 morecastren-

62 5479 214 5557 sequitur
229 5475 370 5556 effectus:
382 5493 464 5540 nom
478 5483 550 5554 post
565 5492 671 5540 onnes
687 5480 769 5540 dnos
783 5493 882 5540 surus
892 5477 932 5540 A·
979 5481 1003 5542 si
1020 5479 1114 5542 dividi
1130 5477 1222 5551 solet,
1236 5482 1268 5538 et
1279 5476 1426 5554 singulae
1439 5475 1561 5554 riyiliae
1574 5483 1637 5538 tres
1653 5476 1745 5538 horas
1760 5490 1843 5540 ccm-¹

1 5579 2 5600 ι
66 5561 245 5625 manorum
259 5562 384 5638 irrupit
399 5563 547 5634 insanin,
571 5561 648 5622 haec
671 5560 735 5623 ille.
753 5560 818 5624 Non
836 5565 935 5624 mino·
979 5561 1226 5640 plectunturSIc
1242 5559 1325 5623 enim
1343 5559 1479 5637 loquitur
1495 5567 1623 5622 sanctus
1637 5559 1847 5638 Hieronymus

71 5661 136 5706 rem
154 5647 406 5716 persecutionem
423 5647 650 5708 haeretieorum
667 5651 772 5706 nostra
787 5644 862 5706 uidit
883 5661 934 5706 ee·
982 5665 1013 5708 in
1030 5647 1252 5708 commentario
1268 5644 1306 5706 ad
1334 5647 1427 5720 capnt
1450 5641 1595 5706 ldattbaei
1617 5645 1848 5720 quartumdeci-

71 5737 130 5792 tas.
148 5729 246 5806 hique
264 5728 381 5792 utinam
398 5727 511 5807 aliquis
520 5727 632 5794 Isaiae.
649 5733 700 5792 eut
715 5727 865 5791 huiccine
879 5743 935 5791 no·
981 5746 1078 5794 mum:
1092 5728 1301 5804 sicliniense
1314 5727 1449 5806 aipittce
1462 5727 1622 5790 militares
1634 5726 1778 5789 interna
1792 5725 1847 5790 bc·

138 5835 297 5893 sernum
311 5826 371 5890 tot.
386 5827 430 5886 vl.
1582 5828 1619 5886 te
