4056 6260
281 285 336 350 m
867 280 915 338 EE
936 273 1075 338 GElssPU
1094 274 1293 339 columella

209 437 330 490 ramam
350 418 462 500 spatio
483 414 699 482 diuiduntur:
727 413 865 494 quando
888 427 964 493 erpa
987 412 1078 491 dicit,
1124 411 1305 476 hominihus
1321 412 1472 494 gemitum
1487 406 1695 494 mpietatem,
1711 423 1776 476 non
1790 409 1893 490 rideo,
1909 403 2007 489 quid

212 509 333 590 quarta
346 502 463 585 omitia
483 500 587 565 noctis
601 497 730 561 uenisse
753 497 798 559 ad
814 512 866 560 eos
881 495 1079 562 Dominum.
1126 497 1177 572 sit,
1196 498 1277 571 quod
1291 513 1357 558 rem
1380 496 1461 560 hene
1488 497 1678 574 persuadere
1694 500 1796 574 queat:
1817 495 1858 560 Et
1882 493 2001 558 dimit

213 590 354 654 ostendit
368 603 421 651 eos
444 590 511 649 toto
532 587 626 647 nocte
638 581 857 660 periclitatos.
875 578 953 655 Quid
979 586 1081 642 autem
1127 581 1237 658 inquit,
1254 580 1412 644 Dominus
1427 580 1473 644 ad
1487 596 1574 655 eum,
1590 579 1704 644 Transi
1716 579 1939 658 permediom
1959 577 2021 642 cs·

215 675 318 738 lacere
332 672 479 741 debeant,
495 665 548 745 qui
565 665 692 745 vigilant
708 666 738 724 in
755 663 922 740 laudibus,
940 668 970 724 et
985 663 1082 742 gerni·
1126 665 1259 726 uitatem
1274 664 1310 728 in
1321 666 1432 727 medio
1447 664 1638 735 ierusalem,
1662 671 1691 727 et
1704 664 1801 742 sipna
1825 659 1918 725 Thou
1945 675 2009 722 ste

217 757 313 832 tibus,
330 753 470 834 adiungit
483 748 638 829 Propheta
660 762 731 810 cum
756 749 819 810 ait:
842 744 985 828 Effunde
998 748 1084 809 sicut
1127 763 1186 826 per
1200 745 1321 824 frontes
1332 750 1478 811 uirorum
1488 747 1733 828 armentiumet
1744 747 1929 810 dolentium
1946 758 2009 806 see

216 856 341 924 aquam
355 854 411 904 cor
431 844 525 899 tuum
548 836 625 895 onte
647 838 857 911 conspectam
880 830 1036 907 Domini,
1053 829 1083 891 id
1128 847 1188 910 per
1202 833 1326 894 eunctis
1342 831 1642 896 abominationibus
1657 879 1664 902 ,
1681 847 1768 913 quoe
1782 829 1866 908 dunt
1880 830 1922 892 in
1933 842 2009 892 me

219 931 278 998 est,
292 922 417 988 eilande
434 921 664 998 perspectam,
688 923 720 978 et
735 925 896 995 synceram
912 913 1084 976 contessio-
1130 914 1186 980 dio
1199 915 1281 977 eins.
1297 915 1337 976 Et
1351 916 1417 978 illie
1431 915 1598 996 (ministris
1613 915 1676 977 irae
1693 912 1761 998 liei)
1774 914 1873 980 dimit.
1893 913 2021 976 Tuam:

219 1024 290 1072 nem
307 1004 408 1069 omnia
420 1006 561 1082 peccata,
580 1013 668 1076 quac
689 1000 786 1062 latent
801 999 832 1062 in
846 998 942 1061 eorde
955 1001 1032 1067 tuo,
1049 1012 1082 1057 ea
1129 999 1188 1061 sito
1201 1013 1260 1077 per
1274 999 1447 1070 ciuitatem,
1467 1003 1498 1062 et
1517 1001 1687 1076 percutite:
1703 1014 1773 1062 non
1785 1003 1904 1076 pareat
1921 1012 2011 1058 oem-

218 1091 376 1165 laollitate,
393 1103 452 1166 qua
469 1083 607 1146 tunditur
624 1098 704 1160 aqua
722 1089 783 1143 tota
802 1099 838 1143 ex
854 1097 939 1158 rese,
956 1085 989 1142 ui
1004 1080 1081 1141 nihil
1131 1080 1304 1152 lusuester,
1321 1097 1428 1162 neque
1442 1084 1667 1146 misereamini
1680 1082 2011 1151 senemadalescen·

219 1175 251 1238 ln
273 1189 311 1238 ea
323 1174 493 1236 ramaneat:
511 1182 595 1228 nune
613 1167 698 1228 enim
714 1170 836 1246 tempus
852 1172 899 1228 εει
912 1164 1085 1227 ιιιιεειιεοι-
1131 1165 1249 1242 ιιιιιιιιι,
1266 1167 1478 1246 etuiryinem,
1495 1167 1684 1244 paru-ulum,
1708 1172 1738 1230 ct
1752 1164 1930 1229 mutierem
1948 1165 2011 1226 in·

219 1257 300 1330 diae,
319 1255 346 1318 ει
361 1254 445 1316 εειιο
461 1251 604 1313 ιιοιειιιεε
619 1254 651 1310 ει
666 1249 780 1312 flentes
796 1247 997 1312 confiteamur
1013 1263 1084 1325 pee-
1130 1247 1379 1330 tarentinusque
1392 1253 1438 1312 od
1450 1252 1720 1315 internecionem.
1737 1247 1871 1312 Omnem
1886 1251 2010 1312 autern

220 1345 285 1404 cata
303 1344 420 1402 nostre.
437 1334 488 1398 Sic
503 1329 630 1412 exponit
653 1339 781 1396 sanctus
803 1330 987 1394 Ambrosius
1009 1331 1087 1393 illud
1131 1348 1342 1412 superquam
1362 1335 1508 1397 sideritis
1527 1334 1637 1400 iheu.
1660 1350 1703 1396 ne
1725 1333 1908 1408 occidatis,
1937 1337 2011 1394 eta

218 1421 333 1490 Psalmi
347 1418 400 1484 ul.
416 1417 585 1500 Effundite
601 1413 781 1479 coramillo
795 1418 1030 1479 cordavestra.
1133 1417 1333 1490 sanctuario
1353 1433 1427 1486 mea
1448 1417 1597 1496 incipite.
1621 1418 1703 1480 Haec
1725 1419 1802 1478 rislo
1831 1413 2009 1478 manifesta

259 1505 366 1586 Neque
381 1502 483 1566 salum
499 1503 531 1564 in
548 1506 640 1563 noete
656 1507 783 1577 peccata
801 1499 954 1574 confiteri,
968 1497 1086 1562 cillere
1132 1499 1299 1579 significat,
1314 1516 1349 1562 ex
1366 1503 1481 1579 papale
1495 1501 1553 1564 Dei
1569 1503 1666 1575 salos,
1683 1507 1714 1562 ει
1728 1515 1837 1564 ειιιιιεε
1852 1515 1912 1562 εοε
1930 1515 2010 1561 esst

220 1590 374 1656 dehemus
389 1602 492 1650 eccam
508 1583 654 1656 Domino,
668 1589 702 1645 ut
717 1597 752 1644 ea
770 1583 861 1645 nabis
874 1583 1020 1644 remittat:
1033 1585 1088 1646 sed
1133 1583 1309 1658 salvandos,
1326 1589 1377 1661 qui
1395 1593 1507 1663 gerunt
1522 1587 1552 1644 in
1569 1585 1670 1648 ironte
1686 1583 1810 1662 siquam
1827 1583 1933 1646 Thau:
1954 1598 2009 1645 so·

221 1671 313 1738 etiem
327 1687 415 1734 orare
428 1673 459 1734 ει
471 1681 599 1748 gemere
614 1682 671 1744 pra
686 1668 803 1752 nostris
817 1664 1034 1743 proximis,qui
1047 1665 1089 1726 ia·
1133 1667 1181 1729 los
1196 1671 1295 1730 autam
1308 1683 1362 1730 eas
1375 1670 1498 1747 signum
1515 1669 1599 1730 Pbaa
1614 1683 1750 1746 gerere,
1773 1665 1826 1744 qui
1843 1671 1988 1746 gemunt
2005 1716 2011 1731 ,

221 1773 271 1820 me
287 1759 441 1834 pereunt,
465 1753 513 1815 sic
529 1750 612 1813 eninr
636 1751 796 1812 concludit
816 1749 965 1812 Ieremias
980 1768 988 1810 :
1004 1749 1090 1812 Laod
1135 1753 1166 1812 et
1181 1751 1289 1813 dolent
1301 1767 1397 1827 super
1411 1751 1697 1814 abominationibus
1714 1767 1793 1828 quae
1809 1749 1890 1812 liunt
1901 1749 1937 1810 in
1953 1765 2014 1828 po·

219 1841 267 1904 ad
280 1855 356 1904 eum
369 1851 491 1900 manus
503 1839 578 1897 tuas
590 1849 651 1913 pra
664 1833 1089 1913 animoparaolorumtuo·
1135 1834 1209 1913 pule
1223 1833 1294 1895 Dei.
1308 1833 1403 1896 Parra
1420 1836 1542 1915 signam
1561 1834 1647 1897 Thau
1664 1835 1744 1898 nihil
1759 1840 1807 1896 est
1822 1833 1923 1906 aliod,
1945 1834 2016 1896 nisi

219 1937 307 1990 rum,
321 1920 380 2001 qui
391 1918 580 1998 deiecerant
589 1919 628 1986 in
641 1917 730 1994 fame
751 1918 790 1980 in
811 1917 918 1995 capite
940 1919 1107 1980 omnium*
1135 1917 1259 1996 signum
1276 1915 1394 1980 Crucis.
1408 1917 1495 1989 Nam,
1519 1925 1552 1980 ut
1567 1924 1695 1980 sanctus
1717 1917 1931 1998 Hieronymus
1951 1922 2016 1977 tra-

220 2006 451 2086 eompiiarum.
468 1999 553 2064 Haeo
569 1999 660 2062 rerba
678 2006 836 2078 postrema
864 2016 927 2062 non
951 2000 1091 2062 videniur
1137 2000 1181 2062 dit
1203 2000 1233 2062 in
1252 2000 1456 2080 explicatione
1479 2003 1572 2064 huius
1597 2001 1659 2064 loci
1684 1999 1883 2071 Ezechielis,
1907 2001 2007 2062 litera

221 2089 321 2168 accipi
336 2101 430 2164 posse
445 2101 502 2163 pra
518 2090 617 2146 morte
634 2085 787 2162 corporali
803 2082 1012 2164 parvulorum,
1029 2085 1081 2162 qui
1137 2084 1236 2156 Thau,
1255 2090 1395 2161 quaeest
1412 2085 1568 2162 postrema
1581 2083 1722 2148 lichraioi
1739 2083 1914 2164 alphabeti,
1932 2085 2012 2145 olim

219 2173 254 2236 in
270 2171 438 2235 obsidione
452 2166 688 2248 Hierosolymac
707 2167 993 2245 perierant,nequc
1006 2169 1089 2229 enim
1136 2169 1166 2228 in
1182 2167 1318 2244 antiquis
1330 2169 1428 2230 literis
1443 2167 1577 2236 habehat
1593 2169 1720 2250 liguram
1735 2167 1855 2246 Crucis3
1868 2166 1931 2230 sed
1951 2183 2010 2245 pa·

221 2255 269 2320 illi
284 2251 629 2334 suffragiisorationum
642 2249 837 2330 indigebant,
862 2256 892 2312 et
914 2257 1015 2314 tamen
1031 2252 1092 2312 lree
1137 2256 1201 2313 siea
1216 2257 1348 2312 mutatae
1371 2259 1441 2313 sant
1459 2267 1513 2327 per
1527 2251 1656 2315 Esdram
1673 2251 1806 2324 litterae,
1830 2259 1861 2314 et
1877 2267 1915 2312 ea
1935 2268 2014 2314 can·

223 2339 295 2404 laco
317 2335 484 2400 manifeste
500 2335 539 2396 dc
556 2334 697 2396 oratione
722 2335 845 2413 agitur,
870 2348 940 2397 cum
967 2334 1091 2407 dicitur,
1136 2349 1168 2394 sa
1185 2340 1243 2402 est,
1261 2351 1316 2395 cur
1332 2350 1393 2396 non
1416 2341 1560 2398 cernetur
1575 2335 1681 2398 Crucis
1703 2335 1827 2416 signum
1851 2337 1887 2396 in
1901 2333 2014 2397 literis

223 2423 309 2488 Eeho
323 2422 370 2485 ad
391 2435 466 2482 eum
487 2431 608 2480 manem
632 2423 707 2480 tuos
728 2433 789 2496 pro
812 2417 929 2480 numne
941 2417 1094 2496 paruulo·
1137 2417 1311 2486 llehraicis,
1328 2433 1404 2494 quas
1419 2434 1481 2480 non
1505 2419 1669 2482 trahemus.
1693 2417 1887 2482 Cernebatur
1901 2423 2012 2480 tamen

224 2522 300 2570 rum
315 2505 374 2584 qui
388 2503 580 2582 defecerunt
600 2501 637 2564 in
651 2500 751 2579 same.
775 2501 809 2564 ln
826 2500 994 2579 scripturis
1010 2502 1092 2562 enirn
1139 2509 1278 2578 ternpore
1294 2501 1390 2564 sancti
1407 2501 1600 2582 Hieronymi,
1618 2509 1649 2563 ut
1662 2501 1732 2581 ipse
1747 2503 1870 2576 latetur,
1890 2503 1924 2562 in
1941 2502 2015 2564 lite-

226 2586 359 2654 eleratio
374 2603 521 2650 manuum
539 2584 762 2648 adorationem
779 2585 1007 2662 pertinentiam
1024 2599 1093 2646 curn
1139 2586 1194 2658 ris,
1212 2586 1328 2661 quihus
1343 2583 1509 2648 utebantur
1531 2585 1736 2662 Samaritani,
1759 2582 1839 2665 apud
1856 2602 1942 2666 quos
1958 2603 2013 2648 an·

227 2674 345 2736 tereret
360 2687 471 2734 manus
486 2669 589 2732 llases
604 2668 749 2736 vincebat
769 2668 889 2741 lsrael,
918 2668 966 2728 sin
991 2674 1093 2729 autem
1140 2670 1243 2744 tiques
1259 2668 1366 2728 literae
1383 2674 1607 2731 remanserant.
1631 2667 1729 2748 igitur
1749 2671 1833 2732 iheu
1850 2717 1858 2748 ,
1886 2669 1932 2732 de*
1948 2686 2011 2748 qua

225 2756 412 2824 remisisset,
427 2752 593 2831 superabat
610 2750 769 2823 Amalech,
783 2759 813 2814 et
824 2751 856 2812 in
873 2750 1003 2813 Psalmis
1019 2751 1093 2813 diei·
1139 2750 1276 2827 loquitar
1291 2752 1447 2820 Ezechiel,
1464 2755 1515 2833 qai
1532 2751 1658 2814 Esdram
1677 2752 1869 2830 praecessit,
1896 2751 2011 2815 Crucis

229 2846 288 2902 tur:
304 2838 345 2901 ln
357 2837 507 2900 noctibus
523 2835 669 2900 eeetollito
683 2851 803 2898 manus
817 2838 940 2897 uestras
956 2836 994 2897 in
1010 2833 1092 2896 Son·
1139 2833 1267 2912 liguram
1280 2836 1349 2896 sine
1364 2835 1557 2897 dubitatione
1572 2836 1723 2912 gestabat.
1740 2836 1818 2908 Quid
1834 2841 1885 2898 εει
1902 2843 2011 2896 autem

228 2929 291 2992 clu,
309 2927 339 2986 ci
352 2921 530 2985 benedicite
545 2918 744 2988 Dominam,
769 2926 796 2982 et
813 2934 934 2980 rursus:
951 2918 1095 2980 Eleuoit‘o
1140 2922 1263 2995 signam
1280 2917 1387 2980 Crucis
1404 2919 1435 2978 in
1458 2919 1707 2994 transmeare,
1732 2920 1791 2981 nisi
1809 2936 1870 2981 non
1891 2920 2010 2980 erube-

228 3019 392 3073 manuum
402 3019 553 3067 meorum
567 3001 1097 3078 sacrificiumaespertinammpa·
1140 3016 1227 3063 scere
1244 2998 1373 3064 Crucem
1397 2999 1544 3064 Christi‘l
1561 3001 1606 3063 illi
1630 3019 1700 3065 rero
1724 3020 1785 3065 nan
1809 3002 2012 3065 erubescunt

229 3089 330 3154 stolus
345 3104 470 3166 quoquc
487 3087 517 3149 in
534 3084 639 3164 priore
654 3086 692 3148 ad
716 3083 924 3148 Timotheum:
939 3083 1096 3148 decantes
1142 3083 1270 3146 Crucem
1288 3084 1413 3150 Christi,
1431 3087 1482 3161 qui
1500 3085 1633 3164 diligunt
1647 3085 1863 3160 bumilitatem,
1885 3085 2012 3160 patien-

229 3177 333 3253 puras
348 3185 480 3254 monus.
674 3187 677 3194 ’
1142 3166 1228 3238 tiam,
1245 3167 1539 3236 mansuetudinem:
1562 3173 1614 3247 qui
1637 3185 1699 3230 non
1716 3169 1912 3232 ulciscuntur
1929 3167 2010 3234 iniu-

209 3309 212 3314 .
270 3255 366 3318 Recte
381 3255 475 3332 igitar
490 3269 520 3319 s·
535 3251 755 3332 Hieronymus,
779 3250 828 3312 rel
844 3249 1037 3330 quicumque
1048 3255 1096 3315 est
1142 3249 1215 3325 rias,
1232 3252 1287 3312 sed
1304 3252 1438 3314 reddunt
1453 3251 1532 3314 bona
1550 3268 1606 3330 pro
1623 3243 1779 3331 malis,qui
1796 3253 1921 3315 dlrillas
1934 3269 2013 3315 eon·

231 3344 337 3404 auctor
359 3335 654 3404 Commentariorum
678 3335 711 3396 in
725 3334 878 3410 Thronos,
896 3335 955 3396 sub
972 3335 1097 3397 nomine
1144 3336 1284 3396 temnunt
1299 3379 1307 3404 ,
1322 3339 1533 3414 paupertatem
1549 3336 1676 3406 colunt,
1700 3339 1753 3412 qai
1770 3337 2011 3400 recumbentia

232 3440 261 3488 s.
278 3421 469 3502 Hieronymi,
483 3437 538 3498 per
548 3419 781 3497 paraclomitus
795 3418 866 3479 loeo
883 3417 1027 3496 intelligit
1042 3420 1095 3481 ho·
1144 3416 1313 3479 norissima
1325 3419 1463 3496 loea,qui
1477 3420 1612 3496 denique
1628 3435 1690 3482 non
1703 3425 1776 3482 sont
1787 3420 1826 3481 de
1838 3420 1901 3481 hoe
1917 3435 2012 3482 mutt-

233 3506 336 3568 mines
350 3510 457 3575 rudes,
481 3504 533 3581 qni
556 3501 637 3566 lame
658 3502 743 3563 uerbi
761 3501 815 3562 hei
839 3501 1049 3565 moriebantur
1066 3503 1096 3562 in
1144 3500 1196 3570 da,
1215 3499 1294 3563 sicui
1310 3501 1522 3576 Christusnon
1535 3502 1590 3563 tuit
1605 3501 1644 3565 de
1660 3503 1720 3566 hoc
1733 3504 1863 3572 mundo.
1876 3503 1938 3566 Isti
1957 3521 2011 3564 aa·

233 3588 388 3667 capitibus
410 3585 800 3663 omnium-conrpitorum,
826 3600 992 3662 numquam
1016 3585 1098 3646 enirn
1146 3589 1221 3653 tem,
1238 3585 1308 3660 quie
1325 3586 1487 3648 columbae
1503 3591 1587 3652 suni,
1612 3601 1672 3647 non
1689 3587 1771 3650 corti
1786 3635 1794 3660 ‚
1811 3593 1944 3666 gemunt
1961 3603 2010 3647 as·

234 3671 333 3736 maior
348 3670 405 3732 tuit
424 3669 552 3748 penuria
569 3667 658 3747 panis
674 3667 820 3730 caelestis
835 3666 867 3726 ia
888 3669 1003 3744 populo
1019 3668 1072 3730 Dei
1090 3716 1098 3742 ,
1146 3667 1248 3738 sidae,
1265 3669 1398 3730 clamant
1412 3675 1512 3731 autern
1530 3684 1700 3748 nunquam,
1720 3671 1769 3734 lili
1783 3671 1928 3748 rero‚qni
1948 3685 2011 3732 non

237 3770 331 3836 quern
345 3759 484 3829 ternpore
501 3753 614 3816 excidii
630 3751 912 3830 llierosolymitani,
930 3759 959 3812 et
970 3751 1101 3832 Babylo·
1149 3755 1221 3811 sant
1235 3755 1267 3811 in
1282 3751 1381 3814 irente
1395 3753 1519 3830 signati,
1544 3769 1578 3814 ae
1595 3769 1651 3830 per
1666 3753 1726 3816 hac
1748 3753 1829 3815 inter
1851 3753 2011 3828 reprobos

191 3839 201 3856 '
238 3837 326 3904 nicae
342 3834 627 3912 captivitatislunc
642 3832 724 3896 enim
742 3839 772 3897 ei
787 3834 888 3913 Reges
904 3842 989 3898 erant
1002 3835 1100 3912 impii,
1146 3842 1373 3910 computantur,
1391 3843 1519 3914 gemunt
1534 3836 1672 3912 quidem,
1696 3843 1727 3900 ct
1741 3837 1860 3902 dolent.
1878 3851 1943 3898 noa
1962 3837 2009 3898 oi·

239 3925 271 3986 et
284 3920 470 3984 Sacerdotes
487 3916 635 3994 perversi,
650 3924 680 3979 ει
696 3933 796 3994 usque
811 3923 890 3980 adeo
905 3917 1052 3995 imperiti,
1070 3923 1103 3979 ut
1146 3917 1317 3989 tensiones,
1334 3924 1364 3982 ει
1378 3926 1516 3996 peccata,
1534 3935 1613 3995 quae
1627 3917 1705 3982 fiunt
1720 3921 1751 3982 in
1767 3919 1877 3994 Deum,
1894 3919 1953 3982 sed
1968 3919 2013 3983 oi·

240 4005 289 4067 rix
306 4009 380 4066 luno
394 4002 474 4065 liber
489 4000 804 4082 iegisinrenirctur,
830 4006 860 4061 et
875 4002 1009 4079 pupulus
1025 4002 1102 4062 adeo
1148 3999 1318 4076 tensiones
1335 4011 1364 4064 et
1380 4002 1657 4080 detrimenta,quae
1675 4002 1733 4083 ipsi
1746 4005 1878 4066 tolerare
1890 4019 2011 4082 eogun-

234 4092 436 4157 excaeoaius,
453 4091 487 4148 ui
501 4085 694 4164 Prophetes,
719 4085 770 4162 qui
794 4083 853 4145 soli
875 4085 921 4146 eis
945 4086 1104 4162 praedica·
1149 4089 1208 4144 lur.
1226 4085 1291 4146 Nan
1306 4092 1353 4146 est
1376 4086 1436 4147 iliis
1453 4102 1556 4155 curae,
1581 4086 1607 4146 si
1623 4086 1783 4164 quisipsis
1808 4087 2013 4148 audientibus

240 4171 326 4246 bant,
343 4170 536 4234 acciderent.
551 4168 624 4232 Nem
638 4172 669 4229 ει
683 4167 895 4240 Ιειειιιιειιι,ει
909 4166 1102 4230 Ezechielem
1146 4166 1246 4228 Detrnr
1262 4167 1469 4248 blasphemet,
1487 4171 1540 4232 sad
1556 4168 1665 4247 siquis
1682 4169 1853 4233 concinium
1870 4168 1902 4230 in
1921 4169 2010 4248 ipsos

241 4270 280 4322 eo
303 4261 444 4332 tempore
467 4252 700 4316 interfecerunt.
724 4251 831 4314 Merito
858 4266 932 4327 ergo
954 4251 1104 4312 Ieremias
1149 4250 1251 4320 iaciat,
1271 4248 1331 4314 hac
1345 4254 1462 4329 dolent,
1480 4257 1510 4315 ei
1525 4253 1639 4332 delirae
1654 4262 1803 4332 gemant,
1821 4253 1881 4314 hoc
1897 4267 2012 4316 conco·

244 4338 382 4402 hortetur
398 4336 547 4415 populum
563 4336 616 4397 hei
632 4379 640 4406 ,
658 4340 692 4397 ut
706 4334 834 4396 elevatis
850 4334 993 4396 manibus
1008 4335 1102 4397 Deum
1148 4350 1245 4410 quere
1263 4351 1322 4397 nan
1341 4335 1464 4406 valent,
1488 4331 1780 4420 neque'quiescunt
1796 4384 1804 4403 ,
1829 4339 1934 4397 donec
1957 4352 2013 4413 pra

244 4424 277 4485 in
293 4419 435 4484 noctibus
451 4424 557 4482 exoret
569 4435 624 4497 pro
639 4417 842 4495 parvulis,qui
859 4417 937 4480 tame
953 4419 1036 4481 recht
1049 4418 1104 4480 Dei
1149 4419 1289 4480 conuicio
1314 4419 1456 4496 alapam,
1488 4418 1901 4496 aut:iulnhsf'reddiderint
1930 4417 2010 4492 Quid

245 4506 361 4584 passim
377 4502 408 4566 in
425 4502 676 4581 capiteomnium
693 4503 911 4580 compitorum,
927 4499 959 4563 id
975 4509 1035 4575 cst,
1052 4519 1106 4580 pa·
1148 4500 1240 4580 igitur
1256 4503 1365 4563 miram
1384 4511 1443 4570 est,
1463 4501 1490 4565 si
1507 4492 1657 4579 attimar.
1670 4501 1768 4586 cruce
1791 4504 1931 4584 signatas
1947 4518 2011 4563 aon

239 4590 319 4658 elam,
336 4594 367 4650 et
382 4587 508 4664 publice
522 4585 745 4648 moriebantur.
1149 4583 1355 4654 inveniantur,
1373 4587 1452 4648 atah
1465 4581 1859 4666 exterminatorq’percnssi
1881 4591 2012 4664 pereant

288 4671 352 4734 lant
366 4685 439 4733 rcro
461 4670 487 4731 ει
503 4669 582 4731 haec
602 4667 641 4730 ad
664 4674 802 4746 tempera
823 4670 928 4732 nostre
949 4668 1105 4746 applicate
1150 4667 1181 4726 in
1197 4671 1384 4731 aeternum?
1578 4661 1659 4747 {ji-⁴⁵
1674 4671 1737 4748 lif-i

248 4751 583 4824 valuerimusiortasse
598 4769 659 4816 non
674 4752 826 4815 minorem
837 4752 1038 4833 lacrymarum
1054 4769 1103 4814 ne
1191 4749 1245 4823 lla,
1263 4759 1296 4812 ιιι
1310 4747 1731 4835 intelligeremu's'rlsioa'em
1758 4752 1839 4815 hene
1853 4751 2014 4830 propheti-

249 4839 427 4901 cessltetem
443 4835 746 4898 inveniemus.Tanta
760 4841 807 4898 est
819 4833 901 4897 enirn
917 4838 1107 4899 etiamnunc
1152 4849 1218 4894 eam
1242 4851 1303 4897 nan
1320 4837 1357 4898 ad
1374 4833 1914 4919 synagogam·*satum'tlehmearam
1930 4881 1938 4906 ,
1953 4837 2011 4897 sed

251 4919 413 4984 multitudo
428 4919 624 4996 pereuntium
637 4936 675 4982 en
690 4920 769 4980 inme
785 4919 869 4980 verbi
884 4920 991 4996 uetat
1006 4920 1106 4982 inere·
1151 4917 1189 4978 ad
1211 4917 1381 4994 Ecclesiam
1409 4938 1532 4998 quoque
1559 4920 1801 4984 christianarum
1829 4919 2011 4994 pertinere,

251 5003 347 5066 dibile
363 5004 414 5065 sit'.
429 5001 503 5066 Nam
519 5001 656 5079 exeeptis
672 5000 846 5064 civilatibus
862 5000 1037 5072 Catholicis,
1054 5003 1105 5063 ubi
1151 5009 1276 5064 sanetus
1288 5001 1422 5066 loannes
1437 5007 1467 5072 in
1483 5005 1668 5082 Apocalypsi
1685 5005 1800 5065 cidisse
1822 5018 1857 5065 se
1874 5000 1983 5063 scribit
2000 5048 2008 5069 ,

252 5090 301 5157 est
316 5087 404 5166 copia
417 5087 502 5148 rerhi
516 5086 585 5161 liei,
602 5087 633 5148 in
649 5085 770 5164 reliquo
787 5085 925 5159 mundo,
943 5088 991 5150 rel
1005 5087 1107 5149 distri·
1151 5082 1310 5165 Ampelum
1324 5091 1551 5168 ascendentem
1574 5087 1813 5166 aboriosum,
1838 5085 2011 5148 habentem

251 5169 356 5233 buitur
377 5169 466 5245 panis
489 5176 662 5247 corruptus,
686 5175 719 5230 ut
731 5169 820 5248 apud
844 5169 1017 5234 haereticos
1032 5217 1040 5242 ,
1057 5169 1105 5232 rel
1152 5167 1283 5245 sianum
1298 5169 1355 5231 Dei
1369 5173 1446 5242 uiui,
1459 5173 1517 5252 qui
1531 5172 1683 5234 clamauit
1694 5186 1770 5234 uoce
1791 5185 1916 5252 mopna
1930 5185 2013 5249 qua·

253 5253 367 5331 nulius,
385 5257 418 5314 ut
432 5254 512 5330 apud
529 5253 718 5333 {lagenarum
736 5253 918 5324 permultos.
1154 5252 1379 5330 taarlapetts,
1397 5255 1514 5331 quibus
1530 5256 1644 5317 datum
1661 5259 1830 5332 estnocere
1842 5265 1959 5320 temne.
1984 5258 2013 5314 et

438 5395 440 5400 .
603 5334 685 5398 cle.
708 5335 760 5398 tt.
1152 5336 1251 5401 mari.
1269 5338 1391 5399 dirceus:
1404 5336 1505 5401 Nolite
1519 5353 1634 5401 nocere
1649 5343 1766 5407 terrae,
1791 5341 1820 5398 et
1834 5339 1937 5405 mari,
1952 5352 2009 5396 ne-

337 5420 380 5482 lle
393 5422 581 5482 necessitate
595 5421 793 5495 perpituum,
810 5435 852 5482 etc
866 5419 1028 5500 Propheta
1156 5433 1220 5498 que
1234 5419 1405 5484 arboribus
1419 5423 1635 5502 quoadusque
1647 5423 1814 5499 sequemur
1828 5436 1934 5485 samos
1949 5417 2009 5481 Dei

303 5551 307 5558 .
593 5504 769 5568 ezechicle.
1156 5504 1481 5584 nostriinirontibus
1502 5521 1625 5570 eorum.
1649 5505 1689 5568 Et
1700 5505 1818 5568 audiui
1832 5519 2009 5567 numerum

295 5585 438 5651 Ezechiel
453 5584 605 5663 Propheta
628 5587 938 5652 describitrisianem
953 5589 1106 5666 quandam
1151 5588 1499 5665 aquatorummentum
1515 5591 1739 5670 quadraqinta
1751 5593 1893 5667 quatuor
1906 5587 2011 5650 millia

255 5685 342 5736 suem
356 5685 484 5752 prorsus
499 5669 678 5736 horribilem
693 5719 701 5742 .
726 5689 805 5750 quae
821 5673 848 5737 si
862 5688 925 5734 nan
940 5675 1108 5749 persuadet
1152 5676 1274 5748 siponti
1290 5687 1333 5736 roc
1356 5675 1446 5738 omni
1460 5673 1547 5738 tribu
1560 5672 1702 5748 tiliorum
1726 5672 1841 5746 lsrael,
1865 5677 1897 5736 et
1917 5672 2009 5749 panio
