4056 6260
870 473 925 546 DE

449 695 813 864 sarasar
876 696 1345 833 nnrrorrrrn

715 988 718 997 ’
741 994 1049 1086 SANGTORUM

616 1244 694 1303 SUB
722 1245 894 1304 NOMINE
921 1247 1061 1312 REGNl
1090 1253 1161 1309 bllt

792 1434 888 1444 ——————
890 1436 1008 1444 ·--·-—--—-—

261 1741 386 1812 LIBER
412 1741 610 1828 QUARTUS
913 1746 1054 1827 spondit:
1069 1747 1170 1810 Hodie
1184 1759 1314 1808 mecum
1326 1745 1390 1809 etis
1403 1746 1442 1808 iu
1455 1743 1628 1820 Pcrudism
1644 1751 1774 1813 testatur

911 1831 1147 1894 beatusl‘antns
1158 1830 1188 1892 in
1203 1827 1374 1907 posteriore
1385 1827 1422 1890 ad
1435 1827 1621 1900 corinthios,
1635 1845 1705 1892 enni
1718 1835 1772 1896 rit:
1823 1843 1827 1850 “

370 1920 452 1984 CAP.
476 1921 500 1981 l.
913 1915 986 1978 Soio
1001 1914 1212 1977 homiaemic
1228 1912 1361 1988 Christe,
1377 1919 1511 1991 acptum
1532 1928 1636 1989 usquc
1651 1915 1697 1976 od
1712 1921 1774 1980 ter·

810 2021 811 2026 ¹
912 2000 996 2060 tium
1011 1998 1138 2060 coelam
1153 2044 1160 2065 ,
1184 2001 1216 2059 et
1236 1999 1307 2073 quie
1321 2001 1436 2074 raptus
1451 2002 1496 2058 est
1510 1997 1549 2058 iu
1562 1995 1774 2063 Paradisum:

185 2085 223 2152 tc
240 2088 330 2154 caelo
346 2105 412 2154 esse
426 2106 505 2153 cmo
519 2091 658 2170 percio.
913 2081 958 2158 (2.
973 2081 1094 2146 comat.
1112 2076 1178 2163 12.)
1193 2086 1321 2142 testatur
1335 2079 1444 2142 beatus
1459 2079 1593 2144 Ioannes
1610 2085 1640 2141 in
1656 2080 1776 2158 Apoea-

912 2165 1005 2244 lypsi,
1015 2166 1066 2226 nbi
1081 2162 1242 2225 bominum
1256 2161 1422 2225 introducit
1433 2162 1778 2240 toquentemzeicecmc·

47 2245 223 2322 Paradisus,
241 2262 352 2310 nomen
370 2253 418 2309 est
432 2245 597 2325 voluptatis
619 2251 650 2306 et
662 2243 864 2307 deliciarum:
913 2250 997 2312 debe
1014 2250 1108 2311 cdere
1124 2247 1163 2309 de
1178 2247 1266 2322 tique
1278 2247 1375 2322 uitae,
1398 2246 1485 2324 quod
1507 2253 1551 2308 est
1563 2248 1602 2308 ia
1615 2246 1776 2313 Perediso

20 2330 163 2413 significat
179 2333 263 2392 enim
279 2331 401 2394 bortum
416 2377 424 2402 ,
441 2331 505 2392 sire
528 2330 699 2408 pomerium
714 2335 744 2391 et
758 2328 867 2395 virida-
912 2331 970 2395 liei
984 2333 1060 2393 mei.
1077 2328 1188 2410 (Apoc.
1205 2325 1253 2412 2.)
1274 2329 1316 2390 Ex
1339 2331 1388 2390 bis
1411 2330 1488 2392 locis
1511 2332 1712 2409 perspicuum
1727 2341 1775 2397 est

20 2417 87 2478 num
103 2413 201 2475 simul
215 2415 483 2491 amoenissimum,
501 2412 583 2476 etad
598 2415 821 2474 recreationem
837 2418 868 2474 et
912 2415 1072 2492 regionem
1090 2416 1248 2476 beatorum
1266 2428 1336 2474 esse
1352 2413 1454 2475 locum
1481 2411 1661 2475 deliciarum
1678 2423 1709 2478 el
1723 2433 1775 2478 ro·

20 2496 233 2566 iucunditatem
264 2499 462 2560 adferendam
489 2495 698 2575 aptissimum.
723 2494 758 2556 In
787 2496 867 2558 libro
913 2500 1050 2575 luptatis.
1067 2498 1184 2560 beinde
1199 2514 1269 2558 cuni
1286 2496 1435 2559 llominns
1451 2495 1493 2557 ait
1507 2496 1778 2562 serrcbonoetfl-

20 2579 101 2662 [deu.
115 2583 148 2641 2.
165 2587 197 2642 et
212 2577 259 2661 3.)
281 2579 412 2644 Genesis
433 2581 597 2643 Paradisus
620 2579 783 2657 voluptatis
805 2596 866 2642 nnn
913 2583 989 2653 deli,
1005 2583 1149 2643 latreia
1169 2580 1331 2660 pendium
1354 2578 1486 2642 Domini
1511 2579 1573 2641 tui:
1601 2579 1692 2652 (Mat.
1708 2579 1778 2666 25.)

20 2665 102 2727 semel
117 2664 306 2741 appellatur,
323 2665 375 2724 ubi
392 2665 431 2726 de
446 2663 591 2726 Paradiso
607 2663 743 2724 terrestri
761 2678 863 2724 sermo
914 2681 1017 2727 ronne
1033 2667 1230 2740 apertissime
1244 2663 1392 2739 declarat,
1415 2664 1547 2727 lienium
1564 2662 1631 2734 Dei,
1650 2665 1717 2728 sire
1733 2665 1781 2728 ct-

20 2749 146 2810 rabctnr.
162 2746 254 2825 Apud
269 2746 465 2810 Ezechielem
488 2763 559 2807 rere
582 2746 621 2807 de
638 2745 782 2806 Paradiso
797 2762 865 2807 cae·
913 2751 1034 2812 ritatem
1050 2747 1118 2822 Dei,
1136 2748 1173 2808 ad
1190 2763 1280 2824 qnam
1296 2745 1497 2808 admittuntur
1512 2747 1595 2808 sarri
1610 2746 1685 2809 boni
1702 2748 1779 2812 etfl-

20 2831 74 2893 csti
89 2830 202 2892 dicitur
216 2830 335 2910 Angelo
350 2829 507 2904 primario,
524 2829 575 2901 qui
594 2837 699 2905 postea
713 2828 825 2890 eccidit
837 2837 867 2890 et
913 2834 1101 2902 celeseum
1123 2831 1161 2892 dc
1184 2829 1243 2892 boc
1266 2830 1380 2890 mundo
1403 2831 1555 2910 migrant,
1580 2845 1652 2891 esse
1673 2833 1778 2894 locum

20 2913 144 2976 lirbolns
160 2913 260 2975 lectas
273 2913 379 2976 ostia
390 2912 515 2976 deliciis
528 2913 681 2974 Paradisi
692 2909 749 2974 Dei
760 2910 865 2987 fuisti.
913 2916 1033 2996 gandii?
1048 2915 1085 2978 Et
1097 2929 1168 2977 eum
1180 2912 1261 2975 idern
1276 2913 1426 2976 [lominus
1440 2913 1544 2975 multis
1559 2913 1591 2973 in
1605 2913 1683 2976 locis
1695 2932 1779 2978 conr-

20 2997 112 3079 [Eaec.
129 2995 201 3079 28.)
218 2995 294 3069 Quia
310 3011 382 3058 vero
399 2999 429 3056 in
453 2995 622 3071 Scriptnris
647 2997 765 3056 sanctis
787 2996 863 3056 nibil
914 3007 999 3075 parat
1014 3000 1152 3077 Regnum
1168 2999 1325 3059 caelorum
1340 3011 1480 3072 eoenee,
1506 3002 1538 3056 ut
1553 2995 1636 3073 apud
1652 2997 1777 3076 bucam,

20 3082 155 3143 babemus
179 3081 220 3141 de
243 3079 410 3156 Paradiso,
435 3079 494 3140 nisi
519 3079 616 3140 luisse
637 3077 669 3139 in
686 3094 724 3139 eo
739 3079 867 3141 arbores
914 3099 983 3143 eum
1000 3087 1058 3144 ait:
1082 3081 1181 3144 Homo
1202 3081 1339 3159 quidem
1359 3080 1435 3156 feeit
1456 3079 1592 3142 coenum
1607 3095 1780 3163 mappam:

21 3165 129 3237 nnltas,
146 3168 179 3224 et
194 3163 308 3226 iontem
322 3162 530 3240 aquaevivae:
549 3160 619 3222 ideo
635 3163 733 3222 risum
750 3171 797 3222 est
811 3167 868 3222 nii·
915 3163 1007 3246 (Lace.
1021 3165 1089 3245 11.)
1101 3172 1131 3224 et
1146 3181 1215 3226 cum
1231 3163 1303 3224 alibi
1321 3162 1415 3224 dicet:
1433 3165 1472 3225 Et
1494 3179 1552 3241 epo
1574 3164 1713 3242 dispareo
1727 3181 1780 3228 ro·

21 3249 44 3310 li
58 3247 222 3310 occasione
245 3247 339 3308 buius
361 3245 497 3307 nominis
520 3243 674 3321 explicare
699 3247 868 3314 voluptates
913 3249 972 3314 bis,
989 3251 1071 3310 sicut
1086 3248 1243 3324 disposuit
1255 3246 1336 3308 mibi
1352 3249 1447 3309 Pater·
1461 3263 1552 3309 meus
1567 3246 1728 3325 Repaum,
1741 3257 1779 3312 ut

21 3331 174 3410 ctqendla,
192 3329 307 3404 quibus
321 3329 465 3391 trauntur
479 3326 513 3390 in
526 3328 615 3389 caelo
630 3327 726 3402 Beati.
742 3327 807 3389 Erit
819 3344 867 3389 re·
913 3333 1016 3394 epatis
1033 3337 1061 3393 et
1073 3330 1189 3394 bibulis
1203 3345 1301 3408 super
1315 3345 1464 3392 mersam
1482 3346 1591 3392 meum
1612 3333 1649 3392 tn
1661 3331 1773 3410 Rrpqp

21 3432 58 3490 ro,
75 3413 131 3475 risi
152 3413 267 3487 lallor,
290 3413 375 3474 utilis
397 3411 616 3489 contemplatio
637 3411 674 3472 ad
691 3411 870 3474 excitandos
912 3431 996 3476 meo.
1012 3415 1104 3486 (Lac.
1117 3414 1185 3492 21.)
1200 3418 1231 3476 ei
1246 3411 1382 3489 deniqne
1398 3430 1468 3474 cum
1485 3414 1516 3473 in
1532 3412 1718 3492 Apocalypsi
1734 3417 1779 3477 di·

21 3497 137 3568 animos,
153 3495 193 3558 ad
212 3512 260 3568 ea,
273 3511 353 3572 qnae
364 3511 486 3556 rursum
502 3495 766 3570 sunt,qnaerenda
777 3502 806 3556 et
818 3511 868 3558 eo·
913 3501 1003 3559 citur:
1019 3499 1123 3562 Beati.
1141 3498 1198 3576 qui
1210 3499 1255 3558 ed
1269 3511 1405 3558 coecum
1418 3498 1615 3574 nuptiarum
1627 3497 1712 3580 Aqui
1726 3516 1779 3561 ao·

21 3579 141 3659 gitanda:
157 3596 196 3642 ac
212 3595 270 3658 per
284 3580 344 3640 boc
359 3579 397 3640 ad
412 3578 504 3639 ritant
519 3577 564 3639 sic
585 3577 820 3651 instituendam,
836 3585 869 3640 nt
914 3584 981 3643 cuti
994 3589 1082 3644 suut.
1095 3580 1241 3658 (Apoccl.
1256 3579 1322 3655 19.)
1338 3587 1422 3641 certe
1438 3579 1595 3659 Scriptura
1613 3595 1669 3658 per
1684 3589 1779 3644 mela·

22 3681 78 3724 cun
93 3665 166 3724 binc
185 3660 379 3742 migrandum
393 3659 462 3732 erit,
479 3676 542 3723 non
555 3661 592 3722 ad
610 3660 726 3722 luctum
740 3668 770 3722 et
784 3665 868 3723 tere·
915 3665 1041 3742 pharam
1058 3679 1175 3725 coenae
1190 3710 1197 3732 ,
1215 3662 1451 3725 delectationem
1467 3664 1721 3741 voiuntatemque
1737 3667 1779 3728 si·

22 3748 93 3818 bras,
109 3749 164 3809 scd
183 3746 220 3806 ari
236 3745 337 3807 lucem
354 3749 385 3806 et
398 3743 544 3805 laetitiam
569 3742 790 3822 sempiternam
805 3743 870 3806 Deo
914 3747 1052 3825 gallicae
1069 3747 1128 3809 nisi
1145 3747 1216 3820 quis
1233 3761 1346 3825 negare
1362 3746 1451 3820 velit,
1475 3747 1506 3806 in
1521 3761 1616 3808 sensu
1633 3749 1779 3826 gustandi

22 3829 169 3892 adiurante
186 3831 364 3907 migremus.
382 3826 491 3889 Solent
505 3827 588 3890 enim
604 3828 869 3904 nomines,panets
915 3832 1007 3894 ullam
1024 3847 1094 3892 esse
1110 3831 1309 3907 voluptatem.
1326 3829 1371 3892 Ad
1388 3832 1466 3892 baec
1481 3830 1512 3890 in
1535 3829 1729 3908 Evangeliis,
1746 3833 1778 3894 ir
1820 3841 1827 3857 ·

24 3913 158 3989 exeeptis,
175 3913 275 3990 magis
292 3909 370 3972 trabi
382 3910 549 3987 voluptate,
565 3928 655 3988 quarn
668 3911 772 3984 aliquo
787 3911 869 3974 bono
914 3913 1111 3992 Apocalypsi,
1129 3913 1267 3992 Regnum
1284 3915 1337 3975 liei
1353 3913 1471 3990 nuptiis
1482 3912 1642 3992 regalibus
1655 3929 1779 3994 compa·

24 3997 82 4058 alio:
98 4004 126 4057 et
137 3995 277 4057 Ecclesia
293 3995 325 4054 in
337 3994 472 4068 quadarn
489 3991 633 4056 Oratione
647 3993 732 4054 dicit:
748 3994 798 4055 lbi
811 4011 868 4056 uo·
915 4006 1018 4064 ratur,
1043 4003 1075 4058 ut
1097 4004 1201 4058 notum
1218 4009 1265 4056 cst
1288 3998 1431 4075 parabole
1448 3996 1542 4074 Regis
1560 3997 1612 4070 qni
1629 3997 1702 4058 iecit
1718 4014 1775 4060 nn·

24 4079 235 4157 strapccstut
246 4075 602 4150 cordc,ebivercscnt
612 4077 798 4153 pecccare
810 4078 869 4154 pri·
915 4084 993 4158 ptias
1006 4082 1069 4142 lilio
1098 4095 1156 4142 sno
1181 4081 1282 4155 (Muti.
1298 4078 1345 4162 2.)
1360 4087 1442 4142 etex
1458 4080 1601 4158 parabole
1625 4079 1779 4159 virginum

26 4180 94 4224 ιιιιιιιι
110 4161 390 4230 considerabimus,
408 4161 482 4236 qnid
495 4159 674 4237 Seriptnrre
689 4172 815 4222 sanctae
831 4163 868 4222 de
915 4165 1103 4242 sapientium
1118 4170 1148 4224 et
1160 4168 1321 4226 stultarum
1337 4211 1345 4236 ,
1362 4179 1491 4241 querum
1507 4164 1667 4239 sapientes
1682 4165 1778 4226 latre·

26 4246 136 4309 caelesti
150 4245 297 4306 Paradiso
312 4259 370 4306 nos
386 4242 528 4316 doceant,
544 4243 625 4304 ande
640 4245 809 4319 probemus
822 4261 868 4306 ve·
915 4253 985 4310 runt
1000 4264 1068 4308 eum
1084 4247 1508 4324 sponsoadrnpttasstnttae
1524 4261 1595 4308 vero
1607 4245 1682 4308 loris
1694 4265 1778 4310 man·

27 4345 127 4391 reesse
142 4329 174 4389 ιιι
193 4328 338 4390 Paradiso
360 4327 487 4388 caelesti
504 4326 627 4406 gaudia:
645 4327 759 4388 deinde
776 4333 872 4388 terta·
915 4340 1033 4392 serum:
1048 4330 1170 4406 (Matre.
1186 4328 1254 4406 25.)
1276 4338 1306 4392 et
1322 4347 1359 4392 ex
1373 4329 1578 4408 Apocalypsi,
1603 4329 1657 4392 nbi
1680 4332 1774 4393 multe

28 4411 115 4474 binus
130 4413 306 4489 explicare,
330 4425 410 4486 quae
432 4410 494 4470 sint
510 4412 559 4471 illa
576 4411 698 4488 gaudie:
717 4414 871 4488 postremo
915 4415 1059 4475 ‹lienotnr
1073 4417 1113 4474 de
1130 4415 1245 4488 nuptiis
1260 4414 1337 4491 Agri
1354 4414 1385 4494 in
1401 4413 1509 4490 Regno
1525 4413 1681 4475 caelorum
1706 4430 1777 4478 eum

28 4497 105 4557 tariis
117 4493 302 4565 rationibus,
320 4493 368 4554 rel
391 4495 495 4569 potins
516 4493 797 4569 comparationibus
818 4497 870 4556 de·
915 4504 1063 4574 apparatu
1080 4499 1209 4558 maximo
1225 4496 1390 4558 celebretis
1406 4493 1517 4575 (Apoc.
1532 4493 1598 4577 19.)
1613 4496 1706 4558 Porro
1722 4514 1779 4560 nn·

28 4577 378 4656 monstrabimus,gandia
392 4577 443 4637 illa
457 4593 527 4638 esse
541 4576 635 4656 longe
649 4578 869 4654 maioraquam
917 4581 989 4658 ptiis
1005 4580 1161 4656 repetiens
1177 4586 1370 4658 comparatur
1392 4579 1550 4641 beatitudo
1572 4580 1778 4654 Sanctorum,

30 4677 208 4740 reserpere,
225 4660 274 4722 rel
290 4659 440 4739 cogitare,
462 4660 510 4722 rel
525 4659 615 4720 etism
632 4660 785 4739 suspicari
801 4677 871 4738 pos·
918 4666 1061 4741 qnoniam
1079 4666 1109 4724 in
1126 4663 1243 4739 ruptiis
1257 4663 1358 4726 omnia
1374 4663 1438 4724 iere
1454 4679 1567 4743 genera
1584 4663 1775 4740 voluptatum

30 4743 122 4807 simus.
918 4748 1114 4822 exhibentur,
1132 4754 1162 4807 et
1178 4747 1402 4824 percipientem
1418 4747 1458 4808 de
1474 4761 1534 4825 qua
1548 4760 1582 4808 re
1593 4747 1625 4806 in
1638 4747 1719 4810 libro
1730 4763 1778 4810 se·

64 4827 191 4890 Primum
206 4825 300 4907 igitur
315 4841 430 4890 nomen
444 4825 546 4906 ipsum
562 4825 698 4889 Paradisi
712 4875 720 4900 ,
736 4827 870 4905 volupta·
915 4829 1022 4909 quenti
1035 4829 1147 4892 dicturi
1162 4846 1282 4892 sunrus.

32 4913 83 4972 ten
98 4928 132 4973 ao
147 4911 277 4973 delicias
293 4919 403 4984 sonet,
428 4916 461 4972 ut
483 4927 520 4972 ex
542 4909 621 4971 libro
637 4907 767 4972 Genesis
780 4914 871 4987 poulo
956 4912 1097 4989 Denique
1120 4914 1150 4973 ιιι
1176 4912 1363 4993 Apocalypsi
1390 4911 1466 4973 cidit
1491 4917 1619 4974 sarolus
1639 4911 1778 4978 Jornnes

34 5003 91 5055 ente
106 4994 311 5058 ostendimus.
328 4992 407 5056 Esse
419 4997 519 5054 aulem
535 4993 566 5054 in
583 4995 669 5054 eaelo
684 4993 871 5070 paradisum,
917 4996 1046 5059 eborum
1064 4997 1226 5073 virginum,
1244 4997 1297 5073 qni
1311 4995 1523 5075 sequebantur
1537 4999 1658 5072 agnum
1673 5043 1681 5070 ,
1699 5014 1777 5076 qno·

34 5082 147 5140 testetur
161 5075 317 5146 Ezechiel,
335 5076 386 5152 qui
410 5077 450 5138 de
467 5078 565 5155 primo
588 5077 703 5154 Angelo
725 5079 872 5156 scripsit3
918 5096 1050 5156 cumque
1066 5081 1135 5153 iret;
1152 5085 1183 5141 et
1198 5081 1361 5142 cantabant
1375 5081 1527 5141 canticum
1550 5094 1680 5150 norum,
1697 5080 1779 5159 quod

33 5157 193 5223 lrdelieiis
205 5157 429 5221 Paradisillei
439 5159 544 5237 suisti.
558 5159 648 5232 illae.
664 5154 733 5241 28.)
749 5167 875 5224 testatur·
921 5179 1011 5224 cerno
1027 5163 1106 5225 etius
1122 5169 1245 5225 cantare
1262 5170 1391 5241 poterat.
1409 5163 1503 5232 onem
1527 5164 1629 5226 locum
1653 5169 1779 5226 sanctus

33 5241 164 5304 boninus
179 5243 470 5320 indracqettopnu
483 5242 592 5305 latroni
606 5259 712 5304 secum
728 5243 874 5316 pendenti
919 5245 1110 5320 Augustinus
1126 5250 1251 5322 exponit
1266 5251 1295 5308 in
1314 5249 1392 5307 libro
1409 5247 1452 5309 lle
1467 5253 1572 5308 sancta
1595 5247 1779 5324 virginitate.

35 5323 109 5387 dixit:
125 5327 220 5390 llodie
235 5342 364 5388 mecum
378 5325 441 5387 eris
456 5327 494 5388 ιιι
515 5325 686 5388 Pcrndiso.
701 5323 790 5408 (Luc.
808 5326 876 5404 23.)
920 5329 1008 5409 (cop.
1021 5329 1088 5407 21.)
1105 5331 1142 5390 de
1159 5331 1251 5392 certis
1267 5329 1404 5410 gaudiis,
1421 5329 1597 5406 sanctisque
1618 5329 1780 5407 voluptati·

35 5411 143 5486 accepit
157 5412 240 5472 enim
256 5407 434 5470 Paradisum
448 5425 504 5484 pro
519 5407 627 5486 Reqru
642 5409 709 5484 Dei,
726 5416 756 5472 et
771 5427 878 5472 essen·
921 5414 1111 5488 bus,qnibus
1125 5414 1183 5474 soli
1200 5421 1230 5475 et
1244 5415 1328 5474 solae
1342 5413 1478 5490 virgines
1493 5415 1702 5492 perfruentur,
1714 5428 1780 5473 rer·

38 5491 90 5552 tiali
103 5493 302 5564 beatitudine,
318 5493 437 5554 dixerat
451 5493 532 5554 enim
555 5492 642 5554 latro:
665 5494 800 5556 Domine
814 5511 878 5556 me·
923 5496 962 5558 ba
978 5498 1045 5558 eius
1060 5497 1137 5558 baec
1153 5503 1236 5558 snrt.
1256 5497 1312 5558 Vos
1324 5495 1476 5571 adieretis
1492 5497 1682 5573 cdcuptics
1697 5493 1783 5574 Aqui

36 5583 127 5639 meato
140 5593 216 5651 mee,
232 5577 312 5639 dum
324 5576 497 5638 coneraia
510 5591 647 5653 reputem
661 5585 765 5652 tuam,
780 5577 879 5653 etDo·
923 5582 1087 5642 canticam
1103 5596 1233 5656 uocam3
1250 5582 1338 5658 quod
1348 5580 1521 5643 cantabitis
1535 5583 1574 5642 ia
1584 5578 1719 5641 citharis
1730 5597 1784 5641 ce·

37 5657 125 5722 ninus
149 5661 327 5738 promittens
351 5659 397 5720 illi
419 5657 607 5722 consortium
622 5659 720 5740 Regni
744 5661 794 5724 sni
807 5707 817 5738 ,
832 5677 880 5726 re·
924 5665 1012 5738 stris,
1028 5663 1088 5726 boc
1102 5669 1158 5738 est,
1174 5667 1211 5726 ia
1226 5662 1378 5726 cordibus
1394 5665 1512 5728 dicetis
1526 5660 1678 5728 lcudtbru
1692 5681 1700 5740 3
1715 5677 1784 5724 uec

129 5760 360 5822 EetmamrtVoi.
373 5759 418 5816 11.
1502 5763 1539 5821 39
