<?xml version="1.0" encoding="UTF-8"?>
<!DOCTYPE html PUBLIC "-//W3C//DTD XHTML 1.0 Transitional//EN"
    "http://www.w3.org/TR/xhtml1/DTD/xhtml1-transitional.dtd">
<html xmlns="http://www.w3.org/1999/xhtml" xml:lang="en" lang="en">
 <head>
  <title>
</title>
<meta http-equiv="Content-Type" content="text/html;charset=utf-8" />
  <meta name='ocr-system' content='tesseract 3.04.00' />
  <meta name='ocr-capabilities' content='ocr_page ocr_carea ocr_par ocr_line ocrx_word'/>
</head>
<body>
  <div class='ocr_page' id='page_1' title='image "./operaomnia00sforgoog_0037.png"; bbox 0 0 4002 6228; ppageno 0'>
   <div class='ocr_carea' id='block_1_1' title="bbox 227 235 1335 302">
    <p class='ocr_par' dir='ltr' id='par_1_1' title="bbox 227 235 1335 302">
     <span class='ocr_line' id='line_1_1' title="bbox 227 235 1335 302; baseline -0.006 -2"><span class='ocrx_word' id='word_1_1' title='bbox 227 248 261 302; x_wconf 78' lang='lat'><strong>32</strong></span> <span class='ocrx_word' id='word_1_2' title='bbox 734 240 779 297; x_wconf 81' lang='lat' dir='ltr'><strong>DE</strong></span> <span class='ocrx_word' id='word_1_3' title='bbox 803 239 1043 298; x_wconf 82' lang='lat' dir='ltr'><strong>schleruniitils</strong></span> <span class='ocrx_word' id='word_1_4' title='bbox 1065 235 1335 296; x_wconf 75' lang='lat' dir='ltr'><strong>ecelesitsrlels</strong></span> 
     </span>
    </p>
   </div>
   <div class='ocr_carea' id='block_1_2' title="bbox 154 370 1027 1036">
    <p class='ocr_par' dir='ltr' id='par_1_2' title="bbox 154 370 1027 1036">
     <span class='ocr_line' id='line_1_2' title="bbox 156 370 1026 453; baseline -0.002 -15"><span class='ocrx_word' id='word_1_5' title='bbox 156 395 262 440; x_wconf 85' lang='lat' dir='ltr'><strong>carna:</strong></span> <span class='ocrx_word' id='word_1_6' title='bbox 279 374 422 438; x_wconf 87' lang='lat' dir='ltr'><strong>sinenim</strong></span> <span class='ocrx_word' id='word_1_7' title='bbox 439 373 574 450; x_wconf 81' lang='lat' dir='ltr'><strong>loquitur</strong></span> <span class='ocrx_word' id='word_1_8' title='bbox 596 380 724 434; x_wconf 84' lang='lat' dir='ltr'><strong>sanates</strong></span> <span class='ocrx_word' id='word_1_9' title='bbox 746 371 865 446; x_wconf 80' lang='lat' dir='ltr'><strong>l’etros,</strong></span> <span class='ocrx_word' id='word_1_10' title='bbox 892 370 1026 453; x_wconf 81' lang='lat' dir='ltr'><strong>[chrisio</strong></span> 
     </span>
     <span class='ocr_line' id='line_1_3' title="bbox 155 452 1026 536; baseline -0.008 -16"><span class='ocrx_word' id='word_1_11' title='bbox 155 458 248 536; x_wconf 77' lang='lat' dir='ltr'><strong>igitur</strong></span> <span class='ocrx_word' id='word_1_12' title='bbox 262 460 292 520; x_wconf 94' lang='lat' dir='ltr'><strong>in</strong></span> <span class='ocrx_word' id='word_1_13' title='bbox 309 473 403 519; x_wconf 87' lang='lat' dir='ltr'><strong>carno</strong></span> <span class='ocrx_word' id='word_1_14' title='bbox 416 452 535 535; x_wconf 80' lang='lat' dir='ltr'><strong>passm]</strong></span> <span class='ocrx_word' id='word_1_15' title='bbox 559 461 590 516; x_wconf 91' lang='lat' dir='ltr'><strong>et</strong></span> <span class='ocrx_word' id='word_1_16' title='bbox 605 453 757 528; x_wconf 82' lang='lat' dir='ltr'><strong>[Christus</strong></span> <span class='ocrx_word' id='word_1_17' title='bbox 773 469 886 530; x_wconf 90' lang='lat' dir='ltr'><strong>passus</strong></span> <span class='ocrx_word' id='word_1_18' title='bbox 901 461 950 514; x_wconf 93' lang='lat' dir='ltr'><strong>est</strong></span> <span class='ocrx_word' id='word_1_19' title='bbox 970 468 1026 531; x_wconf 91' lang='lat' dir='ltr'><strong>pro</strong></span> 
     </span>
     <span class='ocr_line' id='line_1_4' title="bbox 157 532 1026 621; baseline -0.007 -19"><span class='ocrx_word' id='word_1_20' title='bbox 157 537 277 621; x_wconf 77' lang='lat' dir='ltr'><strong>nobisz]</strong></span> <span class='ocrx_word' id='word_1_21' title='bbox 292 545 321 602; x_wconf 90' lang='lat' dir='ltr'><strong>et</strong></span> <span class='ocrx_word' id='word_1_22' title='bbox 336 547 463 600; x_wconf 87' lang='lat' dir='ltr'><strong>sanctus</strong></span> <span class='ocrx_word' id='word_1_23' title='bbox 476 535 601 610; x_wconf 88' lang='lat' dir='ltr'><strong>Paulus,</strong></span> <span class='ocrx_word' id='word_1_24' title='bbox 620 532 809 616; x_wconf 75' lang='lat' dir='ltr'><strong>[humiliarit</strong></span> <span class='ocrx_word' id='word_1_25' title='bbox 823 533 1026 613; x_wconf 89' lang='lat' dir='ltr'><strong>semetipsum</strong></span> 
     </span>
     <span class='ocr_line' id='line_1_5' title="bbox 154 612 1025 696; baseline -0.009 -12"><span class='ocrx_word' id='word_1_26' title='bbox 154 619 253 684; x_wconf 85' lang='lat' dir='ltr'><strong>laetus</strong></span> <span class='ocrx_word' id='word_1_27' title='bbox 268 619 420 682; x_wconf 88' lang='lat' dir='ltr'><strong>obediens</strong></span> <span class='ocrx_word' id='word_1_28' title='bbox 437 617 588 694; x_wconf 84' lang='lat' dir='ltr'><strong>usquead</strong></span> <span class='ocrx_word' id='word_1_29' title='bbox 605 614 761 693; x_wconf 78' lang='lat' dir='ltr'><strong>moriem]</strong></span> <span class='ocrx_word' id='word_1_30' title='bbox 784 621 825 690; x_wconf 92' lang='lat' dir='ltr'><strong>ai,</strong></span> <span class='ocrx_word' id='word_1_31' title='bbox 844 612 1025 696; x_wconf 83' lang='lat' dir='ltr'><strong>[numquam</strong></span> 
     </span>
     <span class='ocr_line' id='line_1_6' title="bbox 155 693 1027 778; baseline -0.008 -12"><span class='ocrx_word' id='word_1_32' title='bbox 155 701 321 766; x_wconf 85' lang='lat' dir='ltr'><strong>Dominum</strong></span> <span class='ocrx_word' id='word_1_33' title='bbox 338 701 454 778; x_wconf 73' lang='lat' dir='ltr'><strong>gloriae</strong></span> <span class='ocrx_word' id='word_1_34' title='bbox 478 693 734 775; x_wconf 72' lang='lat' dir='ltr'><strong>repuerascas]</strong></span> <span class='ocrx_word' id='word_1_35' title='bbox 758 697 889 758; x_wconf 88' lang='lat' dir='ltr'><strong>Sanctus</strong></span> <span class='ocrx_word' id='word_1_36' title='bbox 902 711 976 758; x_wconf 85' lang='lat' dir='ltr'><strong>raro</strong></span> <span class='ocrx_word' id='word_1_37' title='bbox 989 695 1027 759; x_wconf 89' lang='lat' dir='ltr'><strong>A·</strong></span> 
     </span>
     <span class='ocr_line' id='line_1_7' title="bbox 156 778 1026 857; baseline -0.006 -12"><span class='ocrx_word' id='word_1_38' title='bbox 156 784 315 848; x_wconf 85' lang='lat' dir='ltr'><strong>thenasius</strong></span> <span class='ocrx_word' id='word_1_39' title='bbox 332 783 461 843; x_wconf 84' lang='lat' dir='ltr'><strong>maxime</strong></span> <span class='ocrx_word' id='word_1_40' title='bbox 474 785 599 856; x_wconf 89' lang='lat' dir='ltr'><strong>proprie</strong></span> <span class='ocrx_word' id='word_1_41' title='bbox 611 786 642 840; x_wconf 91' lang='lat' dir='ltr'><strong>et</strong></span> <span class='ocrx_word' id='word_1_42' title='bbox 657 779 804 856; x_wconf 67' lang='lat' dir='ltr'><strong>castigate</strong></span> <span class='ocrx_word' id='word_1_43' title='bbox 816 778 855 840; x_wconf 89' lang='lat' dir='ltr'><strong>de</strong></span> <span class='ocrx_word' id='word_1_44' title='bbox 872 780 1026 857; x_wconf 79' lang='lat' dir='ltr'><strong>eiusmodi</strong></span> 
     </span>
     <span class='ocr_line' id='line_1_8' title="bbox 154 860 1027 948; baseline -0.006 -21"><span class='ocrx_word' id='word_1_45' title='bbox 154 866 309 948; x_wconf 70' lang='lat' dir='ltr'><strong>mysteriis</strong></span> <span class='ocrx_word' id='word_1_46' title='bbox 324 864 408 941; x_wconf 86' lang='lat' dir='ltr'><strong>loqui</strong></span> <span class='ocrx_word' id='word_1_47' title='bbox 425 862 515 924; x_wconf 90' lang='lat' dir='ltr'><strong>solet.</strong></span> <span class='ocrx_word' id='word_1_48' title='bbox 528 860 662 923; x_wconf 86' lang='lat' dir='ltr'><strong>Proinde</strong></span> <span class='ocrx_word' id='word_1_49' title='bbox 678 875 739 920; x_wconf 93' lang='lat' dir='ltr'><strong>non</strong></span> <span class='ocrx_word' id='word_1_50' title='bbox 756 860 875 923; x_wconf 89' lang='lat' dir='ltr'><strong>ridetur</strong></span> <span class='ocrx_word' id='word_1_51' title='bbox 890 861 1027 940; x_wconf 79' lang='lat' dir='ltr'><strong>ejusmo-</strong></span> 
     </span>
     <span class='ocr_line' id='line_1_9' title="bbox 155 941 825 1036; baseline -0.01 -25"><span class='ocrx_word' id='word_1_52' title='bbox 155 946 328 1036; x_wconf 80' lang='lat' dir='ltr'><strong>discriptio</strong></span> <span class='ocrx_word' id='word_1_53' title='bbox 344 951 452 1008; x_wconf 87' lang='lat' dir='ltr'><strong>saneto</strong></span> <span class='ocrx_word' id='word_1_54' title='bbox 466 943 631 1005; x_wconf 79' lang='lat' dir='ltr'><strong>Athanasio</strong></span> <span class='ocrx_word' id='word_1_55' title='bbox 649 941 825 1005; x_wconf 88' lang='lat' dir='ltr'><strong>tribuenda.</strong></span> 
     </span>
    </p>
   </div>
   <div class='ocr_carea' id='block_1_3' title="bbox 479 1147 892 1234">
    <p class='ocr_par' dir='ltr' id='par_1_3' title="bbox 479 1147 892 1234">
     <span class='ocr_line' id='line_1_10' title="bbox 479 1147 892 1234; baseline -0.022 -21"><span class='ocrx_word' id='word_1_56' title='bbox 479 1148 567 1226; x_wconf 66' lang='lat' dir='ltr'><strong>lomi</strong></span> <span class='ocrx_word' id='word_1_57' title='bbox 585 1147 716 1224; x_wconf 82' lang='lat' dir='ltr'><strong>secundi</strong></span> <span class='ocrx_word' id='word_1_58' title='bbox 779 1229 781 1234; x_wconf 23' lang='grc' dir='ltr'>Ι</span> <span class='ocrx_word' id='word_1_59' title='bbox 891 1201 892 1204; x_wconf 74' lang='grc'>,</span> 
     </span>
    </p>
   </div>
   <div class='ocr_carea' id='block_1_4' title="bbox 196 1345 1032 2319">
    <p class='ocr_par' dir='ltr' id='par_1_4' title="bbox 199 1345 648 1426">
     <span class='ocr_line' id='line_1_11' title="bbox 199 1345 648 1426; baseline -0.007 -17"><span class='ocrx_word' id='word_1_60' title='bbox 199 1345 348 1426; x_wconf 73' lang='lat' dir='ltr'><strong>Apologia</strong></span> <span class='ocrx_word' id='word_1_61' title='bbox 364 1347 402 1410; x_wconf 88' lang='lat' dir='ltr'><strong>ad</strong></span> <span class='ocrx_word' id='word_1_62' title='bbox 420 1345 648 1419; x_wconf 80' lang='lat' dir='ltr'><strong>constantium,</strong></span> 
     </span>
    </p>

    <p class='ocr_par' dir='ltr' id='par_1_5' title="bbox 198 1431 571 1508">
     <span class='ocr_line' id='line_1_12' title="bbox 198 1431 571 1508; baseline 0 -18"><span class='ocrx_word' id='word_1_63' title='bbox 198 1431 347 1508; x_wconf 74' lang='lat' dir='ltr'><strong>Apologia</strong></span> <span class='ocrx_word' id='word_1_64' title='bbox 363 1432 401 1492; x_wconf 89' lang='lat' dir='ltr'><strong>de</strong></span> <span class='ocrx_word' id='word_1_65' title='bbox 418 1431 486 1508; x_wconf 75' lang='lat' dir='ltr'><strong>luga</strong></span> <span class='ocrx_word' id='word_1_66' title='bbox 502 1445 571 1490; x_wconf 89' lang='lat' dir='ltr'><strong>soa.</strong></span> 
     </span>
    </p>

    <p class='ocr_par' dir='ltr' id='par_1_6' title="bbox 196 1508 740 1586">
     <span class='ocr_line' id='line_1_13' title="bbox 196 1508 740 1586; baseline -0.006 -15"><span class='ocrx_word' id='word_1_67' title='bbox 196 1509 337 1586; x_wconf 86' lang='lat' dir='ltr'><strong>Epistola</strong></span> <span class='ocrx_word' id='word_1_68' title='bbox 353 1511 390 1570; x_wconf 90' lang='lat' dir='ltr'><strong>ad</strong></span> <span class='ocrx_word' id='word_1_69' title='bbox 407 1525 518 1572; x_wconf 86' lang='lat' dir='ltr'><strong>omnes</strong></span> <span class='ocrx_word' id='word_1_70' title='bbox 534 1508 740 1577; x_wconf 78' lang='lat' dir='ltr'><strong>orthodoxos,</strong></span> 
     </span>
    </p>

    <p class='ocr_par' dir='ltr' id='par_1_7' title="bbox 199 1588 947 1676">
     <span class='ocr_line' id='line_1_14' title="bbox 199 1588 947 1676; baseline -0.003 -24"><span class='ocrx_word' id='word_1_71' title='bbox 199 1591 245 1652; x_wconf 84' lang='lat' dir='ltr'><strong>Ila</strong></span> <span class='ocrx_word' id='word_1_72' title='bbox 261 1593 417 1656; x_wconf 89' lang='lat' dir='ltr'><strong>sententia</strong></span> <span class='ocrx_word' id='word_1_73' title='bbox 433 1590 573 1670; x_wconf 68' lang='lat' dir='ltr'><strong>Dionysii</strong></span> <span class='ocrx_word' id='word_1_74' title='bbox 588 1588 802 1655; x_wconf 72' lang='lat' dir='ltr'><strong>Alexandrini.</strong></span> <span class='ocrx_word' id='word_1_75' title='bbox 939 1660 947 1676; x_wconf 30' lang='grc' dir='ltr'>ι</span> 
     </span>
    </p>

    <p class='ocr_par' dir='ltr' id='par_1_8' title="bbox 198 1663 1015 1831">
     <span class='ocr_line' id='line_1_15' title="bbox 199 1663 1015 1750; baseline -0.01 -17"><span class='ocrx_word' id='word_1_76' title='bbox 199 1670 244 1734; x_wconf 88' lang='lat' dir='ltr'><strong>De</strong></span> <span class='ocrx_word' id='word_1_77' title='bbox 259 1673 395 1734; x_wconf 87' lang='lat' dir='ltr'><strong>decretis</strong></span> <span class='ocrx_word' id='word_1_78' title='bbox 410 1671 563 1733; x_wconf 88' lang='lat' dir='ltr'><strong>Nicaenee</strong></span> <span class='ocrx_word' id='word_1_79' title='bbox 579 1671 694 1750; x_wconf 76' lang='lat' dir='ltr'><strong>synodi</strong></span> <span class='ocrx_word' id='word_1_80' title='bbox 710 1676 815 1734; x_wconf 87' lang='lat' dir='ltr'><strong>contra</strong></span> <span class='ocrx_word' id='word_1_81' title='bbox 831 1663 1015 1728; x_wconf 80' lang='lat' dir='ltr'><strong>Eusebium.</strong></span> 
     </span>
     <span class='ocr_line' id='line_1_16' title="bbox 198 1753 779 1831; baseline -0.002 -17"><span class='ocrx_word' id='word_1_82' title='bbox 198 1753 345 1831; x_wconf 75' lang='lat' dir='ltr'><strong>Apologia</strong></span> <span class='ocrx_word' id='word_1_83' title='bbox 362 1761 468 1816; x_wconf 89' lang='lat' dir='ltr'><strong>contre</strong></span> <span class='ocrx_word' id='word_1_84' title='bbox 484 1753 614 1818; x_wconf 87' lang='lat' dir='ltr'><strong>Arianos</strong></span> <span class='ocrx_word' id='word_1_85' title='bbox 629 1753 779 1826; x_wconf 88' lang='lat' dir='ltr'><strong>secunda,</strong></span> 
     </span>
    </p>

    <p class='ocr_par' dir='ltr' id='par_1_9' title="bbox 199 1834 626 1911">
     <span class='ocr_line' id='line_1_17' title="bbox 199 1834 626 1911; baseline -0.005 -15"><span class='ocrx_word' id='word_1_86' title='bbox 199 1838 244 1896; x_wconf 86' lang='lat' dir='ltr'><strong>Ail</strong></span> <span class='ocrx_word' id='word_1_87' title='bbox 261 1834 464 1911; x_wconf 79' lang='lat' dir='ltr'><strong>Serapionem</strong></span> <span class='ocrx_word' id='word_1_88' title='bbox 480 1837 626 1910; x_wconf 85' lang='lat' dir='ltr'><strong>epistola.</strong></span> 
     </span>
    </p>

    <p class='ocr_par' dir='ltr' id='par_1_10' title="bbox 200 1913 839 1993">
     <span class='ocr_line' id='line_1_18' title="bbox 200 1913 839 1993; baseline -0.002 -17"><span class='ocrx_word' id='word_1_89' title='bbox 200 1917 243 1978; x_wconf 88' lang='lat' dir='ltr'><strong>Ad</strong></span> <span class='ocrx_word' id='word_1_90' title='bbox 260 1916 428 1978; x_wconf 89' lang='lat' dir='ltr'><strong>solitariam</strong></span> <span class='ocrx_word' id='word_1_91' title='bbox 445 1916 534 1976; x_wconf 88' lang='lat' dir='ltr'><strong>riinm</strong></span> <span class='ocrx_word' id='word_1_92' title='bbox 550 1921 681 1993; x_wconf 74' lang='lat' dir='ltr'><strong>agentes</strong></span> <span class='ocrx_word' id='word_1_93' title='bbox 695 1913 839 1993; x_wconf 88' lang='lat' dir='ltr'><strong>epistola.</strong></span> 
     </span>
    </p>

    <p class='ocr_par' dir='ltr' id='par_1_11' title="bbox 199 1995 678 2074">
     <span class='ocr_line' id='line_1_19' title="bbox 199 1995 678 2074; baseline -0.002 -16"><span class='ocrx_word' id='word_1_94' title='bbox 199 1999 244 2058; x_wconf 91' lang='lat' dir='ltr'><strong>Ad</strong></span> <span class='ocrx_word' id='word_1_95' title='bbox 262 1996 421 2058; x_wconf 84' lang='lat' dir='ltr'><strong>lunianum</strong></span> <span class='ocrx_word' id='word_1_96' title='bbox 436 1995 517 2074; x_wconf 90' lang='lat' dir='ltr'><strong>Imp.</strong></span> <span class='ocrx_word' id='word_1_97' title='bbox 534 1996 678 2074; x_wconf 84' lang='lat' dir='ltr'><strong>epistola.</strong></span> 
     </span>
    </p>

    <p class='ocr_par' dir='ltr' id='par_1_12' title="bbox 204 2076 771 2156">
     <span class='ocr_line' id='line_1_20' title="bbox 204 2076 771 2156; baseline -0.002 -18"><span class='ocrx_word' id='word_1_98' title='bbox 204 2079 247 2139; x_wconf 86' lang='lat' dir='ltr'><strong>lle</strong></span> <span class='ocrx_word' id='word_1_99' title='bbox 264 2076 396 2156; x_wconf 72' lang='lat' dir='ltr'><strong>sinodis</strong></span> <span class='ocrx_word' id='word_1_100' title='bbox 411 2078 538 2138; x_wconf 78' lang='lat' dir='ltr'><strong>Arimini</strong></span> <span class='ocrx_word' id='word_1_101' title='bbox 554 2083 585 2139; x_wconf 90' lang='lat' dir='ltr'><strong>ei</strong></span> <span class='ocrx_word' id='word_1_102' title='bbox 600 2077 771 2140; x_wconf 87' lang='lat' dir='ltr'><strong>Selruoiac.</strong></span> 
     </span>
    </p>

    <p class='ocr_par' dir='ltr' id='par_1_13' title="bbox 203 2153 1032 2319">
     <span class='ocr_line' id='line_1_21' title="bbox 203 2153 1032 2240; baseline 0.005 -19"><span class='ocrx_word' id='word_1_103' title='bbox 203 2157 249 2221; x_wconf 88' lang='lat' dir='ltr'><strong>Ad</strong></span> <span class='ocrx_word' id='word_1_104' title='bbox 266 2159 459 2220; x_wconf 84' lang='lat' dir='ltr'><strong>Dracontiom</strong></span> <span class='ocrx_word' id='word_1_105' title='bbox 474 2157 692 2237; x_wconf 83' lang='lat' dir='ltr'><strong>lipiseopatum</strong></span> <span class='ocrx_word' id='word_1_106' title='bbox 707 2157 875 2240; x_wconf 74' lang='lat' dir='ltr'><strong>lugientem</strong></span> <span class='ocrx_word' id='word_1_107' title='bbox 889 2153 1032 2235; x_wconf 79' lang='lat' dir='ltr'><strong>epistota.</strong></span> 
     </span>
     <span class='ocr_line' id='line_1_22' title="bbox 205 2240 730 2319; baseline 0.006 -15"><span class='ocrx_word' id='word_1_108' title='bbox 205 2243 249 2304; x_wconf 93' lang='lat' dir='ltr'><strong>Ad</strong></span> <span class='ocrx_word' id='word_1_109' title='bbox 265 2240 438 2319; x_wconf 80' lang='lat' dir='ltr'><strong>Episcopus</strong></span> <span class='ocrx_word' id='word_1_110' title='bbox 453 2241 570 2308; x_wconf 83' lang='lat' dir='ltr'><strong>ttrioas</strong></span> <span class='ocrx_word' id='word_1_111' title='bbox 585 2240 730 2319; x_wconf 85' lang='lat' dir='ltr'><strong>epistola.</strong></span> 
     </span>
    </p>
   </div>
   <div class='ocr_carea' id='block_1_5' title="bbox 300 2443 888 2512">
    <p class='ocr_par' dir='ltr' id='par_1_14' title="bbox 300 2443 888 2512">
     <span class='ocr_line' id='line_1_23' title="bbox 300 2443 888 2512; baseline -0.009 -4"><span class='ocrx_word' id='word_1_112' title='bbox 300 2443 481 2509; x_wconf 82' lang='lat' dir='ltr'><strong>obseruatio</strong></span> <span class='ocrx_word' id='word_1_113' title='bbox 498 2445 532 2508; x_wconf 88' lang='lat' dir='ltr'><strong>in</strong></span> <span class='ocrx_word' id='word_1_114' title='bbox 549 2443 678 2508; x_wconf 80' lang='lat' dir='ltr'><strong>Tamum</strong></span> <span class='ocrx_word' id='word_1_115' title='bbox 694 2444 888 2512; x_wconf 73' lang='lat' dir='ltr'><strong>sennodum,</strong></span> 
     </span>
    </p>
   </div>
   <div class='ocr_carea' id='block_1_6' title="bbox 162 2646 1036 3540">
    <p class='ocr_par' dir='ltr' id='par_1_15' title="bbox 162 2646 1036 3295">
     <span class='ocr_line' id='line_1_24' title="bbox 206 2646 1035 2722; baseline -0.008 -12"><span class='ocrx_word' id='word_1_116' title='bbox 206 2647 241 2710; x_wconf 93' lang='lat' dir='ltr'><strong>In</strong></span> <span class='ocrx_word' id='word_1_117' title='bbox 256 2647 318 2711; x_wconf 91' lang='lat' dir='ltr'><strong>boc</strong></span> <span class='ocrx_word' id='word_1_118' title='bbox 332 2646 472 2710; x_wconf 85' lang='lat' dir='ltr'><strong>secundo</strong></span> <span class='ocrx_word' id='word_1_119' title='bbox 487 2653 570 2710; x_wconf 92' lang='lat' dir='ltr'><strong>tomo</strong></span> <span class='ocrx_word' id='word_1_120' title='bbox 586 2649 663 2710; x_wconf 89' lang='lat' dir='ltr'><strong>nibil</strong></span> <span class='ocrx_word' id='word_1_121' title='bbox 679 2653 736 2722; x_wconf 87' lang='lat' dir='ltr'><strong>est,</strong></span> <span class='ocrx_word' id='word_1_122' title='bbox 763 2647 803 2709; x_wconf 93' lang='lat' dir='ltr'><strong>de</strong></span> <span class='ocrx_word' id='word_1_123' title='bbox 817 2660 880 2718; x_wconf 87' lang='lat' dir='ltr'><strong>auo</strong></span> <span class='ocrx_word' id='word_1_124' title='bbox 903 2648 955 2708; x_wconf 87' lang='lat' dir='ltr'><strong>unt</strong></span> <span class='ocrx_word' id='word_1_125' title='bbox 975 2657 1035 2720; x_wconf 76' lang='lat' dir='ltr'><strong>epo</strong></span> 
     </span>
     <span class='ocr_line' id='line_1_25' title="bbox 165 2721 1036 2808; baseline -0.007 -16"><span class='ocrx_word' id='word_1_126' title='bbox 165 2729 333 2807; x_wconf 71' lang='lat' dir='ltr'><strong>ambigam,</strong></span> <span class='ocrx_word' id='word_1_127' title='bbox 349 2739 400 2790; x_wconf 90' lang='lat' dir='ltr'><strong>aut</strong></span> <span class='ocrx_word' id='word_1_128' title='bbox 415 2728 493 2790; x_wconf 90' lang='lat' dir='ltr'><strong>alios</strong></span> <span class='ocrx_word' id='word_1_129' title='bbox 515 2730 674 2808; x_wconf 74' lang='lat' dir='ltr'><strong>ambigere</strong></span> <span class='ocrx_word' id='word_1_130' title='bbox 697 2731 806 2791; x_wconf 87' lang='lat' dir='ltr'><strong>sciam.</strong></span> <span class='ocrx_word' id='word_1_131' title='bbox 832 2721 912 2788; x_wconf 91' lang='lat' dir='ltr'><strong>Illud</strong></span> <span class='ocrx_word' id='word_1_132' title='bbox 938 2739 1036 2787; x_wconf 91' lang='lat' dir='ltr'><strong>unum</strong></span> 
     </span>
     <span class='ocr_line' id='line_1_26' title="bbox 164 2805 1034 2888; baseline -0.006 -16"><span class='ocrx_word' id='word_1_133' title='bbox 164 2810 393 2874; x_wconf 89' lang='lat' dir='ltr'><strong>admonendum</strong></span> <span class='ocrx_word' id='word_1_134' title='bbox 411 2810 481 2874; x_wconf 76' lang='lat' dir='ltr'><strong>duxi</strong></span> <span class='ocrx_word' id='word_1_135' title='bbox 496 2857 505 2886; x_wconf 92' lang='lat'><strong>,</strong></span> <span class='ocrx_word' id='word_1_136' title='bbox 523 2813 605 2888; x_wconf 91' lang='lat' dir='ltr'><strong>quod</strong></span> <span class='ocrx_word' id='word_1_137' title='bbox 631 2818 758 2875; x_wconf 90' lang='lat' dir='ltr'><strong>sancius</strong></span> <span class='ocrx_word' id='word_1_138' title='bbox 782 2807 988 2888; x_wconf 78' lang='lat' dir='ltr'><strong>Hieronymus</strong></span> <span class='ocrx_word' id='word_1_139' title='bbox 1003 2805 1034 2867; x_wconf 91' lang='lat' dir='ltr'><strong>in</strong></span> 
     </span>
     <span class='ocr_line' id='line_1_27' title="bbox 164 2888 1034 2970; baseline -0.005 -18"><span class='ocrx_word' id='word_1_140' title='bbox 164 2892 244 2955; x_wconf 90' lang='lat' dir='ltr'><strong>libro</strong></span> <span class='ocrx_word' id='word_1_141' title='bbox 260 2893 298 2954; x_wconf 89' lang='lat' dir='ltr'><strong>da</strong></span> <span class='ocrx_word' id='word_1_142' title='bbox 310 2893 418 2970; x_wconf 87' lang='lat' dir='ltr'><strong>script.</strong></span> <span class='ocrx_word' id='word_1_143' title='bbox 436 2892 551 2954; x_wconf 86' lang='lat' dir='ltr'><strong>eccles.</strong></span> <span class='ocrx_word' id='word_1_144' title='bbox 568 2892 687 2967; x_wconf 76' lang='lat' dir='ltr'><strong>scribit,</strong></span> <span class='ocrx_word' id='word_1_145' title='bbox 700 2899 802 2955; x_wconf 80' lang='lat' dir='ltr'><strong>extare</strong></span> <span class='ocrx_word' id='word_1_146' title='bbox 814 2890 905 2954; x_wconf 88' lang='lat' dir='ltr'><strong>etiarn</strong></span> <span class='ocrx_word' id='word_1_147' title='bbox 922 2888 1034 2951; x_wconf 90' lang='lat' dir='ltr'><strong>librum</strong></span> 
     </span>
     <span class='ocr_line' id='line_1_28' title="bbox 163 2969 1036 3044; baseline -0.006 -9"><span class='ocrx_word' id='word_1_148' title='bbox 163 2974 320 3035; x_wconf 85' lang='lat' dir='ltr'><strong>Athanasii</strong></span> <span class='ocrx_word' id='word_1_149' title='bbox 336 2981 441 3035; x_wconf 87' lang='lat' dir='ltr'><strong>contra</strong></span> <span class='ocrx_word' id='word_1_150' title='bbox 457 2973 613 3044; x_wconf 77' lang='lat' dir='ltr'><strong>valentano</strong></span> <span class='ocrx_word' id='word_1_151' title='bbox 629 2979 660 3036; x_wconf 90' lang='lat' dir='ltr'><strong>ei</strong></span> <span class='ocrx_word' id='word_1_152' title='bbox 674 2973 845 3042; x_wconf 90' lang='lat' dir='ltr'><strong>llrsaoium,</strong></span> <span class='ocrx_word' id='word_1_153' title='bbox 859 2977 942 3033; x_wconf 87' lang='lat' dir='ltr'><strong>reete</strong></span> <span class='ocrx_word' id='word_1_154' title='bbox 956 2969 1036 3032; x_wconf 86' lang='lat' dir='ltr'><strong>aroi-</strong></span> 
     </span>
     <span class='ocr_line' id='line_1_29' title="bbox 162 3051 1033 3134; baseline -0.009 -16"><span class='ocrx_word' id='word_1_155' title='bbox 162 3055 194 3134; x_wconf 94' lang='lat' dir='ltr'><strong>pi</strong></span> <span class='ocrx_word' id='word_1_156' title='bbox 210 3070 304 3129; x_wconf 90' lang='lat' dir='ltr'><strong>posse</strong></span> <span class='ocrx_word' id='word_1_157' title='bbox 319 3055 454 3120; x_wconf 90' lang='lat' dir='ltr'><strong>delibro</strong></span> <span class='ocrx_word' id='word_1_158' title='bbox 471 3055 633 3130; x_wconf 88' lang='lat' dir='ltr'><strong>inscripto,</strong></span> <span class='ocrx_word' id='word_1_159' title='bbox 663 3055 708 3118; x_wconf 87' lang='lat' dir='ltr'><strong>lle</strong></span> <span class='ocrx_word' id='word_1_160' title='bbox 731 3053 867 3134; x_wconf 72' lang='lat' dir='ltr'><strong>Synodis</strong></span> <span class='ocrx_word' id='word_1_161' title='bbox 892 3051 1033 3126; x_wconf 81' lang='lat' dir='ltr'><strong>Arimini,</strong></span> 
     </span>
     <span class='ocr_line' id='line_1_30' title="bbox 163 3133 1035 3200; baseline -0.008 0"><span class='ocrx_word' id='word_1_162' title='bbox 163 3143 194 3200; x_wconf 88' lang='lat' dir='ltr'><strong>et</strong></span> <span class='ocrx_word' id='word_1_163' title='bbox 209 3135 384 3198; x_wconf 86' lang='lat' dir='ltr'><strong>Seleuciae:</strong></span> <span class='ocrx_word' id='word_1_164' title='bbox 401 3137 432 3196; x_wconf 93' lang='lat' dir='ltr'><strong>in</strong></span> <span class='ocrx_word' id='word_1_165' title='bbox 450 3135 512 3197; x_wconf 90' lang='lat' dir='ltr'><strong>illis</strong></span> <span class='ocrx_word' id='word_1_166' title='bbox 527 3141 609 3200; x_wconf 88' lang='lat' dir='ltr'><strong>enirn</strong></span> <span class='ocrx_word' id='word_1_167' title='bbox 632 3144 739 3200; x_wconf 89' lang='lat' dir='ltr'><strong>contre</strong></span> <span class='ocrx_word' id='word_1_168' title='bbox 765 3135 920 3200; x_wconf 84' lang='lat' dir='ltr'><strong>l&#39;nlentem</strong></span> <span class='ocrx_word' id='word_1_169' title='bbox 936 3139 967 3197; x_wconf 90' lang='lat' dir='ltr'><strong>el</strong></span> <span class='ocrx_word' id='word_1_170' title='bbox 982 3133 1035 3195; x_wconf 88' lang='lat' dir='ltr'><strong>Ur.-</strong></span> 
     </span>
     <span class='ocr_line' id='line_1_31' title="bbox 163 3217 595 3295; baseline -0.007 -13"><span class='ocrx_word' id='word_1_171' title='bbox 163 3217 281 3282; x_wconf 87' lang='lat' dir='ltr'><strong>saoium</strong></span> <span class='ocrx_word' id='word_1_172' title='bbox 298 3220 423 3295; x_wconf 91' lang='lat' dir='ltr'><strong>proprie</strong></span> <span class='ocrx_word' id='word_1_173' title='bbox 437 3217 595 3280; x_wconf 88' lang='lat' dir='ltr'><strong>scribitur.</strong></span> 
     </span>
    </p>

    <p class='ocr_par' dir='ltr' id='par_1_16' title="bbox 162 3294 1035 3540">
     <span class='ocr_line' id='line_1_32' title="bbox 204 3294 1035 3374; baseline -0.002 -14"><span class='ocrx_word' id='word_1_174' title='bbox 204 3297 432 3362; x_wconf 89' lang='lat' dir='ltr'><strong>Sontoiiamin</strong></span> <span class='ocrx_word' id='word_1_175' title='bbox 448 3298 508 3360; x_wconf 89' lang='lat' dir='ltr'><strong>boe</strong></span> <span class='ocrx_word' id='word_1_176' title='bbox 534 3305 617 3361; x_wconf 88' lang='lat' dir='ltr'><strong>tomo</strong></span> <span class='ocrx_word' id='word_1_177' title='bbox 642 3299 721 3362; x_wconf 90' lang='lat' dir='ltr'><strong>duae</strong></span> <span class='ocrx_word' id='word_1_178' title='bbox 746 3299 858 3362; x_wconf 84' lang='lat' dir='ltr'><strong>breves</strong></span> <span class='ocrx_word' id='word_1_179' title='bbox 883 3294 1035 3374; x_wconf 88' lang='lat' dir='ltr'><strong>epistolae</strong></span> 
     </span>
     <span class='ocr_line' id='line_1_33' title="bbox 162 3378 1035 3460; baseline -0.002 -18"><span class='ocrx_word' id='word_1_180' title='bbox 162 3379 410 3460; x_wconf 83' lang='lat' dir='ltr'><strong>postepistolam</strong></span> <span class='ocrx_word' id='word_1_181' title='bbox 435 3382 473 3442; x_wconf 89' lang='lat' dir='ltr'><strong>ad</strong></span> <span class='ocrx_word' id='word_1_182' title='bbox 499 3378 657 3444; x_wconf 79' lang='lat' dir='ltr'><strong>Iovianum</strong></span> <span class='ocrx_word' id='word_1_183' title='bbox 680 3381 923 3460; x_wconf 73' lang='lat' dir='ltr'><strong>imperatorem,</strong></span> <span class='ocrx_word' id='word_1_184' title='bbox 955 3393 1035 3454; x_wconf 84' lang='lat' dir='ltr'><strong>oues</strong></span> 
     </span>
     <span class='ocr_line' id='line_1_34' title="bbox 163 3460 853 3540; baseline -0.01 -8"><span class='ocrx_word' id='word_1_185' title='bbox 163 3461 271 3532; x_wconf 80' lang='lat' dir='ltr'><strong>nescio</strong></span> <span class='ocrx_word' id='word_1_186' title='bbox 286 3478 341 3525; x_wconf 89' lang='lat' dir='ltr'><strong>our</strong></span> <span class='ocrx_word' id='word_1_187' title='bbox 354 3461 386 3524; x_wconf 91' lang='lat' dir='ltr'><strong>in</strong></span> <span class='ocrx_word' id='word_1_188' title='bbox 402 3460 505 3524; x_wconf 87' lang='lat' dir='ltr'><strong>indica</strong></span> <span class='ocrx_word' id='word_1_189' title='bbox 527 3460 589 3523; x_wconf 89' lang='lat' dir='ltr'><strong>sini</strong></span> <span class='ocrx_word' id='word_1_190' title='bbox 604 3461 853 3540; x_wconf 78' lang='lat' dir='ltr'><strong>praetermissae.</strong></span> 
     </span>
    </p>
   </div>
   <div class='ocr_carea' id='block_1_7' title="bbox 493 3621 701 3707">
    <p class='ocr_par' dir='ltr' id='par_1_17' title="bbox 493 3621 701 3707">
     <span class='ocr_line' id='line_1_35' title="bbox 493 3621 701 3707; baseline 0.034 -21"><span class='ocrx_word' id='word_1_191' title='bbox 493 3621 701 3707; x_wconf 71' lang='lat' dir='ltr'><strong>Tomiiertii.</strong></span> 
     </span>
    </p>
   </div>
   <div class='ocr_carea' id='block_1_8' title="bbox 204 3782 1037 5564">
    <p class='ocr_par' dir='ltr' id='par_1_18' title="bbox 205 3782 598 3853">
     <span class='ocr_line' id='line_1_36' title="bbox 205 3782 598 3853; baseline 0.013 -5"><span class='ocrx_word' id='word_1_192' title='bbox 205 3783 250 3848; x_wconf 84' lang='lat' dir='ltr'><strong>De</strong></span> <span class='ocrx_word' id='word_1_193' title='bbox 265 3782 477 3850; x_wconf 87' lang='lat' dir='ltr'><strong>iucarnatione</strong></span> <span class='ocrx_word' id='word_1_194' title='bbox 493 3786 598 3853; x_wconf 80' lang='lat' dir='ltr'><strong>verni.</strong></span> 
     </span>
    </p>

    <p class='ocr_par' dir='ltr' id='par_1_19' title="bbox 206 3865 692 3951">
     <span class='ocr_line' id='line_1_37' title="bbox 206 3865 692 3951; baseline 0.01 -22"><span class='ocrx_word' id='word_1_195' title='bbox 206 3865 251 3935; x_wconf 81' lang='lat' dir='ltr'><strong>lie</strong></span> <span class='ocrx_word' id='word_1_196' title='bbox 267 3873 372 3930; x_wconf 89' lang='lat' dir='ltr'><strong>natura</strong></span> <span class='ocrx_word' id='word_1_197' title='bbox 389 3868 521 3933; x_wconf 89' lang='lat' dir='ltr'><strong>bumana</strong></span> <span class='ocrx_word' id='word_1_198' title='bbox 535 3877 692 3951; x_wconf 84' lang='lat' dir='ltr'><strong>suscepta.</strong></span> 
     </span>
    </p>

    <p class='ocr_par' dir='ltr' id='par_1_20' title="bbox 205 3945 619 4016">
     <span class='ocr_line' id='line_1_38' title="bbox 205 3945 619 4016; baseline 0.002 -1"><span class='ocrx_word' id='word_1_199' title='bbox 205 3945 249 4015; x_wconf 75' lang='lat' dir='ltr'><strong>ue</strong></span> <span class='ocrx_word' id='word_1_200' title='bbox 264 3947 479 4014; x_wconf 85' lang='lat' dir='ltr'><strong>incarnatione</strong></span> <span class='ocrx_word' id='word_1_201' title='bbox 494 3951 619 4016; x_wconf 81' lang='lat' dir='ltr'><strong>christi.</strong></span> 
     </span>
    </p>

    <p class='ocr_par' dir='ltr' id='par_1_21' title="bbox 206 4029 1033 4111">
     <span class='ocr_line' id='line_1_39' title="bbox 206 4029 1033 4111; baseline -0.001 -19"><span class='ocrx_word' id='word_1_202' title='bbox 206 4029 251 4092; x_wconf 87' lang='lat' dir='ltr'><strong>lla</strong></span> <span class='ocrx_word' id='word_1_203' title='bbox 264 4031 390 4096; x_wconf 84' lang='lat' dir='ltr'><strong>salutari</strong></span> <span class='ocrx_word' id='word_1_204' title='bbox 407 4032 539 4096; x_wconf 83' lang='lat' dir='ltr'><strong>advento</strong></span> <span class='ocrx_word' id='word_1_205' title='bbox 555 4033 666 4097; x_wconf 79' lang='lat' dir='ltr'><strong>chrisli</strong></span> <span class='ocrx_word' id='word_1_206' title='bbox 683 4037 787 4096; x_wconf 87' lang='lat' dir='ltr'><strong>contra</strong></span> <span class='ocrx_word' id='word_1_207' title='bbox 810 4031 1033 4111; x_wconf 72' lang='lat' dir='ltr'><strong>Apollinarem.</strong></span> 
     </span>
    </p>

    <p class='ocr_par' dir='ltr' id='par_1_22' title="bbox 205 4108 733 4178">
     <span class='ocr_line' id='line_1_40' title="bbox 205 4108 733 4178; baseline 0.013 -7"><span class='ocrx_word' id='word_1_208' title='bbox 205 4108 316 4174; x_wconf 85' lang='lat' dir='ltr'><strong>Conirn</strong></span> <span class='ocrx_word' id='word_1_209' title='bbox 332 4127 442 4178; x_wconf 91' lang='lat' dir='ltr'><strong>omnes</strong></span> <span class='ocrx_word' id='word_1_210' title='bbox 455 4114 602 4178; x_wconf 87' lang='lat' dir='ltr'><strong>haereses</strong></span> <span class='ocrx_word' id='word_1_211' title='bbox 617 4131 733 4178; x_wconf 89' lang='lat' dir='ltr'><strong>sermo.</strong></span> 
     </span>
    </p>

    <p class='ocr_par' dir='ltr' id='par_1_23' title="bbox 204 4191 796 4275">
     <span class='ocr_line' id='line_1_41' title="bbox 204 4191 796 4275; baseline 0.008 -23"><span class='ocrx_word' id='word_1_212' title='bbox 204 4191 250 4252; x_wconf 94' lang='lat' dir='ltr'><strong>Ad</strong></span> <span class='ocrx_word' id='word_1_213' title='bbox 266 4191 428 4254; x_wconf 76' lang='lat' dir='ltr'><strong>Maximum</strong></span> <span class='ocrx_word' id='word_1_214' title='bbox 443 4194 666 4275; x_wconf 77' lang='lat' dir='ltr'><strong>Philosophum</strong></span> <span class='ocrx_word' id='word_1_215' title='bbox 682 4195 796 4258; x_wconf 88' lang='lat' dir='ltr'><strong>Oratio.</strong></span> 
     </span>
    </p>

    <p class='ocr_par' dir='ltr' id='par_1_24' title="bbox 205 4272 1001 4357">
     <span class='ocr_line' id='line_1_42' title="bbox 205 4272 1001 4357; baseline 0.003 -23"><span class='ocrx_word' id='word_1_216' title='bbox 205 4274 237 4334; x_wconf 96' lang='lat' dir='ltr'><strong>ln</strong></span> <span class='ocrx_word' id='word_1_217' title='bbox 250 4272 338 4342; x_wconf 91' lang='lat' dir='ltr'><strong>illud,</strong></span> <span class='ocrx_word' id='word_1_218' title='bbox 355 4277 485 4351; x_wconf 87' lang='lat' dir='ltr'><strong>proiecti</strong></span> <span class='ocrx_word' id='word_1_219' title='bbox 501 4280 532 4340; x_wconf 92' lang='lat' dir='ltr'><strong>in</strong></span> <span class='ocrx_word' id='word_1_220' title='bbox 548 4293 674 4357; x_wconf 76' lang='lat' dir='ltr'><strong>papum,</strong></span> <span class='ocrx_word' id='word_1_221' title='bbox 690 4278 855 4342; x_wconf 80' lang='lat' dir='ltr'><strong>inveniatis</strong></span> <span class='ocrx_word' id='word_1_222' title='bbox 870 4277 1001 4356; x_wconf 90' lang='lat' dir='ltr'><strong>pullum.</strong></span> 
     </span>
    </p>

    <p class='ocr_par' dir='ltr' id='par_1_25' title="bbox 204 4353 631 4432">
     <span class='ocr_line' id='line_1_43' title="bbox 204 4353 631 4432; baseline 0.021 -19"><span class='ocrx_word' id='word_1_223' title='bbox 204 4353 241 4432; x_wconf 74' lang='lat' dir='ltr'><strong>in</strong></span> <span class='ocrx_word' id='word_1_224' title='bbox 258 4355 436 4429; x_wconf 83' lang='lat' dir='ltr'><strong>passionem</strong></span> <span class='ocrx_word' id='word_1_225' title='bbox 455 4357 631 4422; x_wconf 77' lang='lat' dir='ltr'><strong>Salvatoris.</strong></span> 
     </span>
    </p>

    <p class='ocr_par' dir='ltr' id='par_1_26' title="bbox 205 4432 1022 4518">
     <span class='ocr_line' id='line_1_44' title="bbox 205 4432 1022 4518; baseline 0.004 -21"><span class='ocrx_word' id='word_1_226' title='bbox 205 4434 251 4497; x_wconf 93' lang='lat' dir='ltr'><strong>Ad</strong></span> <span class='ocrx_word' id='word_1_227' title='bbox 268 4432 480 4502; x_wconf 70' lang='lat' dir='ltr'><strong>Mareellinam</strong></span> <span class='ocrx_word' id='word_1_228' title='bbox 496 4440 536 4502; x_wconf 92' lang='lat' dir='ltr'><strong>de</strong></span> <span class='ocrx_word' id='word_1_229' title='bbox 551 4439 803 4518; x_wconf 86' lang='lat' dir='ltr'><strong>interpretatione</strong></span> <span class='ocrx_word' id='word_1_230' title='bbox 817 4438 1022 4507; x_wconf 84' lang='lat' dir='ltr'><strong>Psalmorum.</strong></span> 
     </span>
    </p>

    <p class='ocr_par' dir='ltr' id='par_1_27' title="bbox 206 4515 821 4595">
     <span class='ocr_line' id='line_1_45' title="bbox 206 4515 821 4595; baseline 0.011 -18"><span class='ocrx_word' id='word_1_231' title='bbox 206 4515 251 4577; x_wconf 87' lang='lat' dir='ltr'><strong>llo</strong></span> <span class='ocrx_word' id='word_1_232' title='bbox 267 4516 457 4595; x_wconf 74' lang='lat' dir='ltr'><strong>virginitale,</strong></span> <span class='ocrx_word' id='word_1_233' title='bbox 472 4521 538 4583; x_wconf 88' lang='lat' dir='ltr'><strong>siro</strong></span> <span class='ocrx_word' id='word_1_234' title='bbox 553 4522 593 4584; x_wconf 94' lang='lat' dir='ltr'><strong>de</strong></span> <span class='ocrx_word' id='word_1_235' title='bbox 610 4521 821 4594; x_wconf 89' lang='lat' dir='ltr'><strong>meditatione,</strong></span> 
     </span>
    </p>

    <p class='ocr_par' dir='ltr' id='par_1_28' title="bbox 205 4596 1037 4762">
     <span class='ocr_line' id='line_1_46' title="bbox 205 4596 1037 4679; baseline 0.005 -19"><span class='ocrx_word' id='word_1_236' title='bbox 205 4596 394 4667; x_wconf 63' lang='lat' dir='ltr'><strong>testimonie</strong></span> <span class='ocrx_word' id='word_1_237' title='bbox 411 4617 447 4664; x_wconf 87' lang='lat' dir='ltr'><strong>ex</strong></span> <span class='ocrx_word' id='word_1_238' title='bbox 462 4601 612 4679; x_wconf 89' lang='lat' dir='ltr'><strong>scripturo</strong></span> <span class='ocrx_word' id='word_1_239' title='bbox 626 4603 665 4665; x_wconf 92' lang='lat' dir='ltr'><strong>de</strong></span> <span class='ocrx_word' id='word_1_240' title='bbox 678 4603 805 4664; x_wconf 90' lang='lat' dir='ltr'><strong>naturali</strong></span> <span class='ocrx_word' id='word_1_241' title='bbox 818 4600 1037 4666; x_wconf 80' lang='lat' dir='ltr'><strong>communione</strong></span> 
     </span>
     <span class='ocr_line' id='line_1_47' title="bbox 248 4677 871 4762; baseline 0.01 -22"><span class='ocrx_word' id='word_1_242' title='bbox 248 4677 360 4742; x_wconf 88' lang='lat' dir='ltr'><strong>similis</strong></span> <span class='ocrx_word' id='word_1_243' title='bbox 376 4684 532 4746; x_wconf 87' lang='lat' dir='ltr'><strong>essentiae</strong></span> <span class='ocrx_word' id='word_1_244' title='bbox 549 4690 640 4749; x_wconf 88' lang='lat' dir='ltr'><strong>trium</strong></span> <span class='ocrx_word' id='word_1_245' title='bbox 656 4699 871 4762; x_wconf 89' lang='lat' dir='ltr'><strong>personarum.</strong></span> 
     </span>
    </p>

    <p class='ocr_par' dir='ltr' id='par_1_29' title="bbox 206 4759 1036 4846">
     <span class='ocr_line' id='line_1_48' title="bbox 206 4759 1036 4846; baseline 0.001 -23"><span class='ocrx_word' id='word_1_246' title='bbox 206 4759 249 4823; x_wconf 89' lang='lat' dir='ltr'><strong>to</strong></span> <span class='ocrx_word' id='word_1_247' title='bbox 262 4775 372 4824; x_wconf 86' lang='lat' dir='ltr'><strong>omnes</strong></span> <span class='ocrx_word' id='word_1_248' title='bbox 387 4763 503 4840; x_wconf 81' lang='lat' dir='ltr'><strong>ubique</strong></span> <span class='ocrx_word' id='word_1_249' title='bbox 519 4781 574 4842; x_wconf 86' lang='lat' dir='ltr'><strong>par</strong></span> <span class='ocrx_word' id='word_1_250' title='bbox 589 4766 771 4844; x_wconf 76' lang='lat' dir='ltr'><strong>Aegyptum,</strong></span> <span class='ocrx_word' id='word_1_251' title='bbox 785 4772 815 4828; x_wconf 89' lang='lat' dir='ltr'><strong>et</strong></span> <span class='ocrx_word' id='word_1_252' title='bbox 831 4763 960 4846; x_wconf 74' lang='lat' dir='ltr'><strong>Syriam,</strong></span> <span class='ocrx_word' id='word_1_253' title='bbox 975 4768 1036 4838; x_wconf 87' lang='lat' dir='ltr'><strong>eto,</strong></span> 
     </span>
    </p>

    <p class='ocr_par' dir='ltr' id='par_1_30' title="bbox 207 4839 826 4926">
     <span class='ocr_line' id='line_1_49' title="bbox 207 4839 826 4926; baseline 0.016 -25"><span class='ocrx_word' id='word_1_254' title='bbox 207 4839 360 4914; x_wconf 84' lang='lat' dir='ltr'><strong>lielutaiip</strong></span> <span class='ocrx_word' id='word_1_255' title='bbox 375 4852 479 4906; x_wconf 88' lang='lat' dir='ltr'><strong>eontra</strong></span> <span class='ocrx_word' id='word_1_256' title='bbox 491 4845 683 4926; x_wconf 74' lang='lat' dir='ltr'><strong>hypocrisim</strong></span> <span class='ocrx_word' id='word_1_257' title='bbox 699 4846 826 4912; x_wconf 86' lang='lat' dir='ltr'><strong>lleielii.</strong></span> 
     </span>
    </p>

    <p class='ocr_par' dir='ltr' id='par_1_31' title="bbox 210 4923 727 5006">
     <span class='ocr_line' id='line_1_50' title="bbox 210 4923 727 5006; baseline 0.012 -24"><span class='ocrx_word' id='word_1_258' title='bbox 210 4923 252 4983; x_wconf 85' lang='lat' dir='ltr'><strong>lia</strong></span> <span class='ocrx_word' id='word_1_259' title='bbox 264 4925 459 4987; x_wconf 89' lang='lat' dir='ltr'><strong>sanctissima</strong></span> <span class='ocrx_word' id='word_1_260' title='bbox 478 4925 607 5006; x_wconf 83' lang='lat' dir='ltr'><strong>balpare</strong></span> <span class='ocrx_word' id='word_1_261' title='bbox 623 4927 727 5000; x_wconf 84' lang='lat' dir='ltr'><strong>llario,</strong></span> 
     </span>
    </p>

    <p class='ocr_par' dir='ltr' id='par_1_32' title="bbox 206 5003 775 5080">
     <span class='ocr_line' id='line_1_51' title="bbox 206 5003 775 5080; baseline 0.007 -14"><span class='ocrx_word' id='word_1_262' title='bbox 206 5003 241 5066; x_wconf 94' lang='lat' dir='ltr'><strong>In</strong></span> <span class='ocrx_word' id='word_1_263' title='bbox 260 5005 437 5080; x_wconf 87' lang='lat' dir='ltr'><strong>passionem</strong></span> <span class='ocrx_word' id='word_1_264' title='bbox 454 5014 484 5068; x_wconf 94' lang='lat' dir='ltr'><strong>et</strong></span> <span class='ocrx_word' id='word_1_265' title='bbox 500 5023 623 5071; x_wconf 86' lang='lat' dir='ltr'><strong>erucem</strong></span> <span class='ocrx_word' id='word_1_266' title='bbox 640 5007 775 5080; x_wconf 85' lang='lat' dir='ltr'><strong>Domini,</strong></span> 
     </span>
    </p>

    <p class='ocr_par' dir='ltr' id='par_1_33' title="bbox 206 5084 1011 5169">
     <span class='ocr_line' id='line_1_52' title="bbox 206 5084 1011 5169; baseline 0.007 -24"><span class='ocrx_word' id='word_1_267' title='bbox 206 5084 252 5146; x_wconf 93' lang='lat' dir='ltr'><strong>Ad</strong></span> <span class='ocrx_word' id='word_1_268' title='bbox 268 5084 468 5165; x_wconf 84' lang='lat' dir='ltr'><strong>Serapionem</strong></span> <span class='ocrx_word' id='word_1_269' title='bbox 485 5089 671 5167; x_wconf 74' lang='lat' dir='ltr'><strong>Episcopum</strong></span> <span class='ocrx_word' id='word_1_270' title='bbox 687 5089 856 5153; x_wconf 82' lang='lat' dir='ltr'><strong>Tmnsueos</strong></span> <span class='ocrx_word' id='word_1_271' title='bbox 869 5089 1011 5169; x_wconf 89' lang='lat' dir='ltr'><strong>epistola.</strong></span> 
     </span>
    </p>

    <p class='ocr_par' dir='ltr' id='par_1_34' title="bbox 207 5164 915 5246">
     <span class='ocr_line' id='line_1_53' title="bbox 207 5164 915 5246; baseline 0.014 -22"><span class='ocrx_word' id='word_1_272' title='bbox 207 5165 242 5232; x_wconf 87' lang='lat' dir='ltr'><strong>ln</strong></span> <span class='ocrx_word' id='word_1_273' title='bbox 260 5164 347 5241; x_wconf 93' lang='lat' dir='ltr'><strong>illud,</strong></span> <span class='ocrx_word' id='word_1_274' title='bbox 363 5168 558 5246; x_wconf 79' lang='lat' dir='ltr'><strong>Quicumque</strong></span> <span class='ocrx_word' id='word_1_275' title='bbox 573 5173 683 5232; x_wconf 84' lang='lat' dir='ltr'><strong>dixerit</strong></span> <span class='ocrx_word' id='word_1_276' title='bbox 699 5173 839 5244; x_wconf 83' lang='lat' dir='ltr'><strong>verbum,</strong></span> <span class='ocrx_word' id='word_1_277' title='bbox 855 5181 915 5234; x_wconf 89' lang='lat' dir='ltr'><strong>etc.</strong></span> 
     </span>
    </p>

    <p class='ocr_par' dir='ltr' id='par_1_35' title="bbox 207 5245 984 5321">
     <span class='ocr_line' id='line_1_54' title="bbox 207 5245 984 5321; baseline 0.001 -9"><span class='ocrx_word' id='word_1_278' title='bbox 207 5245 382 5321; x_wconf 83' lang='lat' dir='ltr'><strong>Dispoiatio</strong></span> <span class='ocrx_word' id='word_1_279' title='bbox 397 5251 428 5312; x_wconf 91' lang='lat' dir='ltr'><strong>in</strong></span> <span class='ocrx_word' id='word_1_280' title='bbox 443 5251 577 5314; x_wconf 87' lang='lat' dir='ltr'><strong>Nicaeno</strong></span> <span class='ocrx_word' id='word_1_281' title='bbox 593 5251 730 5315; x_wconf 83' lang='lat' dir='ltr'><strong>Concilio</strong></span> <span class='ocrx_word' id='word_1_282' title='bbox 747 5257 851 5316; x_wconf 86' lang='lat' dir='ltr'><strong>contra</strong></span> <span class='ocrx_word' id='word_1_283' title='bbox 867 5254 984 5316; x_wconf 89' lang='lat' dir='ltr'><strong>Arium.</strong></span> 
     </span>
    </p>

    <p class='ocr_par' dir='ltr' id='par_1_36' title="bbox 208 5327 562 5396">
     <span class='ocr_line' id='line_1_55' title="bbox 208 5327 562 5396; baseline 0.02 -7"><span class='ocrx_word' id='word_1_284' title='bbox 208 5327 338 5392; x_wconf 89' lang='lat' dir='ltr'><strong>Humilia</strong></span> <span class='ocrx_word' id='word_1_285' title='bbox 354 5331 394 5394; x_wconf 89' lang='lat' dir='ltr'><strong>de</strong></span> <span class='ocrx_word' id='word_1_286' title='bbox 409 5341 562 5396; x_wconf 87' lang='lat' dir='ltr'><strong>semente.</strong></span> 
     </span>
    </p>

    <p class='ocr_par' dir='ltr' id='par_1_37' title="bbox 207 5409 1035 5564">
     <span class='ocr_line' id='line_1_56' title="bbox 207 5409 1035 5482; baseline 0.008 -11"><span class='ocrx_word' id='word_1_287' title='bbox 207 5409 377 5474; x_wconf 83' lang='lat' dir='ltr'><strong>Declaratin</strong></span> <span class='ocrx_word' id='word_1_288' title='bbox 392 5413 516 5478; x_wconf 87' lang='lat' dir='ltr'><strong>beritici</strong></span> <span class='ocrx_word' id='word_1_289' title='bbox 542 5415 580 5480; x_wconf 91' lang='lat' dir='ltr'><strong>do</strong></span> <span class='ocrx_word' id='word_1_290' title='bbox 597 5416 716 5482; x_wconf 80' lang='lat' dir='ltr'><strong>divorsa</strong></span> <span class='ocrx_word' id='word_1_291' title='bbox 744 5415 885 5480; x_wconf 90' lang='lat' dir='ltr'><strong>eiusdem</strong></span> <span class='ocrx_word' id='word_1_292' title='bbox 910 5415 954 5482; x_wconf 88' lang='lat' dir='ltr'><strong>roi</strong></span> <span class='ocrx_word' id='word_1_293' title='bbox 982 5430 1035 5478; x_wconf 61' lang='lat' dir='ltr'><strong>nov</strong></span> 
     </span>
     <span class='ocr_line' id='line_1_57' title="bbox 249 5496 449 5564; baseline 0.035 -10"><span class='ocrx_word' id='word_1_294' title='bbox 249 5496 449 5564; x_wconf 82' lang='lat' dir='ltr'><strong>menolatum.</strong></span> 
     </span>
    </p>
   </div>
   <div class='ocr_carea' id='block_1_9' title="bbox 1224 332 1776 431">
    <p class='ocr_par' dir='ltr' id='par_1_38' title="bbox 1224 332 1776 431">
     <span class='ocr_line' id='line_1_58' title="bbox 1224 332 1776 431; baseline -0.005 0"><span class='ocrx_word' id='word_1_295' title='bbox 1224 332 1458 431; x_wconf 75' lang='lat' dir='ltr'><strong>omemorto&#39;nr</strong></span> <span class='ocrx_word' id='word_1_296' title='bbox 1477 365 1606 430; x_wconf 83' lang='lat' dir='ltr'><strong>lonium</strong></span> <span class='ocrx_word' id='word_1_297' title='bbox 1625 367 1776 430; x_wconf 79' lang='lat' dir='ltr'><strong>Tertium.</strong></span> 
     </span>
    </p>
   </div>
   <div class='ocr_carea' id='block_1_10' title="bbox 1072 522 1992 4272">
    <p class='ocr_par' dir='ltr' id='par_1_39' title="bbox 1072 522 1992 1002">
     <span class='ocr_line' id='line_1_59' title="bbox 1113 522 1992 614; baseline -0.014 -18"><span class='ocrx_word' id='word_1_298' title='bbox 1113 534 1205 596; x_wconf 85' lang='lat' dir='ltr'><strong>Liber</strong></span> <span class='ocrx_word' id='word_1_299' title='bbox 1227 531 1278 608; x_wconf 86' lang='lat' dir='ltr'><strong>qui</strong></span> <span class='ocrx_word' id='word_1_300' title='bbox 1302 529 1352 594; x_wconf 87' lang='lat' dir='ltr'><strong>hle</strong></span> <span class='ocrx_word' id='word_1_301' title='bbox 1374 528 1497 601; x_wconf 87' lang='lat' dir='ltr'><strong>dicitur,</strong></span> <span class='ocrx_word' id='word_1_302' title='bbox 1521 531 1560 592; x_wconf 88' lang='lat' dir='ltr'><strong>do</strong></span> <span class='ocrx_word' id='word_1_303' title='bbox 1584 529 1834 608; x_wconf 88' lang='lat' dir='ltr'><strong>interpretatione</strong></span> <span class='ocrx_word' id='word_1_304' title='bbox 1854 522 1957 588; x_wconf 79' lang='lat' dir='ltr'><strong>Psal-</strong></span> <span class='ocrx_word' id='word_1_305' title='bbox 1991 607 1992 614; x_wconf 6' lang='grc' dir='ltr'>ἵ</span> 
     </span>
     <span class='ocr_line' id='line_1_60' title="bbox 1072 610 1958 689; baseline -0.011 -11"><span class='ocrx_word' id='word_1_306' title='bbox 1072 629 1204 687; x_wconf 90' lang='lat' dir='ltr'><strong>morurn,</strong></span> <span class='ocrx_word' id='word_1_307' title='bbox 1222 614 1427 674; x_wconf 85' lang='lat' dir='ltr'><strong>videturesse</strong></span> <span class='ocrx_word' id='word_1_308' title='bbox 1442 612 1506 683; x_wconf 90' lang='lat' dir='ltr'><strong>illo,</strong></span> <span class='ocrx_word' id='word_1_309' title='bbox 1530 626 1622 689; x_wconf 87' lang='lat' dir='ltr'><strong>quem</strong></span> <span class='ocrx_word' id='word_1_310' title='bbox 1645 615 1773 674; x_wconf 87' lang='lat' dir='ltr'><strong>sancius</strong></span> <span class='ocrx_word' id='word_1_311' title='bbox 1786 610 1958 685; x_wconf 76' lang='lat' dir='ltr'><strong>llierony·</strong></span> 
     </span>
     <span class='ocr_line' id='line_1_61' title="bbox 1073 691 1956 769; baseline -0.009 -11"><span class='ocrx_word' id='word_1_312' title='bbox 1073 715 1142 760; x_wconf 89' lang='lat' dir='ltr'><strong>mus</strong></span> <span class='ocrx_word' id='word_1_313' title='bbox 1157 700 1243 758; x_wconf 81' lang='lat' dir='ltr'><strong>locat</strong></span> <span class='ocrx_word' id='word_1_314' title='bbox 1258 696 1297 758; x_wconf 87' lang='lat' dir='ltr'><strong>de</strong></span> <span class='ocrx_word' id='word_1_315' title='bbox 1309 693 1406 755; x_wconf 84' lang='lat' dir='ltr'><strong>titulis</strong></span> <span class='ocrx_word' id='word_1_316' title='bbox 1429 693 1631 762; x_wconf 86' lang='lat' dir='ltr'><strong>Psalmorom,</strong></span> <span class='ocrx_word' id='word_1_317' title='bbox 1648 696 1680 754; x_wconf 95' lang='lat' dir='ltr'><strong>in</strong></span> <span class='ocrx_word' id='word_1_318' title='bbox 1697 691 1751 756; x_wconf 91' lang='lat' dir='ltr'><strong>lib.</strong></span> <span class='ocrx_word' id='word_1_319' title='bbox 1768 691 1956 769; x_wconf 83' lang='lat' dir='ltr'><strong>descript.</strong></span> 
     </span>
     <span class='ocr_line' id='line_1_62' title="bbox 1072 773 1992 862; baseline -0.013 -20"><span class='ocrx_word' id='word_1_320' title='bbox 1072 779 1196 842; x_wconf 78' lang='lat' dir='ltr'><strong>Eiroles.</strong></span> <span class='ocrx_word' id='word_1_321' title='bbox 1220 777 1251 838; x_wconf 92' lang='lat' dir='ltr'><strong>in</strong></span> <span class='ocrx_word' id='word_1_322' title='bbox 1274 774 1463 838; x_wconf 75' lang='lat' dir='ltr'><strong>Athanasio:</strong></span> <span class='ocrx_word' id='word_1_323' title='bbox 1489 790 1557 835; x_wconf 89' lang='lat' dir='ltr'><strong>nam</strong></span> <span class='ocrx_word' id='word_1_324' title='bbox 1587 773 1789 836; x_wconf 85' lang='lat' dir='ltr'><strong>Cassiodorus</strong></span> <span class='ocrx_word' id='word_1_325' title='bbox 1810 784 1957 851; x_wconf 84' lang='lat' dir='ltr'><strong>quoque</strong></span> <span class='ocrx_word' id='word_1_326' title='bbox 1991 795 1992 862; x_wconf 58' lang='lat' dir='ltr'><strong>i</strong></span> 
     </span>
     <span class='ocr_line' id='line_1_63' title="bbox 1074 854 1957 932; baseline -0.008 -11"><span class='ocrx_word' id='word_1_327' title='bbox 1074 860 1217 921; x_wconf 86' lang='lat' dir='ltr'><strong>eumdem</strong></span> <span class='ocrx_word' id='word_1_328' title='bbox 1231 856 1344 920; x_wconf 90' lang='lat' dir='ltr'><strong>librom</strong></span> <span class='ocrx_word' id='word_1_329' title='bbox 1359 857 1498 924; x_wconf 66' lang='lat' dir='ltr'><strong>vocando</strong></span> <span class='ocrx_word' id='word_1_330' title='bbox 1511 855 1607 917; x_wconf 87' lang='lat' dir='ltr'><strong>titulis</strong></span> <span class='ocrx_word' id='word_1_331' title='bbox 1618 854 1819 932; x_wconf 85' lang='lat' dir='ltr'><strong>Psalmorum,</strong></span> <span class='ocrx_word' id='word_1_332' title='bbox 1833 854 1866 916; x_wconf 91' lang='lat' dir='ltr'><strong>id</strong></span> <span class='ocrx_word' id='word_1_333' title='bbox 1880 858 1957 922; x_wconf 79' lang='lat' dir='ltr'><strong>cst,</strong></span> 
     </span>
     <span class='ocr_line' id='line_1_64' title="bbox 1074 936 1992 1002; baseline -0.01 0"><span class='ocrx_word' id='word_1_334' title='bbox 1074 945 1113 1002; x_wconf 91' lang='lat' dir='ltr'><strong>de</strong></span> <span class='ocrx_word' id='word_1_335' title='bbox 1128 941 1208 1000; x_wconf 74' lang='lat' dir='ltr'><strong>rama</strong></span> <span class='ocrx_word' id='word_1_336' title='bbox 1224 939 1405 1001; x_wconf 86' lang='lat' dir='ltr'><strong>excellentia</strong></span> <span class='ocrx_word' id='word_1_337' title='bbox 1423 936 1625 999; x_wconf 77' lang='lat' dir='ltr'><strong>l’salmorum.</strong></span> <span class='ocrx_word' id='word_1_338' title='bbox 1991 945 1992 954; x_wconf 58' lang='lat'>¹</span> 
     </span>
    </p>

    <p class='ocr_par' dir='ltr' id='par_1_40' title="bbox 1073 1011 1992 3053">
     <span class='ocr_line' id='line_1_65' title="bbox 1115 1017 1957 1095; baseline -0.01 -11"><span class='ocrx_word' id='word_1_339' title='bbox 1115 1021 1223 1086; x_wconf 87' lang='lat' dir='ltr'><strong>Sermo</strong></span> <span class='ocrx_word' id='word_1_340' title='bbox 1235 1020 1274 1081; x_wconf 88' lang='lat' dir='ltr'><strong>de</strong></span> <span class='ocrx_word' id='word_1_341' title='bbox 1286 1019 1482 1082; x_wconf 85' lang='lat' dir='ltr'><strong>sanctissima</strong></span> <span class='ocrx_word' id='word_1_342' title='bbox 1497 1018 1638 1095; x_wconf 82' lang='lat' dir='ltr'><strong>balpare,</strong></span> <span class='ocrx_word' id='word_1_343' title='bbox 1652 1034 1714 1081; x_wconf 91' lang='lat' dir='ltr'><strong>nco</strong></span> <span class='ocrx_word' id='word_1_344' title='bbox 1732 1017 1851 1080; x_wconf 84' lang='lat' dir='ltr'><strong>ridetur</strong></span> <span class='ocrx_word' id='word_1_345' title='bbox 1866 1031 1957 1080; x_wconf 83' lang='lat' dir='ltr'><strong>essa</strong></span> 
     </span>
     <span class='ocr_line' id='line_1_66' title="bbox 1073 1099 1957 1177; baseline -0.007 -13"><span class='ocrx_word' id='word_1_346' title='bbox 1073 1105 1170 1166; x_wconf 88' lang='lat' dir='ltr'><strong>sancti</strong></span> <span class='ocrx_word' id='word_1_347' title='bbox 1187 1100 1357 1168; x_wconf 88' lang='lat' dir='ltr'><strong>Athanasii,</strong></span> <span class='ocrx_word' id='word_1_348' title='bbox 1374 1101 1430 1162; x_wconf 91' lang='lat' dir='ltr'><strong>sed</strong></span> <span class='ocrx_word' id='word_1_349' title='bbox 1445 1099 1577 1162; x_wconf 86' lang='lat' dir='ltr'><strong>alienius</strong></span> <span class='ocrx_word' id='word_1_350' title='bbox 1589 1100 1782 1177; x_wconf 87' lang='lat' dir='ltr'><strong>posterioris,</strong></span> <span class='ocrx_word' id='word_1_351' title='bbox 1798 1101 1850 1177; x_wconf 79' lang='lat' dir='ltr'><strong>aui</strong></span> <span class='ocrx_word' id='word_1_352' title='bbox 1869 1102 1957 1176; x_wconf 86' lang='lat' dir='ltr'><strong>post</strong></span> 
     </span>
     <span class='ocr_line' id='line_1_67' title="bbox 1074 1183 1992 1259; baseline -0.01 -10"><span class='ocrx_word' id='word_1_353' title='bbox 1074 1185 1244 1249; x_wconf 82' lang='lat' dir='ltr'><strong>Consilium</strong></span> <span class='ocrx_word' id='word_1_354' title='bbox 1260 1183 1396 1257; x_wconf 88' lang='lat' dir='ltr'><strong>tortium,</strong></span> <span class='ocrx_word' id='word_1_355' title='bbox 1409 1185 1441 1244; x_wconf 91' lang='lat' dir='ltr'><strong>el</strong></span> <span class='ocrx_word' id='word_1_356' title='bbox 1452 1189 1605 1259; x_wconf 84' lang='lat' dir='ltr'><strong>quartum,</strong></span> <span class='ocrx_word' id='word_1_357' title='bbox 1619 1183 1682 1243; x_wconf 90' lang='lat' dir='ltr'><strong>imo</strong></span> <span class='ocrx_word' id='word_1_358' title='bbox 1698 1183 1789 1244; x_wconf 89' lang='lat' dir='ltr'><strong>eliam</strong></span> <span class='ocrx_word' id='word_1_359' title='bbox 1804 1188 1955 1250; x_wconf 86' lang='lat' dir='ltr'><strong>sextum,</strong></span> <span class='ocrx_word' id='word_1_360' title='bbox 1991 1195 1992 1224; x_wconf 72' lang='lat'><em>³</em></span> 
     </span>
     <span class='ocr_line' id='line_1_68' title="bbox 1074 1261 1958 1340; baseline -0.009 -10"><span class='ocrx_word' id='word_1_361' title='bbox 1074 1265 1225 1330; x_wconf 82' lang='lat' dir='ltr'><strong>floruerit:</strong></span> <span class='ocrx_word' id='word_1_362' title='bbox 1243 1265 1281 1328; x_wconf 88' lang='lat' dir='ltr'><strong>ita</strong></span> <span class='ocrx_word' id='word_1_363' title='bbox 1299 1262 1381 1326; x_wconf 89' lang='lat' dir='ltr'><strong>enim</strong></span> <span class='ocrx_word' id='word_1_364' title='bbox 1404 1269 1546 1325; x_wconf 84' lang='lat' dir='ltr'><strong>accurate</strong></span> <span class='ocrx_word' id='word_1_365' title='bbox 1560 1264 1695 1340; x_wconf 84' lang='lat' dir='ltr'><strong>disputat</strong></span> <span class='ocrx_word' id='word_1_366' title='bbox 1710 1263 1749 1326; x_wconf 90' lang='lat' dir='ltr'><strong>dc</strong></span> <span class='ocrx_word' id='word_1_367' title='bbox 1765 1264 1882 1326; x_wconf 89' lang='lat' dir='ltr'><strong>unione</strong></span> <span class='ocrx_word' id='word_1_368' title='bbox 1898 1261 1958 1323; x_wconf 92' lang='lat' dir='ltr'><strong>di·</strong></span> 
     </span>
     <span class='ocr_line' id='line_1_69' title="bbox 1074 1346 1958 1420; baseline -0.006 -11"><span class='ocrx_word' id='word_1_369' title='bbox 1074 1351 1162 1410; x_wconf 90' lang='lat' dir='ltr'><strong>rinae</strong></span> <span class='ocrx_word' id='word_1_370' title='bbox 1183 1354 1220 1408; x_wconf 90' lang='lat' dir='ltr'><strong>at</strong></span> <span class='ocrx_word' id='word_1_371' title='bbox 1235 1347 1389 1410; x_wconf 89' lang='lat' dir='ltr'><strong>humanae</strong></span> <span class='ocrx_word' id='word_1_372' title='bbox 1412 1353 1541 1406; x_wconf 88' lang='lat' dir='ltr'><strong>naturae</strong></span> <span class='ocrx_word' id='word_1_373' title='bbox 1564 1347 1594 1406; x_wconf 94' lang='lat' dir='ltr'><strong>ln</strong></span> <span class='ocrx_word' id='word_1_374' title='bbox 1611 1360 1669 1406; x_wconf 91' lang='lat' dir='ltr'><strong>una</strong></span> <span class='ocrx_word' id='word_1_375' title='bbox 1697 1346 1849 1420; x_wconf 85' lang='lat' dir='ltr'><strong>ipoelasi;</strong></span> <span class='ocrx_word' id='word_1_376' title='bbox 1882 1357 1958 1406; x_wconf 87' lang='lat' dir='ltr'><strong>neo</strong></span> 
     </span>
     <span class='ocr_line' id='line_1_70' title="bbox 1075 1425 1959 1506; baseline -0.003 -15"><span class='ocrx_word' id='word_1_377' title='bbox 1075 1446 1135 1491; x_wconf 92' lang='lat' dir='ltr'><strong>non</strong></span> <span class='ocrx_word' id='word_1_378' title='bbox 1151 1428 1191 1490; x_wconf 93' lang='lat' dir='ltr'><strong>de</strong></span> <span class='ocrx_word' id='word_1_379' title='bbox 1206 1426 1412 1506; x_wconf 87' lang='lat' dir='ltr'><strong>appellatione</strong></span> <span class='ocrx_word' id='word_1_380' title='bbox 1426 1425 1587 1502; x_wconf 76' lang='lat' dir='ltr'><strong>deiparae,</strong></span> <span class='ocrx_word' id='word_1_381' title='bbox 1601 1425 1684 1504; x_wconf 88' lang='lat' dir='ltr'><strong>qnod</strong></span> <span class='ocrx_word' id='word_1_382' title='bbox 1702 1426 1816 1504; x_wconf 73' lang='lat' dir='ltr'><strong>Virgini</strong></span> <span class='ocrx_word' id='word_1_383' title='bbox 1832 1439 1867 1488; x_wconf 89' lang='lat' dir='ltr'><strong>ca</strong></span> <span class='ocrx_word' id='word_1_384' title='bbox 1888 1442 1959 1500; x_wconf 88' lang='lat' dir='ltr'><strong>ap·</strong></span> 
     </span>
     <span class='ocr_line' id='line_1_71' title="bbox 1075 1507 1992 1588; baseline -0.004 -16"><span class='ocrx_word' id='word_1_385' title='bbox 1075 1509 1188 1588; x_wconf 89' lang='lat' dir='ltr'><strong>palatio</strong></span> <span class='ocrx_word' id='word_1_386' title='bbox 1204 1510 1272 1572; x_wconf 89' lang='lat' dir='ltr'><strong>inre</strong></span> <span class='ocrx_word' id='word_1_387' title='bbox 1286 1507 1462 1578; x_wconf 83' lang='lat' dir='ltr'><strong>conveniat,</strong></span> <span class='ocrx_word' id='word_1_388' title='bbox 1486 1516 1516 1568; x_wconf 88' lang='lat' dir='ltr'><strong>ot</strong></span> <span class='ocrx_word' id='word_1_389' title='bbox 1538 1507 1673 1583; x_wconf 82' lang='lat' dir='ltr'><strong>deniqne</strong></span> <span class='ocrx_word' id='word_1_390' title='bbox 1696 1507 1735 1571; x_wconf 90' lang='lat' dir='ltr'><strong>de</strong></span> <span class='ocrx_word' id='word_1_391' title='bbox 1751 1507 1875 1570; x_wconf 88' lang='lat' dir='ltr'><strong>duabus</strong></span> <span class='ocrx_word' id='word_1_392' title='bbox 1891 1522 1956 1570; x_wconf 83' lang='lat' dir='ltr'><strong>ro·</strong></span> <span class='ocrx_word' id='word_1_393' title='bbox 1991 1507 1992 1534; x_wconf 64' lang='lat'><strong>³</strong></span> 
     </span>
     <span class='ocr_line' id='line_1_72' title="bbox 1074 1585 1992 1667; baseline -0.009 -11"><span class='ocrx_word' id='word_1_394' title='bbox 1074 1592 1256 1659; x_wconf 85' lang='lat' dir='ltr'><strong>laniatibus,</strong></span> <span class='ocrx_word' id='word_1_395' title='bbox 1273 1595 1304 1651; x_wconf 88' lang='lat' dir='ltr'><strong>el</strong></span> <span class='ocrx_word' id='word_1_396' title='bbox 1318 1589 1550 1667; x_wconf 87' lang='lat' dir='ltr'><strong>operationibus</strong></span> <span class='ocrx_word' id='word_1_397' title='bbox 1568 1589 1660 1652; x_wconf 86' lang='lat' dir='ltr'><strong>unius</strong></span> <span class='ocrx_word' id='word_1_398' title='bbox 1674 1589 1806 1652; x_wconf 85' lang='lat' dir='ltr'><strong>nolentis</strong></span> <span class='ocrx_word' id='word_1_399' title='bbox 1822 1596 1852 1651; x_wconf 91' lang='lat' dir='ltr'><strong>el</strong></span> <span class='ocrx_word' id='word_1_400' title='bbox 1866 1604 1956 1666; x_wconf 83' lang='lat' dir='ltr'><strong>ope·</strong></span> <span class='ocrx_word' id='word_1_401' title='bbox 1991 1585 1992 1638; x_wconf 90' lang='lat' dir='ltr'><strong>l</strong></span> 
     </span>
     <span class='ocr_line' id='line_1_73' title="bbox 1074 1670 1956 1748; baseline -0.007 -12"><span class='ocrx_word' id='word_1_402' title='bbox 1074 1675 1171 1736; x_wconf 90' lang='lat' dir='ltr'><strong>rantis</strong></span> <span class='ocrx_word' id='word_1_403' title='bbox 1185 1671 1309 1746; x_wconf 80' lang='lat' dir='ltr'><strong>Christi;</strong></span> <span class='ocrx_word' id='word_1_404' title='bbox 1324 1681 1357 1732; x_wconf 91' lang='lat' dir='ltr'><strong>ui</strong></span> <span class='ocrx_word' id='word_1_405' title='bbox 1370 1670 1502 1732; x_wconf 88' lang='lat' dir='ltr'><strong>dubitari</strong></span> <span class='ocrx_word' id='word_1_406' title='bbox 1516 1685 1578 1732; x_wconf 87' lang='lat' dir='ltr'><strong>aon</strong></span> <span class='ocrx_word' id='word_1_407' title='bbox 1591 1670 1711 1748; x_wconf 81' lang='lat' dir='ltr'><strong>possit,</strong></span> <span class='ocrx_word' id='word_1_408' title='bbox 1721 1670 1795 1747; x_wconf 82' lang='lat' dir='ltr'><strong>quin</strong></span> <span class='ocrx_word' id='word_1_409' title='bbox 1814 1671 1874 1733; x_wconf 88' lang='lat' dir='ltr'><strong>isio</strong></span> <span class='ocrx_word' id='word_1_410' title='bbox 1889 1683 1956 1732; x_wconf 88' lang='lat' dir='ltr'><strong>arr·</strong></span> 
     </span>
     <span class='ocr_line' id='line_1_74' title="bbox 1076 1750 1954 1826; baseline -0.002 -12"><span class='ocrx_word' id='word_1_411' title='bbox 1076 1765 1143 1826; x_wconf 87' lang='lat' dir='ltr'><strong>otor</strong></span> <span class='ocrx_word' id='word_1_412' title='bbox 1156 1755 1266 1816; x_wconf 84' lang='lat' dir='ltr'><strong>viderit</strong></span> <span class='ocrx_word' id='word_1_413' title='bbox 1277 1757 1400 1815; x_wconf 87' lang='lat' dir='ltr'><strong>decreto</strong></span> <span class='ocrx_word' id='word_1_414' title='bbox 1413 1750 1621 1814; x_wconf 83' lang='lat' dir='ltr'><strong>conciliorum</strong></span> <span class='ocrx_word' id='word_1_415' title='bbox 1634 1761 1739 1814; x_wconf 86' lang='lat' dir='ltr'><strong>conire</strong></span> <span class='ocrx_word' id='word_1_416' title='bbox 1752 1751 1954 1823; x_wconf 81' lang='lat' dir='ltr'><strong>Nestorium,</strong></span> 
     </span>
     <span class='ocr_line' id='line_1_75' title="bbox 1076 1830 1955 1914; baseline -0.005 -16"><span class='ocrx_word' id='word_1_417' title='bbox 1076 1836 1290 1914; x_wconf 77' lang='lat' dir='ltr'><strong>Eutychetem,</strong></span> <span class='ocrx_word' id='word_1_418' title='bbox 1304 1841 1334 1894; x_wconf 90' lang='lat' dir='ltr'><strong>et</strong></span> <span class='ocrx_word' id='word_1_419' title='bbox 1346 1833 1575 1902; x_wconf 89' lang='lat' dir='ltr'><strong>lloooibelitas,</strong></span> <span class='ocrx_word' id='word_1_420' title='bbox 1593 1835 1633 1894; x_wconf 90' lang='lat' dir='ltr'><strong>Ae</strong></span> <span class='ocrx_word' id='word_1_421' title='bbox 1648 1830 1661 1914; x_wconf 91' lang='lat'>(</span> <span class='ocrx_word' id='word_1_422' title='bbox 1674 1841 1706 1895; x_wconf 89' lang='lat' dir='ltr'><strong>ut</strong></span> <span class='ocrx_word' id='word_1_423' title='bbox 1720 1839 1805 1896; x_wconf 88' lang='lat' dir='ltr'><strong>reete</strong></span> <span class='ocrx_word' id='word_1_424' title='bbox 1819 1833 1955 1895; x_wconf 89' lang='lat' dir='ltr'><strong>ratioci-</strong></span> 
     </span>
     <span class='ocr_line' id='line_1_76' title="bbox 1076 1915 1955 1992; baseline -0.005 -12"><span class='ocrx_word' id='word_1_425' title='bbox 1076 1925 1167 1980; x_wconf 91' lang='lat' dir='ltr'><strong>natur</strong></span> <span class='ocrx_word' id='word_1_426' title='bbox 1182 1915 1270 1979; x_wconf 83' lang='lat' dir='ltr'><strong>dard.</strong></span> <span class='ocrx_word' id='word_1_427' title='bbox 1285 1915 1437 1977; x_wconf 75' lang='lat' dir='ltr'><strong>Batonius</strong></span> <span class='ocrx_word' id='word_1_428' title='bbox 1452 1921 1534 1976; x_wconf 89' lang='lat' dir='ltr'><strong>tomo</strong></span> <span class='ocrx_word' id='word_1_429' title='bbox 1546 1916 1644 1992; x_wconf 89' lang='lat' dir='ltr'><strong>primo</strong></span> <span class='ocrx_word' id='word_1_430' title='bbox 1659 1915 1820 1976; x_wconf 76' lang='lat' dir='ltr'><strong>Annalium</strong></span> <span class='ocrx_word' id='word_1_431' title='bbox 1834 1915 1874 1976; x_wconf 91' lang='lat' dir='ltr'><strong>ad</strong></span> <span class='ocrx_word' id='word_1_432' title='bbox 1893 1931 1955 1976; x_wconf 91' lang='lat' dir='ltr'><strong>an·</strong></span> 
     </span>
     <span class='ocr_line' id='line_1_77' title="bbox 1077 1995 1953 2071; baseline -0.002 -11"><span class='ocrx_word' id='word_1_433' title='bbox 1077 2015 1149 2062; x_wconf 90' lang='lat' dir='ltr'><strong>nom</strong></span> <span class='ocrx_word' id='word_1_434' title='bbox 1163 1996 1274 2060; x_wconf 81' lang='lat' dir='ltr'><strong>Christi</strong></span> <span class='ocrx_word' id='word_1_435' title='bbox 1286 1995 1337 2060; x_wconf 83' lang='lat' dir='ltr'><strong>ts.</strong></span> <span class='ocrx_word' id='word_1_436' title='bbox 1352 1995 1402 2071; x_wconf 80' lang='lat' dir='ltr'><strong>isi</strong></span> <span class='ocrx_word' id='word_1_437' title='bbox 1416 1996 1466 2058; x_wconf 90' lang='lat' dir='ltr'><strong>hie</strong></span> <span class='ocrx_word' id='word_1_438' title='bbox 1477 2012 1581 2061; x_wconf 91' lang='lat' dir='ltr'><strong>sermo</strong></span> <span class='ocrx_word' id='word_1_439' title='bbox 1592 2003 1676 2059; x_wconf 86' lang='lat' dir='ltr'><strong>esset</strong></span> <span class='ocrx_word' id='word_1_440' title='bbox 1687 1997 1855 2064; x_wconf 89' lang='lat' dir='ltr'><strong>Athanasii,</strong></span> <span class='ocrx_word' id='word_1_441' title='bbox 1869 1998 1953 2058; x_wconf 84' lang='lat' dir='ltr'><strong>sine</strong></span> 
     </span>
     <span class='ocr_line' id='line_1_78' title="bbox 1077 2077 1955 2157; baseline -0.001 -16"><span class='ocrx_word' id='word_1_442' title='bbox 1077 2080 1172 2143; x_wconf 92' lang='lat' dir='ltr'><strong>dubio</strong></span> <span class='ocrx_word' id='word_1_443' title='bbox 1187 2081 1297 2141; x_wconf 89' lang='lat' dir='ltr'><strong>citatus</strong></span> <span class='ocrx_word' id='word_1_444' title='bbox 1310 2077 1447 2142; x_wconf 85' lang='lat' dir='ltr'><strong>luissata</strong></span> <span class='ocrx_word' id='word_1_445' title='bbox 1460 2085 1567 2140; x_wconf 87' lang='lat' dir='ltr'><strong>sancto</strong></span> <span class='ocrx_word' id='word_1_446' title='bbox 1580 2077 1705 2157; x_wconf 78' lang='lat' dir='ltr'><strong>Gyrillo,</strong></span> <span class='ocrx_word' id='word_1_447' title='bbox 1723 2085 1752 2140; x_wconf 92' lang='lat' dir='ltr'><strong>et</strong></span> <span class='ocrx_word' id='word_1_448' title='bbox 1767 2093 1784 2139; x_wconf 93' lang='lat' dir='ltr'><strong>a</strong></span> <span class='ocrx_word' id='word_1_449' title='bbox 1802 2077 1955 2140; x_wconf 80' lang='lat' dir='ltr'><strong>Patribus</strong></span> 
     </span>
     <span class='ocr_line' id='line_1_79' title="bbox 1079 2158 1956 2241; baseline -0.002 -19"><span class='ocrx_word' id='word_1_450' title='bbox 1079 2165 1198 2235; x_wconf 90' lang='lat' dir='ltr'><strong>tertiae,</strong></span> <span class='ocrx_word' id='word_1_451' title='bbox 1216 2165 1355 2241; x_wconf 86' lang='lat' dir='ltr'><strong>quartae,</strong></span> <span class='ocrx_word' id='word_1_452' title='bbox 1368 2162 1400 2221; x_wconf 91' lang='lat' dir='ltr'><strong>et</strong></span> <span class='ocrx_word' id='word_1_453' title='bbox 1411 2164 1516 2222; x_wconf 82' lang='lat' dir='ltr'><strong>seriae</strong></span> <span class='ocrx_word' id='word_1_454' title='bbox 1529 2159 1644 2238; x_wconf 77' lang='lat' dir='ltr'><strong>Synodi</strong></span> <span class='ocrx_word' id='word_1_455' title='bbox 1659 2159 1698 2220; x_wconf 87' lang='lat' dir='ltr'><strong>nd</strong></span> <span class='ocrx_word' id='word_1_456' title='bbox 1714 2158 1956 2221; x_wconf 88' lang='lat' dir='ltr'><strong>oonrinrendos</strong></span> 
     </span>
     <span class='ocr_line' id='line_1_80' title="bbox 1078 2239 1953 2318; baseline -0.006 -14"><span class='ocrx_word' id='word_1_457' title='bbox 1078 2243 1264 2311; x_wconf 87' lang='lat' dir='ltr'><strong>haereticos,</strong></span> <span class='ocrx_word' id='word_1_458' title='bbox 1299 2239 1446 2304; x_wconf 79' lang='lat' dir='ltr'><strong>Videmus</strong></span> <span class='ocrx_word' id='word_1_459' title='bbox 1477 2247 1579 2302; x_wconf 90' lang='lat' dir='ltr'><strong>antam</strong></span> <span class='ocrx_word' id='word_1_460' title='bbox 1614 2255 1675 2303; x_wconf 94' lang='lat' dir='ltr'><strong>non</strong></span> <span class='ocrx_word' id='word_1_461' title='bbox 1698 2241 1783 2303; x_wconf 88' lang='lat' dir='ltr'><strong>citari</strong></span> <span class='ocrx_word' id='word_1_462' title='bbox 1807 2256 1953 2318; x_wconf 85' lang='lat' dir='ltr'><strong>unquam</strong></span> 
     </span>
     <span class='ocr_line' id='line_1_81' title="bbox 1079 2322 1951 2405; baseline -0.007 -19"><span class='ocrx_word' id='word_1_463' title='bbox 1079 2325 1164 2386; x_wconf 91' lang='lat' dir='ltr'><strong>hooc</strong></span> <span class='ocrx_word' id='word_1_464' title='bbox 1179 2337 1369 2397; x_wconf 89' lang='lat' dir='ltr'><strong>sermonem,</strong></span> <span class='ocrx_word' id='word_1_465' title='bbox 1392 2322 1449 2405; x_wconf 84' lang='lat' dir='ltr'><strong>sed</strong></span> <span class='ocrx_word' id='word_1_466' title='bbox 1472 2322 1567 2384; x_wconf 82' lang='lat' dir='ltr'><strong>libros</strong></span> <span class='ocrx_word' id='word_1_467' title='bbox 1589 2323 1628 2384; x_wconf 89' lang='lat' dir='ltr'><strong>de</strong></span> <span class='ocrx_word' id='word_1_468' title='bbox 1645 2323 1871 2397; x_wconf 80' lang='lat' dir='ltr'><strong>incarnatione,</strong></span> <span class='ocrx_word' id='word_1_469' title='bbox 1889 2323 1951 2384; x_wconf 90' lang='lat' dir='ltr'><strong>ubi</strong></span> 
     </span>
     <span class='ocr_line' id='line_1_82' title="bbox 1081 2403 1953 2481; baseline -0.007 -13"><span class='ocrx_word' id='word_1_470' title='bbox 1081 2422 1144 2468; x_wconf 91' lang='lat' dir='ltr'><strong>non</strong></span> <span class='ocrx_word' id='word_1_471' title='bbox 1161 2412 1219 2468; x_wconf 91' lang='lat' dir='ltr'><strong>tam</strong></span> <span class='ocrx_word' id='word_1_472' title='bbox 1243 2413 1348 2481; x_wconf 88' lang='lat' dir='ltr'><strong>aperie</strong></span> <span class='ocrx_word' id='word_1_473' title='bbox 1364 2405 1550 2468; x_wconf 79' lang='lat' dir='ltr'><strong>Athanasius</strong></span> <span class='ocrx_word' id='word_1_474' title='bbox 1571 2403 1719 2478; x_wconf 87' lang='lat' dir='ltr'><strong>loouitur.</strong></span> <span class='ocrx_word' id='word_1_475' title='bbox 1743 2403 1841 2472; x_wconf 89' lang='lat' dir='ltr'><strong>Addo,</strong></span> <span class='ocrx_word' id='word_1_476' title='bbox 1859 2404 1953 2481; x_wconf 86' lang='lat' dir='ltr'><strong>ouorl</strong></span> 
     </span>
     <span class='ocr_line' id='line_1_83' title="bbox 1079 2483 1954 2555; baseline -0.005 -5"><span class='ocrx_word' id='word_1_477' title='bbox 1079 2487 1109 2550; x_wconf 91' lang='lat' dir='ltr'><strong>in</strong></span> <span class='ocrx_word' id='word_1_478' title='bbox 1127 2488 1186 2550; x_wconf 88' lang='lat' dir='ltr'><strong>hoe</strong></span> <span class='ocrx_word' id='word_1_479' title='bbox 1198 2500 1343 2550; x_wconf 88' lang='lat' dir='ltr'><strong>sermone</strong></span> <span class='ocrx_word' id='word_1_480' title='bbox 1356 2494 1462 2548; x_wconf 87' lang='lat' dir='ltr'><strong>auctor</strong></span> <span class='ocrx_word' id='word_1_481' title='bbox 1474 2485 1558 2555; x_wconf 86' lang='lat' dir='ltr'><strong>dicit,</strong></span> <span class='ocrx_word' id='word_1_482' title='bbox 1571 2485 1714 2548; x_wconf 89' lang='lat' dir='ltr'><strong>attributa</strong></span> <span class='ocrx_word' id='word_1_483' title='bbox 1725 2483 1780 2548; x_wconf 78' lang='lat' dir='ltr'><strong>liei</strong></span> <span class='ocrx_word' id='word_1_484' title='bbox 1794 2500 1855 2548; x_wconf 91' lang='lat' dir='ltr'><strong>oon</strong></span> <span class='ocrx_word' id='word_1_485' title='bbox 1872 2499 1954 2548; x_wconf 83' lang='lat' dir='ltr'><strong>esse</strong></span> 
     </span>
     <span class='ocr_line' id='line_1_84' title="bbox 1081 2567 1952 2647; baseline -0.005 -16"><span class='ocrx_word' id='word_1_486' title='bbox 1081 2569 1178 2647; x_wconf 89' lang='lat' dir='ltr'><strong>ipsam</strong></span> <span class='ocrx_word' id='word_1_487' title='bbox 1196 2568 1403 2632; x_wconf 88' lang='lat' dir='ltr'><strong>substantiam</strong></span> <span class='ocrx_word' id='word_1_488' title='bbox 1416 2567 1553 2638; x_wconf 88' lang='lat' dir='ltr'><strong>ltei,scd</strong></span> <span class='ocrx_word' id='word_1_489' title='bbox 1565 2567 1646 2630; x_wconf 89' lang='lat' dir='ltr'><strong>circa</strong></span> <span class='ocrx_word' id='word_1_490' title='bbox 1658 2567 1862 2630; x_wconf 86' lang='lat' dir='ltr'><strong>substantiam</strong></span> <span class='ocrx_word' id='word_1_491' title='bbox 1878 2581 1952 2628; x_wconf 87' lang='lat' dir='ltr'><strong>rcr-</strong></span> 
     </span>
     <span class='ocr_line' id='line_1_85' title="bbox 1079 2648 1952 2728; baseline -0.007 -14"><span class='ocrx_word' id='word_1_492' title='bbox 1079 2651 1153 2714; x_wconf 86' lang='lat' dir='ltr'><strong>sari:</strong></span> <span class='ocrx_word' id='word_1_493' title='bbox 1170 2650 1251 2728; x_wconf 83' lang='lat' dir='ltr'><strong>quod</strong></span> <span class='ocrx_word' id='word_1_494' title='bbox 1267 2648 1356 2712; x_wconf 86' lang='lat' dir='ltr'><strong>valde</strong></span> <span class='ocrx_word' id='word_1_495' title='bbox 1372 2650 1541 2725; x_wconf 89' lang='lat' dir='ltr'><strong>improprie</strong></span> <span class='ocrx_word' id='word_1_496' title='bbox 1560 2648 1747 2720; x_wconf 87' lang='lat' dir='ltr'><strong>dictumest,</strong></span> <span class='ocrx_word' id='word_1_497' title='bbox 1764 2653 1796 2711; x_wconf 90' lang='lat' dir='ltr'><strong>ei</strong></span> <span class='ocrx_word' id='word_1_498' title='bbox 1809 2649 1952 2712; x_wconf 82' lang='lat' dir='ltr'><strong>alienum</strong></span> 
     </span>
     <span class='ocr_line' id='line_1_86' title="bbox 1079 2730 1949 2807; baseline -0.005 -13"><span class='ocrx_word' id='word_1_499' title='bbox 1079 2750 1095 2794; x_wconf 90' lang='lat' dir='ltr'><strong>a</strong></span> <span class='ocrx_word' id='word_1_500' title='bbox 1112 2731 1339 2794; x_wconf 88' lang='lat' dir='ltr'><strong>consuetudine</strong></span> <span class='ocrx_word' id='word_1_501' title='bbox 1355 2731 1452 2792; x_wconf 92' lang='lat' dir='ltr'><strong>sancti</strong></span> <span class='ocrx_word' id='word_1_502' title='bbox 1476 2730 1644 2801; x_wconf 85' lang='lat' dir='ltr'><strong>Athanasii,</strong></span> <span class='ocrx_word' id='word_1_503' title='bbox 1669 2733 1720 2807; x_wconf 84' lang='lat' dir='ltr'><strong>oui</strong></span> <span class='ocrx_word' id='word_1_504' title='bbox 1736 2730 1824 2794; x_wconf 81' lang='lat' dir='ltr'><strong>raldo</strong></span> <span class='ocrx_word' id='word_1_505' title='bbox 1839 2731 1949 2792; x_wconf 92' lang='lat' dir='ltr'><strong>oonsi-</strong></span> 
     </span>
     <span class='ocr_line' id='line_1_87' title="bbox 1079 2809 1952 2888; baseline -0.006 -12"><span class='ocrx_word' id='word_1_506' title='bbox 1079 2814 1185 2877; x_wconf 90' lang='lat' dir='ltr'><strong>derate</strong></span> <span class='ocrx_word' id='word_1_507' title='bbox 1200 2813 1284 2888; x_wconf 81' lang='lat' dir='ltr'><strong>loqui</strong></span> <span class='ocrx_word' id='word_1_508' title='bbox 1307 2811 1401 2873; x_wconf 90' lang='lat' dir='ltr'><strong>solet.</strong></span> <span class='ocrx_word' id='word_1_509' title='bbox 1425 2811 1512 2873; x_wconf 93' lang='lat' dir='ltr'><strong>Adde</strong></span> <span class='ocrx_word' id='word_1_510' title='bbox 1527 2809 1647 2887; x_wconf 91' lang='lat' dir='ltr'><strong>ultimo,</strong></span> <span class='ocrx_word' id='word_1_511' title='bbox 1664 2811 1747 2888; x_wconf 82' lang='lat' dir='ltr'><strong>qnod</strong></span> <span class='ocrx_word' id='word_1_512' title='bbox 1763 2812 1795 2872; x_wconf 91' lang='lat' dir='ltr'><strong>in</strong></span> <span class='ocrx_word' id='word_1_513' title='bbox 1810 2812 1952 2886; x_wconf 83' lang='lat' dir='ltr'><strong>explica-</strong></span> 
     </span>
     <span class='ocr_line' id='line_1_88' title="bbox 1082 2891 1952 2969; baseline 0 -13"><span class='ocrx_word' id='word_1_514' title='bbox 1082 2894 1165 2956; x_wconf 90' lang='lat' dir='ltr'><strong>tione</strong></span> <span class='ocrx_word' id='word_1_515' title='bbox 1185 2893 1327 2956; x_wconf 81' lang='lat' dir='ltr'><strong>incanuit</strong></span> <span class='ocrx_word' id='word_1_516' title='bbox 1351 2903 1435 2965; x_wconf 76' lang='lat' dir='ltr'><strong>acic,</strong></span> <span class='ocrx_word' id='word_1_517' title='bbox 1459 2891 1533 2954; x_wconf 90' lang='lat' dir='ltr'><strong>dicit</strong></span> <span class='ocrx_word' id='word_1_518' title='bbox 1555 2908 1660 2956; x_wconf 89' lang='lat' dir='ltr'><strong>rocem</strong></span> <span class='ocrx_word' id='word_1_519' title='bbox 1683 2892 1952 2969; x_wconf 77' lang='lat' dir='ltr'><strong>inconsigniilcare</strong></span> 
     </span>
     <span class='ocr_line' id='line_1_89' title="bbox 1080 2974 1949 3053; baseline -0.003 -15"><span class='ocrx_word' id='word_1_520' title='bbox 1080 2977 1269 3052; x_wconf 72' lang='lat' dir='ltr'><strong>qualitatem:</strong></span> <span class='ocrx_word' id='word_1_521' title='bbox 1292 2982 1322 3035; x_wconf 91' lang='lat' dir='ltr'><strong>at</strong></span> <span class='ocrx_word' id='word_1_522' title='bbox 1344 2974 1467 3036; x_wconf 88' lang='lat' dir='ltr'><strong>Graecis</strong></span> <span class='ocrx_word' id='word_1_523' title='bbox 1490 2991 1592 3053; x_wconf 78' lang='grc' dir='ltr'><strong>ισοτης</strong></span> <span class='ocrx_word' id='word_1_524' title='bbox 1617 2981 1663 3035; x_wconf 86' lang='lat' dir='ltr'><strong>est</strong></span> <span class='ocrx_word' id='word_1_525' title='bbox 1679 2975 1862 3052; x_wconf 84' lang='lat' dir='ltr'><strong>aequalitas,</strong></span> <span class='ocrx_word' id='word_1_526' title='bbox 1881 2991 1949 3035; x_wconf 92' lang='lat' dir='ltr'><strong>nnn</strong></span> 
     </span>
    </p>

    <p class='ocr_par' dir='ltr' id='par_1_41' title="bbox 1080 3055 1952 4272">
     <span class='ocr_line' id='line_1_90' title="bbox 1093 3055 1948 3134; baseline -0.002 -16"><span class='ocrx_word' id='word_1_527' title='bbox 1093 3075 1165 3134; x_wconf 76' lang='lat' dir='ltr'><strong>roro,</strong></span> <span class='ocrx_word' id='word_1_528' title='bbox 1183 3063 1213 3119; x_wconf 91' lang='lat' dir='ltr'><strong>ei</strong></span> <span class='ocrx_word' id='word_1_529' title='bbox 1230 3061 1289 3118; x_wconf 91' lang='lat' dir='ltr'><strong>iola</strong></span> <span class='ocrx_word' id='word_1_530' title='bbox 1308 3055 1359 3117; x_wconf 88' lang='lat' dir='ltr'><strong>illa</strong></span> <span class='ocrx_word' id='word_1_531' title='bbox 1376 3055 1521 3118; x_wconf 90' lang='lat' dir='ltr'><strong>deductio</strong></span> <span class='ocrx_word' id='word_1_532' title='bbox 1543 3057 1634 3119; x_wconf 83' lang='lat' dir='ltr'><strong>nocis</strong></span> <span class='ocrx_word' id='word_1_533' title='bbox 1649 3063 1723 3118; x_wconf 78' lang='lat' dir='ltr'><strong>Scin</strong></span> <span class='ocrx_word' id='word_1_534' title='bbox 1742 3072 1757 3116; x_wconf 91' lang='lat' dir='ltr'><strong>a</strong></span> <span class='ocrx_word' id='word_1_535' title='bbox 1774 3070 1849 3118; x_wconf 84' lang='lat' dir='ltr'><strong>soce</strong></span> <span class='ocrx_word' id='word_1_536' title='bbox 1865 3073 1948 3128; x_wconf 82' lang='grc' dir='ltr'>ισος,</span> 
     </span>
     <span class='ocr_line' id='line_1_91' title="bbox 1081 3136 1905 3214; baseline -0.004 -12"><span class='ocrx_word' id='word_1_537' title='bbox 1081 3148 1129 3202; x_wconf 91' lang='lat' dir='ltr'><strong>est</strong></span> <span class='ocrx_word' id='word_1_538' title='bbox 1143 3141 1240 3200; x_wconf 87' lang='lat' dir='ltr'><strong>lenior</strong></span> <span class='ocrx_word' id='word_1_539' title='bbox 1255 3153 1345 3214; x_wconf 85' lang='lat' dir='ltr'><strong>ouem</strong></span> <span class='ocrx_word' id='word_1_540' title='bbox 1362 3143 1394 3198; x_wconf 90' lang='lat' dir='ltr'><strong>ut</strong></span> <span class='ocrx_word' id='word_1_541' title='bbox 1409 3136 1611 3199; x_wconf 90' lang='lat' dir='ltr'><strong>Athanasium</strong></span> <span class='ocrx_word' id='word_1_542' title='bbox 1627 3138 1739 3200; x_wconf 86' lang='lat' dir='ltr'><strong>decore</strong></span> <span class='ocrx_word' id='word_1_543' title='bbox 1753 3137 1905 3199; x_wconf 91' lang='lat' dir='ltr'><strong>rideatur.</strong></span> 
     </span>
     <span class='ocr_line' id='line_1_92' title="bbox 1116 3217 1951 3299; baseline -0.004 -17"><span class='ocrx_word' id='word_1_544' title='bbox 1116 3219 1293 3299; x_wconf 89' lang='lat' dir='ltr'><strong>llispulalio</strong></span> <span class='ocrx_word' id='word_1_545' title='bbox 1307 3218 1462 3282; x_wconf 87' lang='lat' dir='ltr'><strong>Athanasii</strong></span> <span class='ocrx_word' id='word_1_546' title='bbox 1475 3235 1545 3279; x_wconf 89' lang='lat' dir='ltr'><strong>curn</strong></span> <span class='ocrx_word' id='word_1_547' title='bbox 1558 3217 1642 3293; x_wconf 87' lang='lat' dir='ltr'><strong>Ario,</strong></span> <span class='ocrx_word' id='word_1_548' title='bbox 1657 3234 1736 3294; x_wconf 79' lang='lat' dir='ltr'><strong>eoae</strong></span> <span class='ocrx_word' id='word_1_549' title='bbox 1749 3219 1778 3280; x_wconf 92' lang='lat' dir='ltr'><strong>in</strong></span> <span class='ocrx_word' id='word_1_550' title='bbox 1791 3220 1851 3282; x_wconf 88' lang='lat' dir='ltr'><strong>boo</strong></span> <span class='ocrx_word' id='word_1_551' title='bbox 1862 3225 1951 3280; x_wconf 90' lang='lat' dir='ltr'><strong>tomo</strong></span> 
     </span>
     <span class='ocr_line' id='line_1_93' title="bbox 1081 3299 1951 3372; baseline -0.002 -8"><span class='ocrx_word' id='word_1_552' title='bbox 1081 3302 1223 3372; x_wconf 89' lang='lat' dir='ltr'><strong>babetur,</strong></span> <span class='ocrx_word' id='word_1_553' title='bbox 1238 3315 1300 3363; x_wconf 94' lang='lat' dir='ltr'><strong>oon</strong></span> <span class='ocrx_word' id='word_1_554' title='bbox 1314 3307 1362 3363; x_wconf 89' lang='lat' dir='ltr'><strong>est</strong></span> <span class='ocrx_word' id='word_1_555' title='bbox 1374 3299 1474 3361; x_wconf 87' lang='lat' dir='ltr'><strong>babila</strong></span> <span class='ocrx_word' id='word_1_556' title='bbox 1490 3301 1521 3360; x_wconf 94' lang='lat' dir='ltr'><strong>in</strong></span> <span class='ocrx_word' id='word_1_557' title='bbox 1538 3299 1675 3362; x_wconf 86' lang='lat' dir='ltr'><strong>Concilio</strong></span> <span class='ocrx_word' id='word_1_558' title='bbox 1691 3301 1835 3370; x_wconf 86' lang='lat' dir='ltr'><strong>llioneno,</strong></span> <span class='ocrx_word' id='word_1_559' title='bbox 1853 3307 1887 3362; x_wconf 91' lang='lat' dir='ltr'><strong>nt</strong></span> <span class='ocrx_word' id='word_1_560' title='bbox 1900 3301 1951 3362; x_wconf 91' lang='lat' dir='ltr'><strong>in·</strong></span> 
     </span>
     <span class='ocr_line' id='line_1_94' title="bbox 1081 3381 1950 3455; baseline -0.001 -10"><span class='ocrx_word' id='word_1_561' title='bbox 1081 3385 1211 3454; x_wconf 90' lang='lat' dir='ltr'><strong>sorlptio</strong></span> <span class='ocrx_word' id='word_1_562' title='bbox 1227 3382 1366 3443; x_wconf 85' lang='lat' dir='ltr'><strong>indicare</strong></span> <span class='ocrx_word' id='word_1_563' title='bbox 1381 3383 1522 3455; x_wconf 70' lang='lat' dir='ltr'><strong>niderun-</strong></span> <span class='ocrx_word' id='word_1_564' title='bbox 1544 3382 1599 3444; x_wconf 88' lang='lat' dir='ltr'><strong>sed</strong></span> <span class='ocrx_word' id='word_1_565' title='bbox 1616 3385 1664 3444; x_wconf 88' lang='lat' dir='ltr'><strong>esi</strong></span> <span class='ocrx_word' id='word_1_566' title='bbox 1678 3381 1781 3447; x_wconf 89' lang='lat' dir='ltr'><strong>habite</strong></span> <span class='ocrx_word' id='word_1_567' title='bbox 1795 3381 1827 3443; x_wconf 94' lang='lat' dir='ltr'><strong>in</strong></span> <span class='ocrx_word' id='word_1_568' title='bbox 1842 3382 1950 3444; x_wconf 85' lang='lat' dir='ltr'><strong>idone·</strong></span> 
     </span>
     <span class='ocr_line' id='line_1_95' title="bbox 1081 3461 1952 3542; baseline -0.002 -16"><span class='ocrx_word' id='word_1_569' title='bbox 1081 3465 1176 3527; x_wconf 93' lang='lat' dir='ltr'><strong>sterio</strong></span> <span class='ocrx_word' id='word_1_570' title='bbox 1191 3465 1308 3542; x_wconf 85' lang='lat' dir='ltr'><strong>aliquo,</strong></span> <span class='ocrx_word' id='word_1_571' title='bbox 1323 3469 1355 3524; x_wconf 92' lang='lat' dir='ltr'><strong>ul</strong></span> <span class='ocrx_word' id='word_1_572' title='bbox 1366 3479 1404 3522; x_wconf 80' lang='lat' dir='ltr'><strong>ex</strong></span> <span class='ocrx_word' id='word_1_573' title='bbox 1415 3461 1504 3523; x_wconf 88' lang='lat' dir='ltr'><strong>initio</strong></span> <span class='ocrx_word' id='word_1_574' title='bbox 1516 3462 1734 3538; x_wconf 87' lang='lat' dir='ltr'><strong>disputationis</strong></span> <span class='ocrx_word' id='word_1_575' title='bbox 1746 3462 1878 3541; x_wconf 76' lang='lat' dir='ltr'><strong>intelligi</strong></span> <span class='ocrx_word' id='word_1_576' title='bbox 1893 3479 1952 3541; x_wconf 93' lang='lat' dir='ltr'><strong>po·</strong></span> 
     </span>
     <span class='ocr_line' id='line_1_96' title="bbox 1085 3543 1951 3622; baseline -0.001 -14"><span class='ocrx_word' id='word_1_577' title='bbox 1085 3553 1157 3608; x_wconf 87' lang='lat' dir='ltr'><strong>test:</strong></span> <span class='ocrx_word' id='word_1_578' title='bbox 1176 3559 1277 3618; x_wconf 76' lang='lat' dir='ltr'><strong>neque</strong></span> <span class='ocrx_word' id='word_1_579' title='bbox 1292 3550 1342 3610; x_wconf 85' lang='lat' dir='ltr'><strong>ast</strong></span> <span class='ocrx_word' id='word_1_580' title='bbox 1355 3543 1456 3610; x_wconf 88' lang='lat' dir='ltr'><strong>habita</strong></span> <span class='ocrx_word' id='word_1_581' title='bbox 1477 3547 1602 3621; x_wconf 89' lang='lat' dir='ltr'><strong>proprie</strong></span> <span class='ocrx_word' id='word_1_582' title='bbox 1623 3561 1691 3608; x_wconf 90' lang='lat' dir='ltr'><strong>oum</strong></span> <span class='ocrx_word' id='word_1_583' title='bbox 1708 3544 1777 3622; x_wconf 90' lang='lat' dir='ltr'><strong>ipso</strong></span> <span class='ocrx_word' id='word_1_584' title='bbox 1791 3545 1874 3617; x_wconf 90' lang='lat' dir='ltr'><strong>Ario,</strong></span> <span class='ocrx_word' id='word_1_585' title='bbox 1890 3545 1951 3607; x_wconf 89' lang='lat' dir='ltr'><strong>sed</strong></span> 
     </span>
     <span class='ocr_line' id='line_1_97' title="bbox 1087 3624 1952 3703; baseline 0 -15"><span class='ocrx_word' id='word_1_586' title='bbox 1087 3644 1158 3688; x_wconf 83' lang='lat' dir='ltr'><strong>cnm</strong></span> <span class='ocrx_word' id='word_1_587' title='bbox 1181 3628 1284 3703; x_wconf 84' lang='lat' dir='ltr'><strong>aliquo</strong></span> <span class='ocrx_word' id='word_1_588' title='bbox 1306 3627 1374 3686; x_wconf 89' lang='lat' dir='ltr'><strong>eius</strong></span> <span class='ocrx_word' id='word_1_589' title='bbox 1396 3624 1561 3703; x_wconf 92' lang='lat' dir='ltr'><strong>discipulo,</strong></span> <span class='ocrx_word' id='word_1_590' title='bbox 1588 3631 1621 3686; x_wconf 93' lang='lat' dir='ltr'><strong>ut</strong></span> <span class='ocrx_word' id='word_1_591' title='bbox 1635 3627 1834 3703; x_wconf 87' lang='lat' dir='ltr'><strong>perspicuum</strong></span> <span class='ocrx_word' id='word_1_592' title='bbox 1849 3632 1896 3688; x_wconf 83' lang='lat' dir='ltr'><strong>ast</strong></span> <span class='ocrx_word' id='word_1_593' title='bbox 1910 3642 1952 3688; x_wconf 86' lang='lat' dir='ltr'><strong>ex</strong></span> 
     </span>
     <span class='ocr_line' id='line_1_98' title="bbox 1085 3702 1951 3786; baseline -0.002 -16"><span class='ocrx_word' id='word_1_594' title='bbox 1085 3706 1170 3770; x_wconf 91' lang='lat' dir='ltr'><strong>lllios</strong></span> <span class='ocrx_word' id='word_1_595' title='bbox 1184 3706 1300 3783; x_wconf 80' lang='lat' dir='ltr'><strong>serbis,</strong></span> <span class='ocrx_word' id='word_1_596' title='bbox 1324 3702 1525 3786; x_wconf 84' lang='lat' dir='ltr'><strong>[Derepenta</strong></span> <span class='ocrx_word' id='word_1_597' title='bbox 1547 3705 1662 3779; x_wconf 89' lang='lat' dir='ltr'><strong>radice,</strong></span> <span class='ocrx_word' id='word_1_598' title='bbox 1686 3705 1807 3769; x_wconf 84' lang='lat' dir='ltr'><strong>christo</strong></span> <span class='ocrx_word' id='word_1_599' title='bbox 1829 3707 1951 3768; x_wconf 83' lang='lat' dir='ltr'><strong>inimici</strong></span> 
     </span>
     <span class='ocr_line' id='line_1_99' title="bbox 1081 3787 1947 3869; baseline -0.007 -16"><span class='ocrx_word' id='word_1_600' title='bbox 1081 3791 1156 3865; x_wconf 92' lang='lat' dir='ltr'><strong>Arii,</strong></span> <span class='ocrx_word' id='word_1_601' title='bbox 1174 3788 1276 3852; x_wconf 87' lang='lat' dir='ltr'><strong>bellua</strong></span> <span class='ocrx_word' id='word_1_602' title='bbox 1293 3791 1352 3850; x_wconf 87' lang='lat' dir='ltr'><strong>sub</strong></span> <span class='ocrx_word' id='word_1_603' title='bbox 1376 3789 1506 3849; x_wconf 89' lang='lat' dir='ltr'><strong>humano</strong></span> <span class='ocrx_word' id='word_1_604' title='bbox 1529 3787 1637 3863; x_wconf 87' lang='lat' dir='ltr'><strong>specie</strong></span> <span class='ocrx_word' id='word_1_605' title='bbox 1659 3788 1695 3850; x_wconf 93' lang='lat' dir='ltr'><strong>ad</strong></span> <span class='ocrx_word' id='word_1_606' title='bbox 1713 3803 1770 3852; x_wconf 88' lang='lat' dir='ltr'><strong>nus</strong></span> <span class='ocrx_word' id='word_1_607' title='bbox 1785 3788 1916 3850; x_wconf 87' lang='lat' dir='ltr'><strong>insiluit.</strong></span> <span class='ocrx_word' id='word_1_608' title='bbox 1934 3787 1947 3869; x_wconf 82' lang='lat' dir='ltr'><strong>l</strong></span> 
     </span>
     <span class='ocr_line' id='line_1_100' title="bbox 1080 3867 1951 3949; baseline -0.001 -15"><span class='ocrx_word' id='word_1_609' title='bbox 1080 3871 1186 3949; x_wconf 82' lang='lat' dir='ltr'><strong>iisqne</strong></span> <span class='ocrx_word' id='word_1_610' title='bbox 1200 3869 1313 3942; x_wconf 88' lang='lat' dir='ltr'><strong>obstat,</strong></span> <span class='ocrx_word' id='word_1_611' title='bbox 1338 3868 1422 3942; x_wconf 87' lang='lat' dir='ltr'><strong>oood</strong></span> <span class='ocrx_word' id='word_1_612' title='bbox 1445 3874 1564 3945; x_wconf 88' lang='lat' dir='ltr'><strong>postea,</strong></span> <span class='ocrx_word' id='word_1_613' title='bbox 1587 3869 1639 3946; x_wconf 76' lang='grc' dir='ltr'><strong>(ιυί</strong></span> <span class='ocrx_word' id='word_1_614' title='bbox 1662 3867 1806 3946; x_wconf 87' lang='lat' dir='ltr'><strong>disputat,</strong></span> <span class='ocrx_word' id='word_1_615' title='bbox 1829 3869 1951 3932; x_wconf 85' lang='lat' dir='ltr'><strong>dicatur</strong></span> 
     </span>
     <span class='ocr_line' id='line_1_101' title="bbox 1080 3949 1950 4028; baseline -0.002 -14"><span class='ocrx_word' id='word_1_616' title='bbox 1080 3953 1184 4014; x_wconf 87' lang='lat' dir='ltr'><strong>Ariosr</strong></span> <span class='ocrx_word' id='word_1_617' title='bbox 1198 3949 1320 4028; x_wconf 90' lang='lat' dir='ltr'><strong>ponitur</strong></span> <span class='ocrx_word' id='word_1_618' title='bbox 1331 3951 1414 4012; x_wconf 88' lang='lat' dir='ltr'><strong>enim</strong></span> <span class='ocrx_word' id='word_1_619' title='bbox 1428 3950 1529 4019; x_wconf 88' lang='lat' dir='ltr'><strong>Arios,</strong></span> <span class='ocrx_word' id='word_1_620' title='bbox 1541 3965 1609 4027; x_wconf 91' lang='lat' dir='ltr'><strong>pro,</strong></span> <span class='ocrx_word' id='word_1_621' title='bbox 1624 3949 1766 4012; x_wconf 84' lang='lat' dir='ltr'><strong>Arianos:</strong></span> <span class='ocrx_word' id='word_1_622' title='bbox 1780 3966 1842 4024; x_wconf 87' lang='lat' dir='ltr'><strong>nuc</strong></span> <span class='ocrx_word' id='word_1_623' title='bbox 1854 3952 1950 4012; x_wconf 92' lang='lat' dir='ltr'><strong>modo</strong></span> 
     </span>
     <span class='ocr_line' id='line_1_102' title="bbox 1081 4031 1948 4108; baseline 0.001 -15"><span class='ocrx_word' id='word_1_624' title='bbox 1081 4032 1112 4094; x_wconf 91' lang='lat' dir='ltr'><strong>ln</strong></span> <span class='ocrx_word' id='word_1_625' title='bbox 1129 4034 1236 4094; x_wconf 86' lang='lat' dir='ltr'><strong>eadem</strong></span> <span class='ocrx_word' id='word_1_626' title='bbox 1251 4031 1471 4107; x_wconf 86' lang='lat' dir='ltr'><strong>disputatione.</strong></span> <span class='ocrx_word' id='word_1_627' title='bbox 1497 4045 1557 4090; x_wconf 92' lang='lat' dir='ltr'><strong>non</strong></span> <span class='ocrx_word' id='word_1_628' title='bbox 1581 4032 1679 4094; x_wconf 86' lang='lat' dir='ltr'><strong>semel</strong></span> <span class='ocrx_word' id='word_1_629' title='bbox 1693 4033 1817 4108; x_wconf 90' lang='lat' dir='ltr'><strong>ponitur</strong></span> <span class='ocrx_word' id='word_1_630' title='bbox 1831 4047 1948 4096; x_wconf 89' lang='lat' dir='ltr'><strong>nomen</strong></span> 
     </span>
     <span class='ocr_line' id='line_1_103' title="bbox 1082 4111 1949 4190; baseline -0.002 -14"><span class='ocrx_word' id='word_1_631' title='bbox 1082 4115 1208 4183; x_wconf 84' lang='lat' dir='ltr'><strong>Sabelli,</strong></span> <span class='ocrx_word' id='word_1_632' title='bbox 1225 4129 1280 4190; x_wconf 91' lang='lat' dir='ltr'><strong>pro</strong></span> <span class='ocrx_word' id='word_1_633' title='bbox 1296 4113 1422 4176; x_wconf 93' lang='lat' dir='ltr'><strong>nomine</strong></span> <span class='ocrx_word' id='word_1_634' title='bbox 1437 4111 1617 4174; x_wconf 88' lang='lat' dir='ltr'><strong>Sabelliani.</strong></span> <span class='ocrx_word' id='word_1_635' title='bbox 1640 4111 1745 4174; x_wconf 87' lang='lat' dir='ltr'><strong>Utrum</strong></span> <span class='ocrx_word' id='word_1_636' title='bbox 1762 4115 1839 4176; x_wconf 90' lang='lat' dir='ltr'><strong>haec</strong></span> <span class='ocrx_word' id='word_1_637' title='bbox 1854 4113 1949 4176; x_wconf 84' lang='lat' dir='ltr'><strong>luerit</strong></span> 
     </span>
     <span class='ocr_line' id='line_1_104' title="bbox 1081 4193 1951 4272; baseline 0 -16"><span class='ocrx_word' id='word_1_638' title='bbox 1081 4211 1152 4256; x_wconf 86' lang='lat' dir='ltr'><strong>vera</strong></span> <span class='ocrx_word' id='word_1_639' title='bbox 1168 4194 1347 4271; x_wconf 89' lang='lat' dir='ltr'><strong>disputatio,</strong></span> <span class='ocrx_word' id='word_1_640' title='bbox 1363 4208 1402 4257; x_wconf 90' lang='lat' dir='ltr'><strong>an</strong></span> <span class='ocrx_word' id='word_1_641' title='bbox 1418 4193 1564 4270; x_wconf 72' lang='lat' dir='ltr'><strong>dialogus</strong></span> <span class='ocrx_word' id='word_1_642' title='bbox 1583 4197 1778 4272; x_wconf 89' lang='lat' dir='ltr'><strong>conscriptus</strong></span> <span class='ocrx_word' id='word_1_643' title='bbox 1794 4195 1824 4255; x_wconf 92' lang='lat' dir='ltr'><strong>in</strong></span> <span class='ocrx_word' id='word_1_644' title='bbox 1842 4208 1951 4271; x_wconf 88' lang='lat' dir='ltr'><strong>perso·</strong></span> 
     </span>
    </p>
   </div>
   <div class='ocr_carea' id='block_1_11' title="bbox 1059 4273 1949 4347">
    <p class='ocr_par' dir='ltr' id='par_1_42' title="bbox 1059 4273 1949 4347">
     <span class='ocr_line' id='line_1_105' title="bbox 1059 4273 1949 4347; baseline -0.002 -9"><span class='ocrx_word' id='word_1_645' title='bbox 1059 4309 1062 4314; x_wconf 92' lang='lat'>·</span> <span class='ocrx_word' id='word_1_646' title='bbox 1082 4292 1152 4338; x_wconf 91' lang='lat' dir='ltr'><strong>nam</strong></span> <span class='ocrx_word' id='word_1_647' title='bbox 1169 4275 1340 4346; x_wconf 87' lang='lat' dir='ltr'><strong>Athanasii,</strong></span> <span class='ocrx_word' id='word_1_648' title='bbox 1358 4280 1387 4335; x_wconf 90' lang='lat' dir='ltr'><strong>ei</strong></span> <span class='ocrx_word' id='word_1_649' title='bbox 1401 4275 1534 4336; x_wconf 90' lang='lat' dir='ltr'><strong>alicuius</strong></span> <span class='ocrx_word' id='word_1_650' title='bbox 1557 4273 1673 4347; x_wconf 86' lang='lat' dir='ltr'><strong>Ariani;</strong></span> <span class='ocrx_word' id='word_1_651' title='bbox 1693 4283 1723 4336; x_wconf 91' lang='lat' dir='ltr'><strong>et</strong></span> <span class='ocrx_word' id='word_1_652' title='bbox 1740 4282 1839 4338; x_wconf 90' lang='lat' dir='ltr'><strong>uirum</strong></span> <span class='ocrx_word' id='word_1_653' title='bbox 1855 4277 1895 4336; x_wconf 91' lang='lat' dir='ltr'><strong>sit</strong></span> <span class='ocrx_word' id='word_1_654' title='bbox 1909 4277 1949 4336; x_wconf 89' lang='lat' dir='ltr'><strong>ab</strong></span> 
     </span>
    </p>
   </div>
   <div class='ocr_carea' id='block_1_12' title="bbox 1081 4355 1946 4517">
    <p class='ocr_par' dir='ltr' id='par_1_43' title="bbox 1081 4355 1946 4517">
     <span class='ocr_line' id='line_1_106' title="bbox 1081 4355 1946 4517; baseline -0.001 -98"><span class='ocrx_word' id='word_1_655' title='bbox 1081 4355 1263 4517; x_wconf 50' lang='lat' dir='ltr'><strong>ssthgp&#39;asio,</strong></span> <span class='ocrx_word' id='word_1_656' title='bbox 1279 4373 1318 4424; x_wconf 88' lang='lat' dir='ltr'><strong>ao</strong></span> <span class='ocrx_word' id='word_1_657' title='bbox 1335 4355 1373 4424; x_wconf 83' lang='lat' dir='ltr'><strong>ult</strong></span> <span class='ocrx_word' id='word_1_658' title='bbox 1388 4357 1448 4419; x_wconf 89' lang='lat' dir='ltr'><strong>alio</strong></span> <span class='ocrx_word' id='word_1_659' title='bbox 1463 4355 1611 4434; x_wconf 83' lang='lat' dir='ltr'><strong>scriptus,</strong></span> <span class='ocrx_word' id='word_1_660' title='bbox 1628 4371 1690 4424; x_wconf 89' lang='lat' dir='ltr'><strong>oon</strong></span> <span class='ocrx_word' id='word_1_661' title='bbox 1707 4357 1797 4420; x_wconf 89' lang='lat' dir='ltr'><strong>laoile</strong></span> <span class='ocrx_word' id='word_1_662' title='bbox 1813 4356 1946 4420; x_wconf 84' lang='lat' dir='ltr'><strong>iudicari</strong></span> 
     </span>
     <span class='ocr_line' id='line_1_107' title="bbox 1106 4457 1536 4503; baseline -0.002 -26"><span class='ocrx_word' id='word_1_663' title='bbox 1106 4457 1125 4500; x_wconf 74' lang='lat'>0</span> <span class='ocrx_word' id='word_1_664' title='bbox 1189 4483 1197 4503; x_wconf 52' lang='grc'><strong>,</strong></span> <span class='ocrx_word' id='word_1_665' title='bbox 1533 4469 1536 4476; x_wconf 93' lang='grc'>,</span> 
     </span>
    </p>
   </div>
   <div class='ocr_carea' id='block_1_13' title="bbox 1390 4583 1745 4674">
    <p class='ocr_par' dir='ltr' id='par_1_44' title="bbox 1390 4583 1745 4674">
     <span class='ocr_line' id='line_1_108' title="bbox 1390 4583 1745 4674; baseline 0 -14"><span class='ocrx_word' id='word_1_666' title='bbox 1390 4600 1489 4664; x_wconf 72' lang='lat' dir='ltr'><strong>‚lomi</strong></span> <span class='ocrx_word' id='word_1_667' title='bbox 1505 4597 1621 4674; x_wconf 80' lang='lat' dir='ltr'><strong>Quarti:</strong></span> <span class='ocrx_word' id='word_1_668' title='bbox 1741 4583 1745 4588; x_wconf 66' lang='grc'><strong>’</strong></span> 
     </span>
    </p>
   </div>
   <div class='ocr_carea' id='block_1_14' title="bbox 1124 4758 1873 5574">
    <p class='ocr_par' dir='ltr' id='par_1_45' title="bbox 1124 4758 1787 4838">
     <span class='ocr_line' id='line_1_109' title="bbox 1124 4758 1787 4838; baseline -0.003 -14"><span class='ocrx_word' id='word_1_669' title='bbox 1124 4762 1329 4836; x_wconf 81' lang='lat' dir='ltr'><strong>Quaestiones</strong></span> <span class='ocrx_word' id='word_1_670' title='bbox 1344 4762 1382 4823; x_wconf 88' lang='lat' dir='ltr'><strong>ad</strong></span> <span class='ocrx_word' id='word_1_671' title='bbox 1397 4761 1583 4824; x_wconf 88' lang='lat' dir='ltr'><strong>Antiochum</strong></span> <span class='ocrx_word' id='word_1_672' title='bbox 1600 4758 1787 4838; x_wconf 79' lang='lat' dir='ltr'><strong>Principem.</strong></span> 
     </span>
    </p>

    <p class='ocr_par' dir='ltr' id='par_1_46' title="bbox 1126 4842 1659 4920">
     <span class='ocr_line' id='line_1_110' title="bbox 1126 4842 1659 4920; baseline -0.006 -15"><span class='ocrx_word' id='word_1_673' title='bbox 1126 4845 1169 4905; x_wconf 89' lang='lat' dir='ltr'><strong>llo</strong></span> <span class='ocrx_word' id='word_1_674' title='bbox 1184 4843 1418 4906; x_wconf 88' lang='lat' dir='ltr'><strong>delinillonibas</strong></span> <span class='ocrx_word' id='word_1_675' title='bbox 1433 4842 1642 4920; x_wconf 77' lang='lat' dir='ltr'><strong>Theologicis.</strong></span> <span class='ocrx_word' id='word_1_676' title='bbox 1657 4871 1659 4876; x_wconf 96' lang='lat'>·</span> 
     </span>
    </p>

    <p class='ocr_par' dir='ltr' id='par_1_47' title="bbox 1125 4922 1807 5078">
     <span class='ocr_line' id='line_1_111' title="bbox 1125 4922 1807 5002; baseline -0.001 -17"><span class='ocrx_word' id='word_1_677' title='bbox 1125 4924 1298 5002; x_wconf 82' lang='lat' dir='ltr'><strong>Disputatio</strong></span> <span class='ocrx_word' id='word_1_678' title='bbox 1315 4941 1384 4988; x_wconf 92' lang='lat' dir='ltr'><strong>cum</strong></span> <span class='ocrx_word' id='word_1_679' title='bbox 1400 4925 1471 4986; x_wconf 84' lang='lat' dir='ltr'><strong>Ario</strong></span> <span class='ocrx_word' id='word_1_680' title='bbox 1485 4925 1676 4992; x_wconf 81' lang='lat' dir='ltr'><strong>Laediauaae</strong></span> <span class='ocrx_word' id='word_1_681' title='bbox 1691 4922 1807 4986; x_wconf 88' lang='lat' dir='ltr'><strong>habita.</strong></span> 
     </span>
     <span class='ocr_line' id='line_1_112' title="bbox 1126 5005 1549 5078; baseline 0.005 -14"><span class='ocrx_word' id='word_1_682' title='bbox 1126 5005 1300 5078; x_wconf 70' lang='lat' dir='ltr'><strong>Exhortatio</strong></span> <span class='ocrx_word' id='word_1_683' title='bbox 1315 5007 1352 5070; x_wconf 89' lang='lat' dir='ltr'><strong>ad</strong></span> <span class='ocrx_word' id='word_1_684' title='bbox 1369 5005 1549 5070; x_wconf 87' lang='lat' dir='ltr'><strong>llonrohos.</strong></span> 
     </span>
    </p>

    <p class='ocr_par' dir='ltr' id='par_1_48' title="bbox 1129 5086 1640 5163">
     <span class='ocr_line' id='line_1_113' title="bbox 1129 5086 1640 5163; baseline 0 -15"><span class='ocrx_word' id='word_1_685' title='bbox 1129 5086 1171 5149; x_wconf 85' lang='lat' dir='ltr'><strong>lle</strong></span> <span class='ocrx_word' id='word_1_686' title='bbox 1186 5087 1334 5152; x_wconf 84' lang='lat' dir='ltr'><strong>Passieno</strong></span> <span class='ocrx_word' id='word_1_687' title='bbox 1348 5087 1490 5163; x_wconf 80' lang='lat' dir='ltr'><strong>imaginis</strong></span> <span class='ocrx_word' id='word_1_688' title='bbox 1506 5086 1640 5148; x_wconf 84' lang='lat' dir='ltr'><strong>Domini.</strong></span> 
     </span>
    </p>

    <p class='ocr_par' dir='ltr' id='par_1_49' title="bbox 1127 5168 1608 5245">
     <span class='ocr_line' id='line_1_114' title="bbox 1127 5168 1608 5245; baseline 0.004 -17"><span class='ocrx_word' id='word_1_689' title='bbox 1127 5169 1171 5228; x_wconf 90' lang='lat' dir='ltr'><strong>Ad</strong></span> <span class='ocrx_word' id='word_1_690' title='bbox 1186 5168 1321 5231; x_wconf 79' lang='lat' dir='ltr'><strong>heroum</strong></span> <span class='ocrx_word' id='word_1_691' title='bbox 1335 5168 1447 5245; x_wconf 85' lang='lat' dir='ltr'><strong>Papam</strong></span> <span class='ocrx_word' id='word_1_692' title='bbox 1463 5168 1608 5244; x_wconf 85' lang='lat' dir='ltr'><strong>epistula.</strong></span> 
     </span>
    </p>

    <p class='ocr_par' dir='ltr' id='par_1_50' title="bbox 1125 5249 1525 5330">
     <span class='ocr_line' id='line_1_115' title="bbox 1125 5249 1525 5330; baseline 0.01 -22"><span class='ocrx_word' id='word_1_693' title='bbox 1125 5249 1216 5310; x_wconf 86' lang='lat' dir='ltr'><strong>llaroi</strong></span> <span class='ocrx_word' id='word_1_694' title='bbox 1235 5249 1332 5330; x_wconf 78' lang='lat' dir='ltr'><strong>l’npae</strong></span> <span class='ocrx_word' id='word_1_695' title='bbox 1349 5249 1525 5328; x_wconf 87' lang='lat' dir='ltr'><strong>responsio.</strong></span> 
     </span>
    </p>

    <p class='ocr_par' dir='ltr' id='par_1_51' title="bbox 1125 5326 1873 5574">
     <span class='ocr_line' id='line_1_116' title="bbox 1125 5326 1873 5409; baseline -0.004 -16"><span class='ocrx_word' id='word_1_696' title='bbox 1125 5332 1169 5393; x_wconf 90' lang='lat' dir='ltr'><strong>Ad</strong></span> <span class='ocrx_word' id='word_1_697' title='bbox 1187 5331 1387 5409; x_wconf 86' lang='lat' dir='ltr'><strong>Serapionem</strong></span> <span class='ocrx_word' id='word_1_698' title='bbox 1404 5333 1443 5392; x_wconf 93' lang='lat' dir='ltr'><strong>de</strong></span> <span class='ocrx_word' id='word_1_699' title='bbox 1458 5336 1567 5394; x_wconf 88' lang='lat' dir='ltr'><strong>sancto</strong></span> <span class='ocrx_word' id='word_1_700' title='bbox 1583 5329 1710 5408; x_wconf 87' lang='lat' dir='ltr'><strong>Spiritu,</strong></span> <span class='ocrx_word' id='word_1_701' title='bbox 1729 5326 1873 5406; x_wconf 87' lang='lat' dir='ltr'><strong>epistola.</strong></span> 
     </span>
     <span class='ocr_line' id='line_1_117' title="bbox 1127 5410 1826 5490; baseline -0.001 -17"><span class='ocrx_word' id='word_1_702' title='bbox 1127 5410 1170 5473; x_wconf 81' lang='lat' dir='ltr'><strong>lla</strong></span> <span class='ocrx_word' id='word_1_703' title='bbox 1188 5415 1270 5474; x_wconf 92' lang='lat' dir='ltr'><strong>unita</strong></span> <span class='ocrx_word' id='word_1_704' title='bbox 1287 5412 1403 5474; x_wconf 82' lang='lat' dir='ltr'><strong>bellate</strong></span> <span class='ocrx_word' id='word_1_705' title='bbox 1419 5411 1588 5484; x_wconf 81' lang='lat' dir='ltr'><strong>Trinitatis,</strong></span> <span class='ocrx_word' id='word_1_706' title='bbox 1605 5411 1674 5476; x_wconf 93' lang='lat' dir='ltr'><strong>libri</strong></span> <span class='ocrx_word' id='word_1_707' title='bbox 1690 5417 1826 5490; x_wconf 88' lang='lat' dir='ltr'><strong>septem.</strong></span> 
     </span>
     <span class='ocr_line' id='line_1_118' title="bbox 1129 5493 1592 5574; baseline 0.004 -20"><span class='ocrx_word' id='word_1_708' title='bbox 1129 5494 1278 5573; x_wconf 77' lang='lat' dir='ltr'><strong>synopsis</strong></span> <span class='ocrx_word' id='word_1_709' title='bbox 1293 5493 1387 5558; x_wconf 88' lang='lat' dir='ltr'><strong>iulius</strong></span> <span class='ocrx_word' id='word_1_710' title='bbox 1402 5493 1592 5574; x_wconf 86' lang='lat' dir='ltr'><strong>Scripturas.</strong></span> 
     </span>
    </p>
   </div>
   <div class='ocr_carea' id='block_1_15' title="bbox 0 0 2007 6228">
    <p class='ocr_par' dir='ltr' id='par_1_52' title="bbox 0 0 2007 6228">
     <span class='ocr_line' id='line_1_119' title="bbox 0 0 2007 6228; baseline 0 0"><span class='ocrx_word' id='word_1_711' title='bbox 0 0 2007 6228; x_wconf 95' lang='lat' dir='ltr'><strong> </strong></span> 
     </span>
    </p>
   </div>
  </div>
 </body>
</html>
