4080 6252
313 275 365 340 462
897 272 943 328 DE
957 271 1052 330 ARTE
1066 273 1163 330 BENE
1177 273 1356 333 bostanni

244 417 302 486 lar,
318 411 363 470 sic
374 413 412 471 nt
427 409 575 490 intelligat
589 410 682 478 bomo
705 407 801 477 dives,
817 423 851 470 se
866 408 936 484 plus
959 407 1101 485 accipere
1148 409 1179 471 S.
1193 409 1328 472 loannes
1340 410 1577 490 chrysostomus
1588 408 1719 470 Homilin
1733 406 1901 486 trigesima
1916 407 2022 480 quarti

245 509 335 570 quam
358 493 448 558 dare:
471 495 511 554 de
527 509 585 570 qua
608 509 640 554 re
656 492 702 554 sic
717 491 853 566 loquitur
865 489 897 554 S.
915 491 1099 567 Gregorius:
1148 493 1185 554 ad
1198 498 1344 571 papulum
1362 495 1606 556 Antiochenam:
1629 493 1803 571 Numquid,
1823 487 1951 566 inquit,
1971 493 2022 546 tua

244 577 378 647 dulium
393 579 438 640 nd
452 576 671 640 edomandam
683 575 795 642 dantis
806 573 995 650 superbiam
1006 575 1100 642 natet,
1145 579 1308 654 possides?
1321 595 1371 640 res
1386 593 1571 656 pauperum
1584 577 1725 638 tibisunt
1736 576 1888 638 creditae
1900 572 1975 633 siae
1988 585 2022 634 cu

243 662 291 724 sic
316 675 390 722 cum
415 663 546 724 terreno
561 659 682 734 tribuit,
699 657 797 719 uerba
812 659 944 722 sollicite
959 657 1103 736 Maqistri
1148 659 1311 724 laboribus
1325 663 1431 733 iustis,
1447 664 1511 724 siue
1523 677 1565 723 em
1577 661 1774 722 haereditate
1786 667 1945 740 paterna
1954 659 2022 733 pasl

243 743 385 821 sociastis
396 753 520 821 pensat,
538 743 596 822 qui
610 745 678 804 ait:
695 740 806 804 Facite
820 741 907 803 nabis
923 741 1042 806 amieos
1063 743 1103 802 dc
1147 747 1267 806 sidens.
1291 745 1420 808 Sanctus
1444 749 1632 824 Arignstinns
1648 743 1789 804 Tractatu
1806 745 1839 805 in
1858 715 2022 888 Psalmunff

238 827 642 905 mammanainiquitntis,
665 830 712 900 ui,
730 839 803 890 curn
818 826 1008 898 defeceritis,
1024 826 1102 886 reci·
1150 825 1219 890 lli.
1246 827 1442 908 superflua,
1458 827 1568 904 lnquit,
1594 828 1697 900 diuiti,
1725 817 1927 889 necessaria
1950 839 2014 885 sun

244 993 399 1060 amicitiis
413 1001 548 1056 aeterua
563 993 777 1058 tabernacula
790 992 1005 1071 acquirimus,
1022 993 1102 1056 dan·
1147 998 1367 1074 possidentur.
1386 996 1416 1058 S.
1435 995 1495 1056 Leo
1511 996 1539 1056 in
1559 995 1707 1057 Sermone
1723 999 1832 1071 quinto
1849 997 1894 1054 de
1920 991 2010 1052 crille

242 914 337 990 piant
349 926 400 972 uos
411 914 449 972 in
461 917 595 972 aeterua
606 910 828 973 tabernacula.
846 907 881 970 Si
893 910 979 970 enim
991 925 1101 970 eorum
1147 915 1304 990 pauperi:
1317 929 1367 973 res
1383 914 1511 975 alienae
1525 913 1742 989 possideatur,
1756 928 1832 973 cum
1844 893 2022 1136 sapenix]

246 1087 290 1142 tes
305 1077 420 1158 prcrut
436 1077 536 1141 dubio
549 1092 688 1156 pensare
705 1075 868 1152 debemus,
893 1079 972 1154 quia
993 1074 1103 1136 Patro·

245 1163 297 1228 nis
308 1162 419 1241 potius
433 1175 574 1223 munera
586 1158 760 1238 offerimus,
778 1176 877 1236 quam
893 1160 1000 1238 eqenis
1016 1160 1104 1222 dona

248 1246 420 1324 larptmur.
437 1241 518 1326 (lib.
535 1241 588 1306 2l.
605 1243 721 1328 Marci,
734 1259 761 1304 c.
780 1243 845 1320 tl.)

288 1327 411 1402 Quinto,
430 1344 508 1405 opus
524 1334 571 1388 est
587 1337 618 1388 ui
633 1326 1039 1406 eleemosynaabnndanter
1055 1325 1102 1384 tri·

244 1411 434 1488 buoturpro
451 1411 542 1473 modo
564 1409 753 1481 tacunarum,
779 1412 824 1472 sic
847 1415 928 1470 enim
946 1410 1035 1472 docet
1050 1409 1105 1468 Το-

244 1495 315 1558 bias
330 1493 464 1572 insignis
480 1494 767 1572 eleemosynarius:
794 1492 859 1570 Quo
875 1495 971 1556 modo
995 1491 1103 1566 innuit,

244 1579 401 1658 pomeria,
418 1579 465 1640 ita
480 1581 544 1638 esto
556 1577 754 1640 misericors.-
769 1577 798 1638 si
812 1579 952 1638 muttum
965 1575 1022 1636 tibi
1037 1576 1105 1650 iue-

243 1664 308 1734 rii,
338 1665 438 1732 etiam
467 1664 624 1740 emipuum
653 1660 785 1722 libenter
810 1661 973 1737 impertiri
999 1659 1104 1720 stude.

244 1744 333 1824 (iob.
350 1740 397 1826 i.)
413 1754 442 1806 ct
456 1744 622 1820 Apostolus
635 1740 680 1823 (2.
698 1743 768 1804 Gor.
786 1738 832 1823 8.)
849 1747 949 1818 docet,
974 1744 1106 1803 eleemo-

245 1844 353 1909 synam
378 1843 449 1890 esse
476 1828 607 1890 dandam
626 1833 657 1886 nt
671 1827 934 1898 benedictionem,
954 1842 1013 1886 nan
1030 1832 1062 1886 ut
1077 1843 1106 1885 a·

244 1911 381 1976 ‚varitiam
398 1929 405 1971 :
423 1918 453 1972 et
468 1911 597 1975 Sanctus
612 1908 748 1971 loannes
761 1908 997 1988 chrysostomus
1009 1911 1105 1968 addit:

243 1995 317 2058 Noa
331 1997 422 2067 darc,
438 1996 496 2062 sed
510 1995 637 2072 copiose
659 1994 751 2069 dare,
776 1994 979 2072 eleemosyna
1001 1999 1057 2054 est.
1071 1991 1107 2052 Et

246 2079 288 2140 in
306 2079 415 2142 eodem
443 2078 591 2139 Sermone
613 2077 713 2146 addit,
727 2091 793 2146 eos,
811 2079 861 2152 qni
877 2077 974 2137 audiri
991 2077 1106 2143 volunt,

246 2177 316 2225 cum
325 2157 1029 2232 becdinunumeraremeibcassecundnm
1040 2175 1106 2219 ma-

248 2261 350 2326 qnam
361 2245 622 2308 misericordiam
634 2252 736 2306 tuam.
751 2241 867 2323 (Serra.
878 2241 928 2303 ix.
942 2247 986 2304 ad
993 2243 1106 2321 popul.

245 2327 414 2406 Anticob.)
427 2328 542 2390 debere
558 2326 647 2390 etiam
663 2326 802 2388 misereri
816 2342 985 2404 pauperum
999 2341 1109 2388 secan·

1149 1082 1218 1155 tatis,
1233 1082 1276 1140 sic
1293 1083 1353 1140 ait:
1372 1081 1528 1141 Terreuae
1544 1085 1572 1139 et
1587 1093 1760 1156 corporeae
1774 1078 1961 1154 facultates
2021 1137 2022 1140 ,

1150 1163 1205 1224 liei
1221 1163 1371 1242 larqitate
1382 1164 1589 1241 proueniunt,
1606 1171 1641 1223 ut
1656 1163 1769 1224 merito
1785 1164 1964 1223 rationem
1977 1145 2022 1220 eol

1148 1263 1223 1309 rum
1238 1249 1447 1326 quaesiturus
1461 1248 1616 1325 adquae
1630 1261 1699 1322 non
1720 1247 1827 1323 maqis
1841 1245 2022 1322 persidem

1150 1333 1194 1392 do
1209 1347 1309 1409 quam
1324 1331 1548 1409 dispensanda
1564 1331 1734 1391 commisit.
1752 1335 1889 1390 Sanctus
1907 1326 2022 1405 Gregc

1151 1414 1213 1474 rins
1231 1430 1260 1473 in
1278 1416 1364 1474 tertia
1381 1422 1465 1487 parte
1486 1413 1649 1474 Pastoralis
1673 1428 1775 1480 curae,
1800 1411 2022 1473 admonitione

1151 1498 1463 1573 vigesimasecunda,
1486 1494 1694 1558 admonendi
1715 1500 1801 1566 sunt,
1827 1495 1947 1566 inquit,
1965 1499 2022 1572 qui

1150 1597 1208 1641 nce
1217 1580 1328 1640 aliena
1341 1581 1855 1657 appetunt.necsualorptuntur,
1866 1578 2015 1638 utsrian

1150 1665 1295 1738 sollicite,
1314 1666 1402 1742 quod
1417 1681 1466 1737 eu,
1485 1665 1523 1724 de
1539 1680 1605 1736 qun
1619 1679 1744 1724 sunaus.
1769 1663 1903 1724 eunetis
1918 1662 2012 1721 lierni

1150 1747 1247 1808 uibus
1274 1756 1360 1807 terra
1386 1747 1567 1807 eornmunis
1584 1755 1639 1810 est.
1664 1752 1692 1806 et
1714 1749 1838 1807 idcirco
1854 1745 2016 1806 alimenti

1153 1846 1280 1909 quoque
1293 1829 1443 1891 omatibus
1466 1831 1680 1890 communiter
1692 1829 1813 1906 profert
1829 1848 1836 1886 :
1854 1833 1888 1888 ei
1911 1829 2011 1889 incas

1152 1929 1224 1975 sitm
1239 1930 1272 1974 se
1282 1915 1469 1974 innoeentes
1479 1919 1609 1990 putant,
1619 1914 1676 1991 qui
1688 1926 1859 1973 commune
1879 1914 1941 1972 liei
1952 1927 2015 1972 mu

1153 2014 1215 2058 nus
1231 1997 1293 2058 sibi
1305 1998 1459 2074 priuatim
1481 1997 1668 2057 vendicant.
1693 1995 2015 2056 SanctusBernardur

1153 2079 1333 2157 inEpistola
1362 2085 1397 2138 ad
1427 2078 1590 2139 llenricuux
1614 2079 1899 2155 archiepiscopum
1926 2078 2016 2139 Seno·

1155 2180 1282 2224 nerrsem
1300 2163 1345 2223 sic
1361 2165 1422 2220 ait:
1442 2161 1587 2224 Nostrum
1604 2169 1659 2234 est,
1675 2175 1838 2238 pauperes
1854 2162 2009 2223 clareant

1154 2249 1241 2332 quod
1266 2244 1443 2325 effunditis,
1462 2247 1555 2306 nobis
1578 2248 1763 2320 crudeliter,
1793 2245 2014 2308 subtrabitur.

1154 2333 1243 2408 quod
1257 2346 1312 2391 uos
1325 2329 1470 2390 inaniter
1482 2330 1680 2406 expenditis.
1696 2329 1979 2392 Sanotns'llrornas
1992 2333 2014 2386 ir

250 2415 322 2476 dum
340 2425 481 2490 magnam
500 2412 731 2489 eleemosinam
747 2425 847 2472 Stam-
1155 2417 1291 2476 secunda
1306 2414 1855 2489 secundaequaestionesexagesima
1869 2419 2015 2476 sextans·

293 2496 463 2567 Postremo,
479 2509 611 2560 necesse
627 2502 675 2554 est
690 2508 787 2571 super
799 2493 900 2554 omnia
917 2491 987 2561 alia,
1012 2501 1043 2552 nt
1058 2493 1108 2567 qui
1148 2504 1250 2558 vneruo
1263 2495 1587 2572 septurailesinqmt
1598 2511 1679 2572 quas
1693 2492 2014 2574 nliqaisuperabun

249 2580 313 2642 ΝΠ
328 2579 431 2640 ⁵³¹l⁰⁵
448 2593 531 2653 ⁸⁵⁵0,
548 2595 583 2639 ³0
599 2577 721 2654 l)erhoc
736 2577 817 2638 bene
832 2576 919 2646 moli,
935 2586 965 2636 nt
979 2576 1109 2654 diligen·
1155 2581 1270 2641 denter
1286 2577 1444 2639 habentur
1455 2593 1497 2641 eac
1509 2578 1657 2640 naturali
1671 2578 1748 2641 lure
1763 2580 1929 2640 debentur
1942 2595 2007 2655 pou

251 2669 297 2724 ¹0¹
322 2662 498 2740 ¹fll³⁵²liels
526 2663 571 2724 rel
600 2677 654 2738 l)er
675 2676 711 2722 ⁵⁰
727 2660 905 2738 Ιθῧθῦἅῡθῑ
921 2659 1108 2732 meditando,
1154 2681 1270 2742 perum
1291 2664 1541 2723 sustentationi:
1567 2672 1595 2720 et
1623 2663 1802 2735 quiaestione
1826 2672 2013 2740 ostrigestm.

250 2747 367 2823 telper
380 2743 521 2806 homines
534 2761 603 2806 rere
617 2743 725 2804 doctos
739 2751 767 2803 et
781 2741 861 2819 pios,
874 2758 912 2803 an
926 2742 1047 2802 diuitiae
1060 2759 1109 2803 su·
1156 2750 1284 2824 septima
1302 2745 1429 2804 articulo
1446 2745 1553 2820 prima,
1578 2743 1744 2818 Dominus,
1762 2747 1873 2822 inquit,
1887 2763 1962 2806 non
1977 2761 2014 2805 so·

252 2843 462 2908 llssslflffissssit'e
478 2829 598 2905 ll⁰SSlss¹
620 2827 738 2902 absque
763 2833 890 2902 l000810
905 2824 1042 2895 retineri,
1059 2834 1112 2885 ant
1156 2831 1223 2891 lum
1239 2831 1398 2890 decimam
1411 2831 1614 2905 parietinam
1629 2831 1741 2889 amnia
1752 2828 2013 2908 superdnapau

251 2911 314 2975 siut
339 2911 517 2974 necessaria
544 2911 662 2972 dandae
685 2909 894 2988 pauperibus:
921 2917 950 2967 et
976 2925 1108 2983 rursum,
1155 2912 1286 2990 peribus
1313 2909 1401 2972 inber
1431 2910 1592 2972 emptam,
1622 2911 1762 2989 Denique
1793 2913 1876 2973 idem
1910 2915 2013 2973 quoq„

250 3010 331 3072 quae
342 2995 618 3072 siniappellandae
631 2992 755 3054 divitiae
768 3005 1110 3068 superuacaneaeauae
1158 2997 1298 3056 scribens
1313 2997 1342 3054 in
1360 3003 1498 3068 quartum
1515 2996 1625 3055 librum
1639 2995 1864 3055 Sententiarum
1879 2999 1919 3056 ad
1934 2997 2011 3069 quiq.

248 3076 556 3142 necessarissimas
571 3076 652 3138 enirn
667 3075 925 3154 potestatalicui
939 3073 1111 3135 mediocres
1158 3091 1216 3140 tarn
1234 3080 1383 3139 decimam
1408 3077 1658 3148 destinationem,
1669 3086 1807 3142 ¹tostinus
1823 3081 1908 3141 banc
1924 3081 2011 3156 ipsam

249 3176 327 3239 apes
343 3177 592 3238 supervacaneae
608 3160 682 3233 sint,
700 3159 784 3220 alteri
801 3157 913 3234 ingens
936 3157 1023 3229 copia
1037 3157 1111 3216 diri·
1157 3179 1225 3224 esse
1240 3161 1408 3223 doctrinam
1422 3177 1615 3221 commanem
1630 3163 2009 3240 omnium'lbeologaram.

250 3245 358 3310 tiaram
375 3244 466 3322 plane
482 3247 656 3306 necessaria
669 3258 739 3303 esse
756 3241 906 3302 videatur.
919 3240 1110 3317 thnoniam
1149 3247 1242 3306 adda
1258 3245 1317 3305 hnc
1331 3244 1511 3320 lacn'quad
1526 3245 1553 3304 si
1570 3245 1640 3322 quis
1663 3244 1738 3306 torte
1761 3247 1956 3307 contendere
1971 3263 2011 3304 rc-

250 3329 433 3405 opuseulnm
460 3326 520 3390 boo
546 3343 647 3389 meum
674 3341 737 3388 non
762 3323 892 3400 requirit
917 3338 974 3383 noc
1001 3327 1111 3400 patitur
1157 3329 1202 3402 lit,
1219 3346 1257 3388 cx
1283 3330 1383 3404 rigore
1404 3325 1486 3387 luris
1510 3341 1569 3388 non
1586 3343 1904 3405 essesnperraeanea
1923 3329 2011 3390 dandi

250 3411 508 3476 Scholasticarnm
524 3411 739 3487 quaestionum
758 3406 971 3483 prolixitatem,
987 3414 1112 3466 annota-
1158 3411 1368 3490 pauperibus:
1388 3418 1486 3469 tamen
1511 3426 1625 3488 negare
1641 3427 1701 3471 non
1720 3413 1832 3487 poterit
1856 3412 2012 3473 saltarum

250 3495 291 3558 bc
305 3492 356 3559 hic
378 3493 513 3556 breviter
535 3498 604 3556 loca
627 3492 852 3568 scripturarum
876 3495 1061 3552 sanctarum.
1079 3497 1108 3549 et
1157 3497 1303 3556 clarina
1319 3493 1349 3554 id
1366 3499 1436 3554 esse
1460 3492 1644 3554 taciendam.
1662 3493 1770 3554 Parum
1796 3504 1900 3556 antem
1930 3497 2013 3556 rator:

251 3577 428 3653 Doctorum,
448 3585 509 3642 run
533 3585 683 3650 veterum,
714 3581 776 3635 rum
794 3575 1014 3644 recentiorum,
1032 3580 1061 3632 et
1079 3572 1110 3633 ti·
1158 3586 1256 3640 utrum
1275 3581 1342 3652 nnis
1360 3594 1395 3638 ex
1411 3575 1532 3636 detecta
1550 3578 1694 3651 institiae,
1712 3587 1763 3638 nni
1776 3579 1903 3641 uatccm
1919 3581 2012 3640 enan-

251 3677 324 3726 nem
338 3661 411 3726 huic
427 3659 627 3740 disputationi
642 3661 810 3730 imponam.
1156 3665 1236 3728 tertis,
1258 3663 1285 3720 in
1301 3662 1472 3738 gebennam
1490 3659 1669 3722 descendat.

293 3745 370 3807 Loco
386 3744 562 3822 Scripturas
578 3749 661 3815 sunt,
685 3738 826 3802 Matthaei
844 3745 951 3800 sextos
974 3740 1042 3800 don
1056 3756 1110 3814 pa·

252 3829 337 3890 testis
350 3826 414 3889 lieo
428 3828 549 3890 seruire
562 3834 591 3888 ei
601 3839 808 3888 mammonae
823 3822 921 3882 Lucae
936 3825 1035 3888 tertio:
1052 3819 1111 3896 Qui

252 3909 346 3974 babet
361 3914 445 3974 duas
459 3911 599 3980 tunicas,
617 3911 670 3972 det
683 3923 753 3970 mou
765 3906 918 3972 babenti:
936 3913 965 3966 et
980 3907 1038 3984 qai
1053 3907 1109 3966 ba·

252 3993 302 4058 bel
316 4011 416 4071 estas,
433 3993 582 4057 similiter
596 3993 709 4069 [aciat.
726 3990 827 4052 Lucae
840 3989 1023 4052 duodecimo
1036 3990 1108 4051 dici-

254 4086 303 4140 tur
317 4080 401 4140 diviti
419 4077 544 4139 babenti
561 4078 652 4138 mulla
669 4074 762 4145 bona,
786 4077 819 4134 nt
834 4072 879 4133 rix
903 4071 996 4132 sciret
1011 4072 1060 4133 ubi
1076 4091 1108 4132 ea

252 4170 430 4240 reponeret:
445 4161 556 4230 Stulte,
573 4161 633 4222 bac
647 4165 740 4220 nocte
755 4159 903 4218 animaru
919 4163 1008 4216 tuam
1022 4173 1110 4233 repe·

252 4251 319 4310 lant
333 4263 355 4308 a
369 4253 409 4308 te.
427 4243 510 4318 Quae
527 4245 618 4304 rerba
634 4242 679 4304 sic
692 4241 817 4316 exponit
833 4239 864 4301 S.
880 4239 1067 4316 Augustinus
1081 4242 1109 4300 in

251 4330 330 4392 libro
345 4329 561 4408 quinquesimo
577 4325 790 4395 llamiliarum,
816 4322 943 4384 llnmilla
967 4332 1108 4399 septima,

252 4420 285 4476 nt
300 4413 352 4475 ille
367 4412 454 4474 dites
470 4411 596 4488 perierit
607 4413 637 4471 in
655 4416 827 4482 aeternum,
843 4407 911 4485 quia
929 4421 1109 4482 superiaci·

252 4512 328 4559 neas
343 4511 419 4574 opes
435 4495 605 4557 retinuerit.
1198 4485 1361 4561 Explicatis
1384 4481 1546 4543 uirtutibus
1571 4477 1771 4554 praecipuis,
1799 4492 1880 4552 quae
1905 4473 2010 4535 docent

293 4579 372 4642 Loca
389 4578 569 4642 Sanctorum
592 4576 714 4638 Parrum
739 4573 903 4650 praecipua
926 4572 1003 4633 haec
1026 4581 1108 4632 sunt.
1155 4565 1345 4641 artem'bcne
1362 4563 1482 4625 vivendi
1497 4611 1504 4636 ,
1521 4563 1672 4625 addemus
1689 4577 1770 4621 nunc
1793 4575 1892 4636 pauca
1910 4574 1950 4618 ex
1964 4559 2008 4616 du·

252 4663 286 4726 S.
301 4663 434 4726 Basilius
455 4661 486 4724 in
511 4659 656 4724 Oratione
673 4659 709 4719 ad
725 4658 850 4730 diuites,
863 4655 911 4725 At,
935 4664 980 4722 tu,
999 4659 1109 4732 inquit,
1156 4652 1250 4715 ctrina
1269 4649 1535 4712 sacramentorum
1551 4695 1558 4720 ,
1577 4662 1654 4722 qnae
1670 4659 1732 4704 uon
1749 4643 1853 4704 nunus
1869 4641 2006 4701 adiutam

251 4760 359 4810 nonne
374 4745 587 4824 spoliatores,
602 4743 661 4821 qui
675 4757 759 4820 quac
775 4742 1002 4818 dispensanda
1025 4755 1112 4800 aece-
1156 4745 1191 4796 ad
1206 4735 1344 4794 anaidem
1359 4739 1451 4792 artem
1471 4732 1549 4790 bene
1566 4727 1685 4790 visendi
1701 4725 1834 4788 feliciter
1848 4724 2008 4784 addiscen-

248 4832 338 4910 pisti,
353 4830 490 4909 propria
504 4826 663 4906 reputas?
679 4832 709 4886 et
725 4825 815 4900 paulo
831 4829 922 4897 past:
943 4820 1109 4898 Quartana.
1158 4821 1239 4880 darn.
1256 4817 1452 4879 Sacramenta
1468 4831 1483 4872 a
1498 4812 1618 4876 Cbristo
1633 4811 1765 4872 Domino
1786 4809 1948 4876 instituta,
1970 4819 2009 4866 se·

253 4920 362 4988 inquit,
379 4919 423 4974 tot
435 4911 634 4991 pauperibus
649 4908 811 4970 iniuriam
824 4908 917 4982 iacis,
934 4908 1020 4984 quod
1032 4907 1111 4968 dare
1159 4912 1240 4978 ptem
1254 4906 1462 4970 audiaantur,
1475 4896 1661 4973 Baptismus,
1675 4890 1883 4954 conbrmano.
1900 4889 2010 4950 Eucha-

251 4996 426 5060 uuleres.S.
438 4997 619 5058 Ambrosias
632 4991 782 5054 Sermone
794 4989 983 5067 octogesima
999 4989 1108 5063 primu,
1159 4987 1253 5058 risile,
1270 4981 1474 5055 Paenitentia,
1492 4979 1584 5058 orda,
1609 4975 1846 5042 Matrimonium,
1874 4973 2006 5036 Extrema

255 5079 349 5158 Quia,
363 5081 462 5158 inquit
475 5081 636 5142 iniustum
651 5082 706 5150 cst,
720 5077 749 5135 si
764 5091 838 5138 cum
853 5074 964 5134 atiena
980 5089 1046 5132 rison
1061 5074 1109 5131 in·
1159 5070 1273 5130 strictio.
1288 5065 1371 5139 Quae
1388 5072 1458 5124 sunt
1473 5063 1575 5126 ueluti
1591 5063 1793 5124 instrumenta
1811 5057 1930 5123 ditias.
1954 5055 2011 5132 qui·

252 5165 374 5228 andam
396 5164 532 5244 propria
553 5161 725 5239 diliqerttar
738 5174 861 5222 sarnam
872 5156 888 5214 ‘i
905 5155 927 5218 0
942 5154 1110 5231 irupndens
1158 5155 1214 5214 bns
1232 5153 1323 5212 ntitnr
1339 5151 1420 5210 deus
1433 5164 1486 5222 per
1500 5146 1705 5207 ministerium
1718 5157 1880 5206 serrorum
1894 5155 2010 5202 suorum

253 5245 395 5312 dictum!
410 5246 545 5324 Propria
561 5243 669 5307 diois?
683 5241 795 5319 quae?
811 5240 906 5300 intra:
923 5239 1112 5300 Noctuinus
1160 5240 1196 5296 ad
1214 5235 1337 5313 gratiani
1354 5231 1486 5290 divinam
1503 5228 1736 5299 conferendam,
1759 5226 1805 5286 rel
1830 5225 2010 5300 aagendam,

253 5341 298 5395 est
312 5331 458 5394 criminis
475 5345 575 5408 quam
590 5326 721 5390 babenti
736 5325 845 5386 tollere
861 5337 936 5384 curn
956 5325 1069 5399 possis.
1086 5330 1112 5380 et
1162 5321 1206 5380 νηὶ
1222 5313 1441 5379 restituendam
1460 5332 1468 5383 ;
1485 5319 1517 5372 ut
1534 5313 1676 5374 bamines
1698 5307 1823 5370 liberari
1838 5325 1856 5370 a
1872 5309 2009 5371 sarritur

253 5415 401 5479 abundes
424 5409 643 5488 indiqentibus
667 5412 840 5486 donaparc.
864 5405 895 5468 S.
911 5405 1114 5483 Hieronymus
1161 5402 1286 5477 diaboli,
1305 5407 1334 5458 et
1350 5398 1485 5457 translati
1503 5397 1540 5456 ad
1558 5397 1705 5456 bonorem
1730 5391 1862 5454 aliarum
1889 5391 1965 5466 Dei,
1981 5391 2010 5450 ab

252 5496 437 5576 inlllpistola
450 5497 485 5556 ad
501 5494 659 5556 Hedibiam
673 5492 854 5568 quaestione
867 5487 1110 5566 primasiplus,
1161 5484 1382 5548 beatitudinem
1413 5481 1632 5554 sempiternam
1655 5493 1724 5538 cum
1748 5475 1877 5553 dapalis
1902 5473 2007 5564 sanetis

254 5577 588 5659 inquit,babes,qnam
599 5576 657 5640 tibi
671 5577 715 5640 ad
727 5578 846 5638 uictum
861 5574 1047 5636 etuestitum
1059 5587 1112 5632 uc·
1158 5567 1323 5646 aliquando
1340 5563 1532 5640 perveniant,
1548 5560 1591 5626 Ex·
1613 5559 1671 5624 bis,
1685 5563 1778 5638 igitur
1804 5558 2007 5621 Sanctissimis

255 5667 513 5739 consentaneam
537 5660 592 5725 illo
615 5659 801 5724 debitricem
826 5673 891 5721 esse
917 5663 944 5720 te
970 5658 1108 5719 noveris.
1158 5651 1363 5715 sacramentis
1393 5647 1582 5725 propositum
1615 5644 1706 5706 nobis
1733 5651 1782 5706 cst
1807 5643 1945 5706 brevitor
1964 5643 2006 5701 bc·

1513 3916 1590 3977 CAP.
1617 3916 1654 3976 X.

1213 4160 1254 4220 lle
1271 4159 1392 4218 decimo
1406 4158 1576 4229 praecepto
1593 4151 1675 4212 Artis
1690 4150 1770 4212 bene
1784 4147 1965 4213 moriondi,

1283 4241 1425 4320 quindeni
1442 4241 1480 4298 de
1497 4237 1706 4298 Sacramenta
1724 4232 1896 4308 Baptismi.
