4056 6260
303 245 356 302 266
902 245 1133 306 tscsttstottts
1152 246 1189 304 IN
1210 246 1312 306 DEUM

232 381 296 457 bat,
312 387 344 444 et
358 380 521 460 sentiebat,
539 381 608 460 qaia
622 382 813 447 illuminatos
827 399 844 444 a
858 381 923 446 Deo
939 381 1081 462 eogunril
1124 383 1191 447 sine
1205 381 1326 454 liotore.
1349 386 1411 446 lam
1425 383 1505 446 laeto
1524 380 1627 446 auimo
1640 385 1765 461 peoeuta
1779 385 1839 444 lara
1854 378 1983 454 multa,

233 464 407 542 grauitatem
425 465 541 542 peoaeti
556 482 627 531 esse
643 469 799 538 maiorem,
816 483 904 545 queat
921 465 963 528 sit
984 481 1079 545 paona
1124 476 1155 535 et
1170 473 1229 530 um
1246 482 1354 546 magna
1370 471 1536 546 patrarent,
1551 483 1586 528 ae
1603 466 1629 528 sl
1646 465 1892 540 praeplanans
1910 479 1988 539 poe·

232 548 406 626 gehennae:
423 555 535 625 quanto
553 551 649 629 tnagis
666 550 811 628 lleusoui
829 555 966 628 penetrat
983 564 1081 625 usone
1125 545 1170 613 na
1189 550 1389 627 peccantibus
1414 546 1605 613 deberetur?
1631 555 1684 620 tu.
1711 548 1859 626 inquam,
1888 547 1990 611 oredo

233 635 270 692 ad
288 633 414 692 lunatum
432 633 586 708 naalitlana,
603 643 631 696 et
648 633 833 705 laenitatem,
855 639 886 694 et
902 639 1081 710 perrerstla-
1106 633 1314 708 'liranis-ime,
1332 641 1364 695 el
1385 637 1542 696 eredendo
1557 634 1708 711 recogita,
1732 633 1829 695 Deum
1845 630 1879 693 io
1896 646 1990 710 prae·

233 721 294 776 leur
312 715 439 794 pen-att,
456 714 623 779 iustissime
638 716 795 790 iudicauit,
812 716 994 792 condignam
1012 733 1081 779 esse
1124 717 1202 780 senti
1219 726 1335 795 patrem
1357 733 1428 784 esse
1455 716 1756 792 miserioorrlraruru,
1785 722 1816 776 et
1841 723 1988 793 paratum

234 799 518 877 prorumperent,
547 817 635 874 quern
654 803 719 876 ipse
735 815 831 879 usque
847 800 884 861 ab
906 800 1082 864 aeternitate
1125 817 1195 863 esse
1216 799 1360 862 omuibus
1386 816 1456 862 nere
1483 797 1712 877 poenitentibus
1738 797 1989 862 misericorditer·

234 888 403 945 eonslrlnu.
420 880 509 958 lla-po.
527 882 626 944 aniona
651 902 729 949 mea.
747 885 940 946 nolierrare.
955 882 1017 944 noli
1034 901 1082 945 so·
1125 884 1286 961 indulgere
1303 891 1437 962 peecata:
1455 887 1510 946 sed
1526 886 1670 945 eumdem
1686 881 1795 959 lleuot,
1814 887 1886 959 pasl
1902 882 1988 942 aeuo

235 965 317 1035 doni,
337 966 396 1030 noli
413 964 521 1028 similis
538 967 655 1028 illururn
672 966 1082 1046 flert,qnloteuntaenasao
1126 968 1227 1037 vitam,
1245 967 1308 1030 lore
1324 971 1449 1028 omuino
1463 967 1559 1030 Deoru
1577 966 1738 1042 ultionum,
1753 973 1783 1027 et
1795 981 1848 1028 eas
1864 981 1988 1040 poenes

233 1047 355 1125 Deum,
382 1049 474 1126 [uelis
489 1055 596 1112 ntalem
616 1059 759 1130 erepant,
788 1049 871 1110 rnulti
894 1055 974 1110 enirn
991 1049 1082 1112 torm
1125 1051 1164 1111 de
1182 1050 1396 1125 peecatoribus
1411 1057 1616 1128 saroptnruua,
1634 1065 1710 1128 quos
1726 1049 1929 1126 praepararit,
1956 1052 1988 1109 el

234 1131 359 1202 hahent,
375 1136 430 1195 sed
445 1134 474 1193 in
492 1133 609 1204 habitu,
626 1150 686 1196 non
704 1137 733 1195 iu
750 1140 830 1204 aotu,
846 1136 931 1210 qnasi
948 1133 1081 1211 gladium
1097 1150 1101 1158 ’
1126 1150 1182 1212 per
1195 1134 1363 1210 Prophetes
1378 1139 1408 1194 el
1423 1135 1584 1212 Apostolos
1606 1148 1679 1194 suos
1696 1131 1876 1209 praedicari,
1894 1141 1926 1190 et
1949 1132 1987 1193 ud

235 1215 265 1277 in
281 1218 386 1296 ragina
404 1217 606 1289 reputantium,
631 1219 753 1279 sienim
775 1221 842 1279 aeto
866 1220 1036 1292 crederent,
1054 1223 1085 1279 el
1126 1216 1515 1294 memoriam'posterornrn
1538 1216 1636 1277 literis
1658 1214 1796 1277 mandari
1819 1213 1986 1293 praecipit.

234 1305 388 1361 arettenato
403 1299 483 1362 serio
498 1306 661 1376 captarent
678 1300 772 1362 lleurn
794 1314 864 1362 esse
886 1300 1029 1374 illelom,
1054 1309 1084 1362 et
1127 1300 1178 1363 Sre
1193 1303 1272 1363 eninr
1290 1299 1352 1366 llet.
1370 1306 1402 1362 ul
1418 1302 1525 1362 timore
1541 1298 1777 1362 intolerabilium
1795 1314 1984 1376 poenarum,

233 1381 360 1451 iustum.
372 1389 402 1445 et
414 1399 446 1442 re
460 1399 527 1444 rere
538 1385 906 1462 poenasgrartsstruas‚et
918 1399 1081 1460 numquam
1128 1392 1157 1446 et
1172 1399 1228 1458 spe
1239 1382 1441 1460 proemiorum
1457 1384 1669 1450 marianorum.
1684 1381 1772 1457 anast
1791 1381 1914 1442 duabus
1928 1381 1987 1444 ulis

233 1463 395 1542 finiendas,
410 1465 440 1526 e't
452 1469 715 1529 sineadmrxtioue
733 1466 953 1528 consolationis
969 1466 1084 1542 iniquis
1126 1466 1305 1540 sublevata,
1333 1475 1504 1545 praeseotts
1530 1471 1607 1528 ritae
1634 1466 1767 1543 pertenta
1784 1480 1894 1526 seoura
1914 1480 1985 1542 per·

235 1563 457 1626 praeparasse:
482 1549 545 1611 lirri
573 1567 633 1612 nnn
651 1557 766 1630 posset,
783 1556 815 1611 ut
829 1564 920 1625 opera
938 1550 1081 1627 irruerent,
1126 1555 1271 1628 transeat,
1287 1551 1365 1613 etad
1381 1553 1471 1613 attera
1486 1566 1522 1612 eo
1537 1549 1675 1628 requiem
1690 1553 1853 1629 peruenias
1867 1549 1987 1628 serapi·

193 1711 196 1719 Ι
235 1647 314 1708 quae
329 1633 465 1708 lociun13
489 1642 519 1695 et
533 1632 686 1705 biberent,
705 1641 736 1696 ut
751 1632 860 1696 dicitnr
875 1632 905 1694 iu
922 1632 1000 1696 libro
1015 1632 1081 1704 lob.
1128 1638 1260 1698 lernam.
1274 1635 1385 1699 Aurea.
1396 1632 1507 1700 Aaron.

236 1715 324 1794 quasi
338 1731 446 1796 aquam
462 1714 667 1798 iniquitatem,
682 1717 715 1779 id
740 1723 798 1792 est,
816 1723 874 1778 tam
891 1716 1000 1794 lauile,
1023 1722 1084 1782 tam
