4056 6260
790 336 897 402 cisen
916 335 1051 400 eureus
1133 331 1141 345 “
1666 333 1717 410 nt

34 469 81 536 bo
95 467 190 536 oeric
205 469 362 546 resistere,
374 469 459 534 eerle
470 485 595 538 menum
609 473 676 540 eius
688 473 897 554 gravissimam
943 473 1162 554 tribulatione,
1179 478 1209 540 et
1222 473 1345 556 Regno.
1361 477 1472 562 (Aper.
1490 471 1536 564 i.)
1551 483 1581 544 et
1595 477 1699 550 Sancti
1709 485 1796 554 laem

1 637 2 644 ἵ
36 553 556 639 expertriaegrotaturus.)
688 587 698 596 ἢ
893 607 897 614 .
942 557 975 620 bi
990 559 1021 619 ie
1037 557 1172 638 Epistola
1194 577 1248 624 see
1264 561 1359 642 neus,
1383 567 1507 642 inquit,
1530 565 1624 646 elegit
1635 585 1795 648 pauperes

1 653 2 678 2
192 649 196 658 ·
450 661 452 666 ·
942 641 1196 721 innocencio,
1214 645 1796 732 diuitesrniide,etbueredeslingui.

396 722 477 790 ate.
493 725 544 789 itt.
775 740 779 748 ’
944 725 1032 805 quod
1051 729 1235 805 repromisit
1257 727 1339 794 neus
1360 731 1568 812 diligentibus
1589 748 1633 804 se.
1656 732 1796 819 (laed.)

943 807 1048 885 Neque
1064 809 1211 873 minuitur
1224 811 1362 890 Regnum
1374 817 1528 878 caelorum
1541 822 1700 894 propterea
1714 821 1797 896 quud

211 888 421 966 Quoebmues
433 895 524 960 Beati
537 898 602 962 sint
616 897 728 978 Reges,
945 891 1050 954 meltis
1065 908 1100 954 ec
1122 910 1203 973 pune
1225 896 1481 961 inumerabitibas
1501 899 1625 978 Angelis
1647 908 1678 963 et
1699 901 1798 964 homi·

944 973 1037 1036 nibus
1052 978 1304 1040 cummunicatur:
1321 979 1457 1060 Regnum
1474 983 1557 1044 enim
1569 981 1723 1049 caelorum
1737 1001 1797 1050 eeu

83 1058 194 1134 quarta
212 1059 286 1123 ratio
301 1049 321 1135 ,³
333 1079 389 1124 cur
402 1063 491 1126 loeus
506 1069 537 1126 et
551 1067 648 1124 states
662 1059 824 1122 Beaierem
842 1057 899 1120 Re·
945 1064 993 1119 est
1006 1059 1109 1120 simile
1134 1059 1248 1139 Regnis
1270 1067 1417 1126 terrerem
1431 1111 1439 1138 ,
1455 1080 1534 1142 quae
1561 1081 1621 1128 eon
1643 1071 1800 1146 patienter

38 1157 139 1222 gnum
155 1144 312 1206 coelorum
329 1145 457 1222 dicatur,
476 1162 574 1224 eaque
587 1144 745 1224 potissima
762 1148 900 1220 est,qeo·
945 1149 1116 1203 consortem
1132 1161 1139 1218 3
1156 1143 1227 1210 etsi
1243 1143 1416 1208 dividentur
1431 1145 1461 1209 iu
1478 1153 1603 1224 partes,
1631 1150 1798 1215 diuidendo

39 1228 125 1287 niam
140 1240 253 1290 omues
269 1226 353 1290 Beati
368 1227 399 1290 iu
423 1232 509 1292 caelo
525 1230 624 1309 Reges
649 1233 721 1290 suet
746 1231 776 1288 et
790 1239 900 1287 omues
946 1224 1169 1305 minuunturpt
1180 1226 1303 1288 tandem
1318 1228 1407 1291 etiam
1423 1239 1655 1294 consumentur.
1668 1234 1743 1306 Rue,
1756 1234 1803 1298 iu·

39 1309 150 1388 regiae
166 1309 362 1374 conditiones
376 1311 534 1390 aptissime
551 1315 580 1374 iu
598 1312 669 1374 illus
694 1308 899 1380 conveniunt,
947 1323 1051 1384 quam,
1068 1307 1219 1386 ejusmodi
1235 1316 1282 1371 cst
1297 1309 1434 1390 Regnum
1451 1313 1618 1386 caelorum,
1631 1317 1688 1378 sed
1704 1325 1799 1382 toturn

41 1389 191 1467 Quemvis
206 1391 288 1454 enim
302 1395 404 1458 Sancti
421 1411 531 1459 omues
546 1397 575 1456 in
592 1397 679 1458 eaelo
692 1392 823 1455 servient
836 1390 901 1453 lico
946 1391 984 1452 ab
1001 1393 1144 1452 omnibus
1159 1437 1167 1464 ,
1185 1395 1215 1453 et
1229 1396 1352 1454 totema
1369 1394 1501 1474 siugulis
1515 1397 1635 1474 integre
1657 1401 1801 1476 posside·

42 1479 75 1536 iot
94 1475 208 1538 dicitur
220 1477 251 1538 in
268 1477 475 1560 Apocalypsi.
498 1485 598 1542 temen
626 1476 717 1540 simul
745 1475 899 1537 etiarn-re·
949 1480 1018 1535 ter:
1035 1475 1191 1553 quomodo
1205 1473 1287 1536 idem
1303 1477 1348 1540 sol
1365 1482 1446 1540 tolus
1468 1480 1643 1559 esingelis,
1667 1486 1698 1543 et
1718 1488 1801 1548 totus

41 1565 151 1636 guent:
168 1555 277 1640 (lpoc.
295 1561 365 1642 22.)
380 1579 448 1623 eam
465 1561 496 1624 in
512 1563 621 1625 eudem
638 1560 715 1620 libro
730 1607 738 1634 ‚
756 1564 787 1620 et
801 1557 902 1636 eapite
946 1557 984 1620 ab
999 1557 1142 1619 omuibus
1158 1557 1313 1634 cernitur3
1336 1565 1367 1622 et
1388 1561 1456 1637 ipse
1469 1560 1604 1626 vicissim
1622 1579 1682 1626 non
1700 1566 1802 1644 minus

1 1657 2 1662 ¹
43 1643 169 1717 eodem,
187 1645 240 1702 eoi
257 1644 380 1708 dieitur:
395 1645 486 1707 Serui
500 1648 570 1708 eius
582 1644 719 1707 seruiunt
731 1642 791 1708 itti.
811 1640 902 1720 paulo
947 1641 1088 1720 singulus
1101 1657 1191 1717 quem
1207 1655 1316 1704 omnes
1331 1642 1471 1706 calefacit
1492 1651 1521 1707 el
1536 1645 1697 1710 illuminat.
1714 1648 1800 1722 Quod

43 1723 295 1802 postuminiani
306 1728 488 1806 regnabunt
498 1725 901 1790 insaecutusaeouloruue.
948 1724 1049 1801 ipsum
1066 1723 1186 1786 iacilius
1201 1724 1403 1804 intelligetur,
1425 1744 1494 1789 cem
1512 1727 1662 1806 explicata
1686 1730 1798 1794 tuerint
1912 1722 1914 1730 '

43 1803 109 1868 lieu
123 1807 224 1870 solum
239 1807 322 1870 Bruti
339 1827 448 1874 omnes
464 1811 557 1874 simei
582 1813 716 1873 serviem
740 1817 770 1870 et
795 1824 904 1886 regne·
948 1807 1027 1874 bona
1044 1805 1142 1888 Regni
1156 1808 1396 1874 casinenssi
1411 1814 1499 1872 antee
1513 1812 1715 1888 explicandae
1731 1822 1804 1880 suut

1 1937 2 1942 η
44 1889 137 1964 bunt,
155 1889 212 1953 sed
227 1893 318 1954 etiam
331 1894 423 1957 simet
439 1895 520 1957 serui
546 1901 576 1957 et
598 1893 650 1956 itii
668 1892 728 1955 dici
746 1896 902 1968 poterunt.
922 1935 923 1942 κ
948 1889 1142 1954 conditiones
1157 1891 1222 1953 sire
1243 1890 1431 1968 qualitates,
1455 1909 1540 1970 quae,
1557 1895 1757 1974 requirentur
1771 1898 1803 1960 in

1 2021 2 2027 ,
44 1971 100 2034 Sic
115 1974 199 2033 euim
214 1974 350 2054 loquitur
367 1976 449 2040 bees
465 1983 495 2038 in
512 1977 705 2058 Apocalypsi:
721 1971 781 2050 Qui
792 1975 904 2038 uicerit
948 1971 1096 2054 Regibus,
1113 1977 1147 2036 ei
1162 1989 1251 2036 nemo
1267 1975 1408 2048 dubitet,
1432 1976 1561 2040 Sanctus
1583 1985 1674 2058 etque
1695 1979 1805 2044 Beatos

43 2055 223 2134 possidebit
236 2058 328 2130 naec,
352 2070 381 2122 et
398 2077 452 2126 uro
466 2061 517 2124 illi
531 2061 626 2138 Deus,
643 2065 672 2122 et
685 2057 740 2122 illu
753 2060 813 2122 erit
824 2055 906 2120 mibi
949 2057 981 2118 in
998 2057 1084 2120 eaelo
1099 2073 1161 2120 uon
1183 2057 1252 2118 sine
1276 2073 1368 2122 caesa
1394 2059 1494 2122 noceri
1518 2060 1641 2141 Reges,
1663 2065 1694 2126 et
1709 2062 1803 2144 Regni

1 2139 2 2150 ’
45 2137 149 2216 ptius.
166 2138 279 2220 (Apoa.
292 2140 360 2226 il.)
375 2142 474 2217 Quare
489 2147 569 2206 siuet
584 2151 716 2222 possunt
730 2142 824 2204 iidem
840 2156 904 2204 ser·
951 2140 1106 2202 caelorum
1120 2140 1230 2220 Reges.

44 2223 74 2282 ni
91 2237 166 2284 esse
188 2233 219 2284 et
235 2223 311 2294 titii,
336 2228 382 2288 sie
407 2234 535 2304 possunt
557 2226 637 2290 sceui
652 2243 723 2293 esse
738 2230 769 2289 et
783 2225 904 2304 Reges:
984 2223 1807 2305 Deaesuutpraecipuaeqeelitetes,queenecessariae

46 2306 132 2368 serni
144 2307 227 2370 enim
244 2315 326 2383 sunt,
344 2309 487 2390 quoniam
502 2328 518 2374 a
533 2311 598 2374 lleo
614 2313 709 2374 creati
720 2315 803 2381 sent,
817 2313 849 2372 et
863 2305 908 2370 illi
950 2312 1023 2372 suet
1034 2306 1336 2388 Regibus,sapientia
1349 2317 1382 2372 ot
1392 2311 1516 2374 iustitie.
1529 2309 1590 2372 Sed
1603 2327 1673 2376 cum
1684 2313 1807 2392 sepiae·

1 2463 2 2472 χ
46 2387 168 2452 debent
181 2389 403 2470 obedientiam,
420 2409 435 2454 a
452 2411 512 2471 qeo
528 2395 686 2471 accipient
701 2409 795 2465 esse,
819 2397 851 2455 et
866 2391 907 2455 ri·
951 2394 991 2458 tia
1007 2392 1167 2472 coniungit
1192 2391 1347 2468 Scriptura
1362 2394 1555 2472 prudentiam
1571 2398 1601 2455 ct
1616 2394 1779 2460 consilium
1795 2443 1804 2475 ,

46 2484 123 2536 nere
138 2477 171 2536 ut
185 2474 299 2538 omnia:
316 2491 419 2553 neque
434 2479 549 2557 aliquid
566 2484 701 2539 creatum
716 2477 829 2554 exeipit
850 2475 909 2540 Ile·
951 2482 981 2542 et
1004 2475 1104 2538 omnis
1129 2477 1179 2538 iila
1203 2489 1283 2554 quae
1303 2477 1341 2536 ad
1364 2477 1598 2556 intelligentibus
1624 2480 1802 2554 pertinent:

45 2558 112 2630 rid,
129 2572 201 2619 cum
213 2556 388 2628 uit,0mniu
398 2565 543 2624 seruiunt
554 2559 622 2624 tibi.
635 2556 703 2642 (Ps.
717 2559 804 2640 tlt.)
815 2560 907 2622 simei
953 2567 1022 2624 cum
1038 2557 1150 2621 iustitia
1166 2557 1325 2638 coniungit
1335 2559 1805 2642 miscricordiampiemeetiem,

48 2643 152 2702 nmen
170 2647 301 2720 possunt
316 2659 387 2705 esse
400 2642 454 2705 tilii
469 2643 825 2724 llei‚qeiexlleorcnsti
838 2650 910 2708 sunt
953 2649 984 2706 et
1008 2643 1143 2719 reliquas
1165 2645 1314 2716 uirtutes,
1340 2659 1420 2719 quae
1440 2643 1627 2711 uoluntatem
1643 2651 1755 2708 eruent
1777 2654 1808 2708 et

48 2739 108 2804 per
122 2739 233 2802 equum
250 2731 280 2786 et
295 2724 441 2804 Spiritum
464 2735 627 2798 sanctum,
651 2734 681 2789 et
701 2728 792 2790 simei
807 2726 910 2806 Reges
954 2725 1129 2812 perilciunl.
1155 2723 1262 2802 ltaque
1287 2725 1437 2802 sapientie
1466 2726 1652 2804 requiritur,
1686 2733 1720 2791 et
1745 2728 1810 2800 Rex

46 2819 123 2867 esse
141 2809 402 2885 possunt‚quibus
417 2815 500 2890 regia
517 2809 649 2884 dignitas
661 2811 699 2874 ab
712 2813 779 2888 ipso
791 2811 908 2892 Regum
954 2811 1044 2886 saian
1059 2808 1185 2883 iustitie,
1202 2815 1235 2870 ut
1256 2806 1328 2870 uelit
1342 2809 1483 2873 subditos
1499 2810 1580 2871 benc
1594 2825 1716 2888 regere.
1733 2810 1818 2874 ideo

49 2891 136 2966 Rege
152 2891 410 2968 communicatum
427 2889 538 2976 (ioan.
551 2893 598 2964 3.)
620 2895 672 2971 qui
694 2901 855 2973 propterea
879 2897 911 2956 in
955 2891 1319 2956 Salomon'admoeitesa
1334 2891 1401 2956 Deo*
1412 2892 1500 2954 initio
1515 2889 1661 2970 Regni,ut
1677 2898 1810 2972 peteret,

49 2975 162 3034 isdum
177 2972 362 3052 Apocalypsi
377 2977 573 3040 eisetunieu
584 2975 912 3058 Regum,ettlominus
955 2976 1037 3054 quod
1054 2975 1156 3047 uellet,
1180 2973 1344 3053 postularit
1358 2977 1551 3056 sapientiem.
1568 2991 1647 3054 quae
1663 2976 1810 3057 princeps

49 3057 309 3120 dominantium.
332 3055 444 3141 (Apou.
459 3056 525 3142 ta.)
957 3065 1004 3122 est
1018 3059 1166 3121 bonerum
1180 3056 1452 3136 qualitatemque
1466 3057 1661 3137 requirentur
1676 3061 1706 3120 ie
1722 3059 1812 3140 Regi·

49 3161 58 3166 ·
93 3139 183 3201 ilicet
197 3138 308 3212 aliquis
324 3144 532 3218 tentassemus
544 3159 615 3206 csse
627 3143 752 3208 difficile
767 3145 805 3208 ali
819 3161 911 3224 queen
955 3143 1040 3204 bes:
1063 3146 1094 3203 et
1108 3142 1221 3220 placuit
1248 3139 1311 3202 Deo
1326 3144 1433 3219 petitio
1447 3141 1537 3211 eles.
1564 3145 1597 3202 ut
1612 3141 1810 3220 perspicuum

51 3223 147 3283 simul
160 3237 232 3286 esse
246 3223 361 3302 Regem
378 3231 500 3300 terrae,
524 3233 555 3286 et
576 3243 698 3289 serrum
718 3228 816 3292 Deam
832 3228 911 3291 liei:
957 3229 1005 3288 est
1019 3223 1146 3288 exlibro
1162 3223 1250 3287 tertio
1272 3221 1402 3302 Regum,
1418 3241 1455 3286 ao
1470 3239 1524 3302 per
1539 3224 1597 3285 hoc
1617 3225 1811 3302 impetrarit,

51 3309 92 3368 ud
107 3321 203 3380 quem
220 3306 345 3368 modum
358 3307 470 3372 dicitur
482 3310 513 3370 in
526 3309 702 3373 Psalmo:lit
715 3327 805 3374 nunc
815 3310 914 3392 Reges
957 3323 1018 3388 quo
1035 3305 1253 3386 pontiliacum
1268 3313 1299 3367 et
1313 3306 1456 3370 iustitiam
1470 3305 1667 3386 postulasset,
1683 3306 1815 3372 tortasse

52 3389 238 3468 intelligite,
251 3389 436 3454 crudimini
449 3394 510 3474 qui
529 3394 684 3458 iudicatis
703 3401 834 3467 terram:
849 3410 915 3457 ser·
962 3407 1025 3454 non
1040 3395 1071 3452 in
1085 3397 1130 3454 tol
1144 3391 1262 3454 scelere
1283 3390 1447 3469 prolapsus
1472 3394 1569 3452 esset.
1591 3388 1647 3466 (3.
1663 3389 1739 3470 Reg.
1756 3388 1814 3473 3.)

1 3494 3 3514 1
53 3475 116 3536 bite
130 3471 319 3536 Dominoin
332 3473 459 3545 timore.
475 3481 506 3538 et
519 3475 917 3542 euultuteeienmtrerno-
960 3473 1086 3540 Rectius
1100 3473 1194 3536 ilerid
1216 3476 1246 3534 ie
1269 3472 1411 3548 Psalmo,
1435 3473 1465 3536 iu
1488 3488 1549 3552 qeo
1571 3477 1713 3550 precatur
1733 3473 1815 3538 bone

52 3560 91 3619 ra
104 3553 174 3634 (Ps.
189 3553 239 3636 2.)
249 3555 288 3617 tu
301 3555 415 3636 Regem
431 3574 503 3621 esse
518 3560 615 3640 Regni
631 3562 838 3640 caetorem‚ct
853 3577 917 3624 ser·
961 3559 1026 3621 illio
1040 3574 1097 3620 suo
1112 3553 1290 3622 Salomoni,
1317 3555 1412 3619 dicit:
1436 3556 1519 3620 Reus
1538 3553 1701 3618 iudicium
1722 3559 1816 3620 tuum

1 3659 3 3678 ·
54 3653 127 3702 rum
144 3651 217 3702 esse
231 3639 326 3716 Regis
337 3639 506 3715 caelorum,
523 3644 593 3719 quis
608 3643 708 3720 capiet
722 3650 774 3708 eet
786 3643 917 3706 credent
962 3641 1042 3722 biugi
1056 3641 1122 3704 du:
1146 3645 1175 3702 et
1190 3637 1348 3703 iustitium
1362 3645 1453 3702 tuam
1465 3637 1531 3713 ilio
1545 3637 1652 3718 Regis.
1668 3635 1733 3718 (l's.
1750 3635 1817 3721 il.)

55 3727 88 3784 ‘et
102 3729 208 3784 tamen
224 3723 264 3782 ua
280 3729 339 3792 est.
356 3729 391 3786 et·
402 3725 484 3804 cepit
499 3726 558 3788 boe
574 3726 916 3792 etcreditildcs.1usti
964 3727 1016 3788 ebt
1032 3724 1149 3788 uidetur
1164 3721 1355 3803 praevidisse
1376 3723 1578 3786 aSeiomone
1601 3719 1819 3796 postulandam

1 3837 3 3860 .
56 3818 134 3884 erge
150 3805 182 3866 in
198 3803 306 3884 Regno
320 3804 417 3868 Petris
439 3824 548 3870 eorem
570 3817 661 3874 eruet
681 3811 770 3874 etium
786 3809 847 3889 ipsi
861 3809 919 3872 Re·
964 3809 1169 3886 sapientiam,
1196 3812 1227 3869 et
1241 3805 1312 3868 ideo
1327 3807 1460 3883 postulet
1475 3805 1518 3867 illi
1535 3803 1680 3868 iustitiam
1695 3807 1726 3866 et
1740 3802 1818 3866 iudi·

1 3913 3 3928 ·
56 3905 117 3970 ges
131 3887 233 3968 Regni
247 3889 563 3970 caelorum3qeoniam
580 3893 746 3972 participes
760 3900 851 3957 eruet
864 3892 920 3954 lle-
964 3893 1059 3972 ciem,
1075 3895 1154 3968 quae
1168 3888 1236 3952 sine
1252 3888 1401 3965 sapientia
1418 3904 1489 3952 esse
1504 3903 1566 3952 non
1583 3893 1724 3965 possunt,
1747 3901 1817 3950 cem

57 3973 130 4050 g'ae
144 3972 232 4034 illies
245 3971 423 4050 dignitatis,
447 3979 479 4038 et
494 3975 673 4052 potestatis,
699 3984 730 4038 et
750 3991 843 4052 opium
859 4021 867 4048 ‚
884 3993 920 4040 ac
965 3974 1113 4055 sapientia
1129 3971 1196 4036 sinc
1211 3971 1325 4035 iustitie
1341 3987 1413 4036 esse
1428 3971 1537 4050 possit,
1551 3971 1661 4034 saitem
1676 3970 1819 4048 aliqualis

55 4056 253 4134 reliquorum
276 4055 441 4133 bonorum,
459 4073 538 4136 quac
553 4066 626 4120 sunt
639 4060 672 4120 iu
694 4059 802 4139 Regno
817 4059 917 4122 caelo·
966 4065 997 4121 et
1011 4056 1202 4135 imperteetr.
1219 4056 1310 4118 Liber
1323 4070 1447 4134 quoque
1472 4053 1657 4130 Sapientiae,
1675 4055 1726 4129 qai
1750 4067 1836 4130 pro-³

58 4138 192 4201 remisi
209 4137 292 4218 quod
307 4137 338 4200 in
354 4139 454 4202 tribas
471 4141 637 4220 praecipue
658 4143 737 4206 locis
752 4143 922 4222 Scriptura·
967 4139 1033 4218 pric
1047 4140 1084 4202 ad
1101 4139 1201 4216 Reges
1216 4139 1423 4202 instituendos
1437 4140 1571 4216 scriptus
1587 4136 1694 4210 est,sio
1707 4135 1819 4210 inquit:

58 4236 129 4284 rum
158 4229 332 4282 sanctarum
355 4221 489 4300 Spiritus
514 4230 641 4286 sanctes
666 4227 827 4288 maniteste
853 4241 922 4303 pro·
964 4225 1093 4303 Diligite
1111 4223 1273 4286 iustitium
1289 4267 1297 4296 ,
1314 4222 1541 4301 quiiudicatis
1558 4224 1701 4293 terrum,
1720 4217 1820 4296 (sap.

61 4303 921 4388 nuntiantibustoeusestinniangetioseneetdettueei:
969 4305 1025 4390 i.)
1047 4313 1079 4369 et
1092 4305 1200 4383 incipit
1222 4323 1237 4366 a
1255 4307 1389 4374 iustitia,
1415 4305 1559 4384 quoniam
1576 4320 1636 4364 uon
1652 4305 1751 4364 solem
1775 4308 1823 4364 est

1 4433 2 4454 r
62 4387 159 4450 Routi
171 4401 333 4468 pauperes
347 4391 638 4470 spirituquoniam
649 4394 796 4470 ipsorum
807 4395 852 4454 est
865 4390 924 4454 Re·
970 4409 1025 4470 per
1039 4405 1074 4453 sc
1089 4389 1264 4451 necessarie
1281 4389 1427 4466 Regibus,
1443 4389 1498 4448 sed
1515 4389 1605 4447 etiem
1629 4389 1675 4447 est
1691 4386 1823 4462 disposi-

1 4531 2 4536 ,
64 4487 168 4550 guum
183 4475 361 4534 cacumine.
377 4469 649 4556 (Mottb.i.)nlter
663 4477 814 4538 incudem
828 4473 925 4538 Reae·
970 4478 1012 4537 tio
1034 4475 1070 4536 ad
1094 4473 1298 4550 sapientiam:
1323 4473 1483 4549 subiungit
1505 4470 1586 4531 enim
1615 4469 1705 4546 paulo
1732 4474 1823 4545 poste

48 4553 288 4634 goliat-Venite
303 4555 463 4619 benedieti
476 4555 582 4620 Patris
602 4559 680 4636 enei,
695 4559 853 4636 possidete
865 4573 925 4636 pa·
974 4557 1133 4634 Quonimn
1146 4557 1184 4616 in
1199 4556 1393 4617 muleuoiam
1416 4555 1564 4616 acimum
1588 4569 1655 4615 non
1678 4549 1826 4614 introibit

67 4643 180 4700 ratum
206 4639 294 4702 uobis
320 4638 464 4718 Regnum
492 4657 514 4702 a
541 4641 768 4708 constitutione
797 4641 924 4704 mundi.
969 4637 1327 4718 sapientiuumique,
1355 4645 1389 4698 ut
1414 4637 1471 4698 etia
1495 4639 1587 4697 multa
1611 4642 1824 4712 praeteream,

66 4721 194 4802 (Manu.
210 4721 279 4795 25.)
294 4721 415 4784 Tertius
431 4723 461 4784 in
478 4721 660 4804 Apocalypsi
678 4743 687 4786 ε
709 4728 767 4806 qui
787 4725 899 4786 uicerit
915 4770 924 4800 ,
971 4723 1119 4788 ieremias
1134 4721 1317 4798 praedicens
1330 4724 1453 4783 eirtelcs
1465 4721 1576 4783 Christi
1589 4719 1682 4794 Regis
1694 4715 1824 4795 aeterni,

66 4805 154 4869 dabo
170 4805 201 4866 ei
213 4805 324 4868 sedere
343 4821 471 4868 mecum
490 4808 529 4870 in
550 4807 663 4870 tbrono
683 4825 754 4870 meo
771 4853 779 4878 ,
802 4809 885 4870 morri
898 4811 928 4868 et
972 4809 1065 4877 Reae,
1082 4803 1192 4880 iuquit,
1209 4804 1278 4866 dies
1292 4807 1439 4876 ueniunt,
1456 4803 1713 4888 dioililomiuus,
1732 4805 1761 4860 et
1775 4815 1826 4862 su·

1 4905 3 4944 s
69 4905 126 4965 ego
140 4887 218 4950 uici.
235 4897 265 4950 et
278 4888 347 4951 sedi
369 4905 443 4952 cum
462 4883 557 4954 Patre
576 4905 646 4952 rneo
667 4892 704 4952 iu
727 4891 841 4952 tirrano
857 4891 927 4952 eius
971 4889 1091 4954 scitubo
1108 4886 1211 4949 Dauid
1226 4889 1505 4966 germaniustunc,
1522 4894 1550 4946 et
1571 4883 1828 4962 reguabitReu.

69 4968 185 5056 (Apes.
203 4969 249 5053 3.)
264 4971 342 5046 Quin
360 4971 551 5036 manifestius
566 4973 628 5036 dici
644 4976 761 5050 pelestl
772 4973 929 5035 Habemus
973 4981 1003 5036 et
1016 4973 1147 5050 sopiens
1163 4972 1233 5040 erit,
1251 4976 1280 5032 et
1293 4971 1390 5046 faciet
1405 4971 1567 5034 iudicium
1578 4976 1607 5030 et
1622 4967 1831 5030 iustitiamin

72 5057 211 5136 Regnum
223 5053 384 5139 coelorum
396 5057 595 5132 promissum,
608 5057 760 5118 babemus
775 5053 868 5118 indie
884 5054 928 5132 iu-
974 5065 1073 5120 terro.
1086 5052 1240 5132 (lardi.)
1255 5054 1330 5116 licre
1342 5054 1434 5133 igiter
1446 5052 1594 5130 sapientia
1609 5058 1638 5112 et
1653 5049 1764 5114 iustitia
1776 5049 1830 5112 do·

69 5138 146 5201 dieii
163 5137 396 5216 possessionem
410 5137 508 5218 Regni
525 5139 667 5220 ejusdem
689 5139 929 5214 assignandam.
976 5149 1022 5203 tes
1037 5145 1120 5210 seut,
1136 5152 1215 5212 quae
1230 5137 1428 5210 requirentur
1442 5136 1474 5196 in
1490 5135 1638 5212 Regibus.
1683 5153 1687 5162 “

71 5221 225 5284 babemus
240 5219 414 5285 sessionem
437 5224 468 5283 iu
483 5225 593 5285 throno
614 5223 709 5301 Regio
731 5221 799 5284 Filii
814 5221 885 5293 Ilei,
901 5228 932 5283 et
1016 5222 1080 5283 bem
1097 5235 1168 5282 vero
1183 5221 1265 5297 quud
1281 5218 1365 5282 Beati
1381 5233 1503 5292 amnes,
1520 5221 1573 5296 qui
1588 5222 1661 5280 sunt
1676 5217 1707 5278 in
1730 5215 1830 5288 eaelo,

70 5304 171 5368 Patris
186 5311 266 5377 ates,
283 5303 374 5386 Regis
391 5305 521 5367 aeterni:
536 5305 685 5384 quidhoc
700 5313 748 5366 est
759 5304 855 5379 aliud,
871 5303 932 5366 uisi
977 5305 1097 5368 etiamsi
1113 5303 1242 5364 tortasse
1259 5302 1344 5362 multi
1361 5303 1483 5376 iliorum
1510 5301 1623 5363 tuerint
1646 5298 1778 5380 imperiti
1799 5303 1833 5360 et

1 5391 2 5395 ’
72 5387 419 5468 participatioeiusdem
435 5388 933 5466 negntcsotoramqeeuenee·
977 5385 1387 5468 reeestnieuts.pottesnt
1410 5379 1834 5461 sapientiaeximia,etinsi·

74 5471 219 5536 seruitute
233 5471 372 5548 possidet
385 5469 486 5534 Deest
501 5470 589 5532 Adde
613 5473 826 5534 testimonium
852 5470 933 5532 beati
980 5474 1032 5551 gui
1049 5469 1157 5532 uirtute
1172 5469 1316 5542 iustitiae,
1331 5473 1364 5530 et
1375 5470 1483 5528 merito
1494 5466 1595 5542 Reges
1610 5469 1834 5543 cuiuscumque

71 5553 174 5616 usati:
195 5552 232 5615 Si
245 5553 633 5633 sustinebimus‚iuqeit,et
647 5550 929 5634 conregnabimus.
982 5555 1077 5632 Regni
1093 5552 1158 5614 lieri
1177 5561 1315 5628 possent,
1340 5559 1420 5611 extre
1437 5549 1674 5612 controuersiam
1689 5552 1747 5610 est.
1763 5545 1834 5609 Nai-

75 5636 122 5720 (2.
139 5634 237 5718 Tim.)
251 5644 283 5698 et
293 5637 395 5700 Sancti
410 5635 538 5699 ioannis
560 5639 591 5700 in
606 5640 757 5716 principio
782 5635 930 5716 Apocaly-
976 5636 1026 5700 les
1042 5635 1123 5698 enim
1140 5635 1300 5696 Rectorem
1317 5642 1365 5696 est
1379 5635 1408 5694 in
1427 5635 1537 5704 caele,
1566 5635 1617 5710 qui
1646 5646 1705 5691 nou
1733 5629 1836 5692 rideat

1 5745 2 5748 ¹
76 5726 158 5808 psis:
173 5723 241 5809 bgo
256 5721 400 5792 ioannes
413 5723 514 5805 irater
534 5724 646 5800 uesta,
669 5727 700 5788 ct
711 5723 872 5804 particeps
892 5720 930 5784 in
976 5719 1138 5803 ipsemllei
1153 5720 1414 5803 essentiamque
1427 5724 1474 5780 est
1487 5718 1584 5796 prime
1597 5711 1836 5778 caesaomeiem
