4044 6256
776 312 881 375 [ABER
900 313 1055 376 TERTIUS
1666 307 1717 376 tti

5 451 148 520 rlodua
163 455 223 529 ael,
248 449 370 518 ooainm
392 461 451 526 ago
470 461 578 522 aanor,
594 444 802 528 alimentaque
817 446 893 510 mitri
937 447 1009 524 soli,
1026 443 1187 512 sedetiam
1204 446 1381 520 mendaces,
1408 444 1607 510 detractores.
1629 442 1736 518 ιιιιιι,
1758 447 1791 507 ιι

6 552 198 616 comparo,
215 547 293 616 qnae
314 547 426 597 manoe
447 532 531 596 omni
547 529 766 610 praestantiora
782 529 895 593 tarnem
939 528 989 592 alii
1018 530 1048 592 id
1071 544 1171 610 genos
1197 528 1341 611 improbi.
1376 527 1456 592 lilnd
1483 531 1584 590 aotam
1610 523 1790 590 admirabile

10 621 110 682 mibi
136 620 172 684 in
189 624 371 698 perpetuum
395 613 518 677 sistant.
534 613 577 678 Ao
600 611 714 676 dicenti
737 613 894 676 lateralia
939 617 997 686 esi,
1011 618 1042 678 et
1056 613 1213 692 proprium
1235 614 1501 693 eleemosynarum
1525 609 1790 686 emolumentum

7 700 166 785 Legato,
183 697 312 766 inueniri
328 695 454 775 saepius
471 696 613 760 nomines
627 695 797 775 improbos,
811 697 893 758 lncr-
920 697 1020 775 ¹qnod
1037 711 1107 760 oum
1121 701 1179 757 tam
1196 696 1344 774 liberalis,
1362 703 1392 761 et
1407 693 1494 774 qnasi
1511 693 1659 774 prodigus
1673 693 1789 756 ridere·

12 791 161 866 tesqua,
187 788 239 864 qni
262 787 470 862 paupertatem
492 778 651 856 simulent,
668 785 699 843 et
715 778 891 844 mandicao·
940 778 1066 842 turllux
1091 779 1242 842 Amadeus
1266 781 1298 842 in
1313 777 1519 856 eleemosynis
1544 775 1732 855 largiendis:
1747 778 1790 837 ta·

13 867 82 943 do,
102 884 203 950 qnam
218 863 362 930 manibus
376 863 545 927 laborando
563 876 643 943 qnae
657 861 696 923 ιι
711 863 824 925 rictum
840 875 893 924 ιι·
938 877 1010 924 men
1036 860 1181 926 iratribus
1206 861 1336 940 plurima
1350 860 1478 942 largitus
1494 864 1553 929 ost.
1576 865 1607 922 ιι
1630 857 1790 922 ιιιιιιιιι

14 951 175 1016 ιιιιιιιι
191 955 276 1027 ιιιι,
302 961 482 1026 comparare
507 944 568 1008 sibi
592 942 707 1026 reiint3
732 944 893 1023 respondit
936 943 1129 1008 dotessiatui
1145 946 1279 1025 ipsarum
1306 949 1514 1026 congruenter
1540 939 1642 1022 dadlt;
1657 941 1789 1006 otnnlia

14 1032 114 1100 linx.
146 1031 260 1106 Nolim,
292 1031 404 1109 inquit,
433 1038 491 1092 tam
517 1026 606 1092 anxio
634 1027 692 1090 ista
716 1024 891 1108 inquireret
938 1043 1014 1091 nora
1030 1029 1163 1108 populus
1178 1029 1350 1107 vectigalia,
1368 1028 1416 1090 rei
1433 1025 1543 1090 tributa
1564 1023 1722 1103 imposuit.
1737 1023 1788 1088 Sia

13 1133 102 1182 nem
119 1116 149 1180 si
166 1117 199 1178 in
226 1114 364 1178 actiones
391 1117 513 1174 nostras
532 1113 579 1174 sio
605 1110 774 1190 inquireret
796 1110 891 1186 bens,
938 1115 1040 1174 tamen
1055 1112 1218 1185 aerarium,
1247 1114 1329 1190 quod
1355 1114 1447 1174 inane
1472 1115 1640 1190 repererat,
1657 1121 1726 1170 conr
1742 1121 1791 1170 re·

16 1200 114 1264 male
143 1197 272 1262 omnino
300 1195 461 1260 nobiscnm
488 1197 650 1276 ageretur3
667 1195 724 1256 sed
739 1193 792 1258 iiie
808 1192 890 1272 pins,
937 1209 1033 1272 goare
1047 1195 1207 1274 inciperet,
1224 1195 1363 1274 replerit,
1381 1198 1414 1257 ut
1435 1191 1668 1254 iurisdictiones
1690 1190 1791 1254 varias

16 1288 59 1346 et
74 1282 223 1346 clemens
239 1279 344 1344 Solem
358 1293 456 1342 suom
467 1280 549 1342 oriri
560 1276 640 1354 iocd
659 1292 759 1356 super
779 1275 889 1353 bonos,
937 1277 1116 1353 redemerit,
1144 1294 1221 1356 quas
1238 1277 1396 1358 Principes
1411 1276 1590 1355 superiores
1604 1271 1702 1336 coacti
1717 1275 1791 1338 alie·

15 1373 56 1428 et
73 1365 198 1443 mulos,
216 1371 245 1428 et
257 1363 341 1442 pluit
358 1377 456 1442 sopor
475 1361 589 1437 iustos,
617 1363 647 1422 ct
665 1362 816 1424 iniustos.
840 1360 892 1424 Sic
934 1367 1092 1424 narerani.
1108 1360 1216 1439 ltaque
1231 1377 1336 1424 uorum
1352 1368 1410 1431 est,
1426 1374 1489 1422 non
1506 1359 1605 1421 solnm
1622 1359 1653 1418 in
1668 1358 1727 1419 rita
1744 1357 1790 1419 ln·

17 1455 59 1512 ιι
74 1447 174 1512 ιιιιι
190 1447 374 1521 malinsesi,
390 1446 515 1507 intanta
528 1443 724 1508 multitudine
738 1444 890 1508 bonorum
936 1448 1014 1518 tura,
1031 1445 1086 1508 sed
1103 1443 1193 1507 etiam
1210 1445 1241 1506 in
1267 1443 1434 1524 praesenti,
1461 1441 1543 1519 qnod
1570 1439 1701 1520 Sapiens
1716 1438 1790 1503 sori-

19 1531 268 1610 eleemosynam
283 1527 420 1592 dividere
434 1528 466 1590 in
482 1527 602 1607 aliquos
623 1527 781 1606 indignos,
799 1543 889 1605 quam
937 1531 1022 1604 ptum
1038 1527 1174 1606 reliquit.
1190 1522 1789 1607 Qutmisereturpooperomtocoerc·

18 1615 106 1678 dum
122 1627 242 1693 pancos
256 1611 401 1690 indiguos
427 1610 580 1688 repetiere
595 1627 611 1672 a
627 1615 730 1672 nostra
756 1609 891 1674 liberali·
936 1616 990 1675 terr
1002 1611 1079 1674 Deo.

19 1701 91 1762 tate
119 1711 278 1770 curamus,
294 1693 435 1774 piurimis
450 1709 521 1758 aare
536 1692 726 1774 pauperibus
748 1691 890 1758 iniuriam
977 1693 1023 1756 Ad
1038 1694 1094 1758 bas
1110 1694 1236 1756 uirtutes
1258 1695 1355 1756 sancti
1382 1691 1475 1756 Ducis
1502 1687 1634 1754 accessit
1658 1687 1789 1768 diligen·

20 1779 200 1844 iaciamua.
939 1776 1055 1840 tissima
1082 1793 1152 1840 curu
1170 1777 1380 1857 praeponendi
1396 1777 1426 1837 in
1449 1773 1594 1837 omnibus
1617 1771 1790 1837 ciuitatibus

64 1862 180 1944 Neque
191 1875 264 1927 rero
277 1859 376 1924 solum
389 1859 420 1922 ιι
434 1857 623 1939 pauperibus
635 1858 891 1938 singuloslibera-
936 1860 1068 1940 optimos
1093 1860 1228 1935 ludices,
1254 1875 1333 1940 quos
1355 1857 1499 1922 videlicet
1522 1858 1591 1935 ipse
1615 1862 1722 1919 nosset
1747 1857 1789 1918 si·

28 1946 182 2010 tissimus
196 1943 342 2021 eratpins
357 1943 517 2022 Princeps,
534 1943 588 2008 sod
606 1941 696 2006 etiam
714 1943 745 2005 in
762 1944 894 2020 publicis
935 1943 999 2005 mul
1012 1944 1101 2006 ualde
1118 1944 1245 2022 paritas,
1262 1950 1291 2006 et
1312 1943 1401 2006 raldo
1425 1940 1550 2020 probos.
1572 1939 1644 2000 ιιιιι
1671 1944 1701 2002 et
1715 1953 1785 2018 pac·

30 2027 243 2093 aedificandis
257 2025 475 2105 hospitalibus,
489 2031 519 2088 ot
532 2023 737 2098 monasteriis,
754 2030 785 2089 et
799 2028 830 2090 in
845 2045 892 2093 or·
933 2025 1013 2088 bites
1024 2026 1092 2088 sine
1107 2027 1236 2090 scientia
1252 2041 1357 2105 parum
1381 2025 1520 2103 prodest,
1537 2025 1569 2085 ιι
1593 2022 1720 2084 selentia
1747 2022 1787 2083 si·

27 2110 164 2183 mandis,
181 2117 212 2174 et
225 2111 360 2189 pretiosa
376 2106 571 2188 supellectile
593 2106 727 2170 ditandis
741 2104 891 2177 Ecclesiis
935 2123 975 2172 ne
992 2108 1140 2188 probitate
1155 2109 1284 2173 multum
1300 2109 1401 2173 obest.
1418 2108 1557 2186 benique
1572 2103 1704 2168 accessit
1726 2103 1788 2167 exi·

25 2191 611 2273 magnificentiamsuametpteiarem
627 2190 891 2273 munditiisque
937 2191 997 2256 mia
1025 2191 1168 2272 patientia
1194 2192 1226 2255 in
1253 2192 1402 2256 aduersis.
1431 2191 1515 2268 Quae
1539 2187 1634 2250 uirtus
1657 2186 1785 2251 uirtutes

28 2277 71 2341 ad
89 2276 174 2339 benc
190 2276 271 2339 diam
298 2274 473 2338 conseruari
489 2271 632 2336 dicuntur
655 2273 806 2338 Vercellis
821 2295 891 2357 pre·
936 2289 1045 2338 omnes
1057 2275 1188 2355 perlicit,
1205 2277 1285 2354 quod
1301 2280 1427 2338 sanctus
1441 2272 1573 2336 lacobus
1589 2271 1691 2346 docet,
1715 2284 1785 2333 cunr

26 2358 204 2424 tiosissima
220 2355 420 2422 sacerdotalia
437 2355 628 2428 indumenta,
641 2356 890 2435 quaepiissimns
936 2357 992 2420 ait:
1015 2357 1179 2432 Patientia
1204 2374 1284 2436 opos
1305 2357 1482 2438 perrectum
1506 2354 1621 2419 boici:
1638 2351 1784 2417 oninsrei

25 2441 102 2506 Dux
116 2441 273 2507 Amadous
287 2439 443 2504 lieclesins
465 2440 562 2502 sancti
577 2437 702 2502 liusebii
730 2439 811 2504 dono
838 2445 891 2508 ιι·
935 2441 1085 2503 rationem
1107 2441 1209 2503 reddit
1229 2449 1352 2505 sanctus
1378 2441 1560 2521 cyprianus,
1575 2451 1647 2500 cum
1661 2437 1789 2498 demon·

27 2525 88 2588 dii.
108 2524 254 2604 Suscepit
268 2526 359 2587 etiam
376 2522 542 2602 aliquando
559 2523 837 2602 peregrinationem
853 2529 891 2592 ιι
936 2530 1022 2596 strat,
1036 2525 1104 2587 sine
1120 2525 1266 2605 patientia
1282 2525 1396 2587 nullam
1412 2523 1565 2597 uirtutem,
1583 2536 1618 2583 ao
1632 2533 1673 2582 ne
1687 2517 1787 2599 ipsam

28 2607 162 2684 Urbem,
187 2612 221 2670 nt
244 2606 362 2670 rideret
385 2605 452 2668 loca
478 2611 594 2682 saneta,
618 2605 732 2685 quibus
755 2607 891 2675 Romana
936 2605 1062 2686 quidem
1076 2608 1266 2685 charitatem,
1283 2607 1398 2671 diutins
1413 2611 1519 2683 posset
1530 2603 1713 2668 subsistere.
1726 2601 1786 2665 Do·

31 2688 145 2753 ciuitas
161 2689 308 2753 abundat.
333 2687 488 2753 Proiectus
513 2691 561 2751 ιιι
586 2694 687 2752 nutem
703 2705 766 2753 non
780 2698 814 2756 ut
829 2711 890 2758 me·
936 2691 1019 2751 narii
1046 2690 1130 2756 Deus
1145 2705 1233 2754 seruo
1248 2705 1304 2754 suo
1326 2691 1461 2753 Amodeo
1487 2687 1568 2751 dllos
1583 2701 1649 2764 sex,
1664 2692 1695 2749 et
1708 2684 1788 2750 tilios

29 2787 114 2853 gnus
129 2771 292 2852 Princeps,
308 2771 365 2835 sed
390 2777 422 2834 ni
444 2771 536 2835 bomo
561 2771 749 2851 incognitus,
775 2780 806 2837 et
821 2794 890 2839 cum
936 2778 1017 2848 ires3
1034 2789 1112 2852 qnae
1128 2773 1199 2836 lelix
1212 2775 1314 2853 proies
1331 2774 1391 2837 dici
1408 2771 1570 2851 potuisset,
1587 2769 1647 2832 nisi
1660 2767 1787 2832 carolus

30 2856 175 2919 uestibus
202 2853 472 2934 peregrinantibus
500 2855 761 2926 accommodatis.
791 2864 821 2921 et
845 2860 891 2922 in·
936 2854 1171 2936 primogenitus,
1189 2858 1240 2936 qni
1257 2858 1343 2919 solus
1357 2857 1490 2920 idoneus
1505 2870 1562 2934 per
1575 2857 1703 2916 aetatem
1720 2857 1787 2916 erat

33 2938 177 3000 credibili
193 2935 391 3014 bumilitate,
418 2943 447 2998 et
471 2935 621 3016 religione
649 2935 827 3019 licclesins,
859 2947 890 3005 et
936 2939 974 3001 ad
989 2941 1127 3019 regimen
1143 2940 1340 3019 populorum,
1363 2946 1394 3002 ιι
1417 2939 1447 3000 ιι
1470 2939 1558 3001 ιιιιι
1573 2936 1681 2998 ιιιιιιι
1698 2940 1784 3014 pater

30 3020 205 3084 sanctuaria
219 3019 310 3082 Urbis
325 3017 431 3082 obivit.
448 3017 484 3080 In
497 3019 706 3098 eleemosynis
718 3021 815 3086 solnm
831 3026 890 3089 lar·
936 3037 998 3084 non
1014 3038 1120 3102 parum
1134 3021 1362 3101 acquiescebat:
1377 3021 1483 3102 paneis
1496 3019 1656 3084 mensibus
1671 3025 1742 3082 ante
1753 3033 1785 3081 o·

32 3103 157 3182 giendis
183 3108 247 3165 tum
273 3101 463 3182 pauperibus
488 3103 643 3183 singulis,
666 3108 730 3166 tum
755 3107 891 3171 xenodo·
934 3103 1032 3168 bitum
1046 3103 1141 3168 lincis
1151 3111 1257 3181 raptus
1268 3105 1387 3168 luisset.
1399 3103 1569 3184 Flagellum
1580 3103 1640 3166 boc
1653 3101 1706 3165 oei
1720 3117 1781 3165 non

32 3184 127 3264 obiis3
143 3199 206 3247 non
222 3199 257 3247 se
278 3199 447 3265 pauperem
462 3187 673 3266 peregrinum,
691 3187 745 3251 sed
761 3192 890 3269 opulen·
935 3188 1033 3267 potnit
1056 3203 1116 3250 non
1140 3190 1255 3252 sentire
1269 3188 1337 3252 ltux
1358 3193 1454 3265 pater,
1478 3187 1533 3249 sed
1555 3187 1596 3249 ita
1618 3184 1729 3262 sensit,
1751 3187 1785 3248 ut

34 3272 99 3331 tum
114 3265 287 3348 Principem
310 3266 541 3332 demonstrarit.
564 3269 723 3349 Siquidem
746 3289 885 3354 magnam
936 3271 1081 3335 continuo
1096 3271 1217 3335 divinae
1232 3272 1379 3335 uoluntati
1394 3269 1618 3350 acquiesceret.

34 3349 166 3429 argenti,
183 3351 292 3414 eiauri
314 3349 432 3430 copiam
459 3349 490 3413 in
514 3353 665 3420 eiusmodi
690 3361 795 3418 sancta
818 3356 884 3422 ioca
974 3355 1091 3434 Agebat
1114 3357 1174 3416 inm
1201 3355 1346 3434 Princeps
1371 3354 1507 3435 optimus
1536 3369 1648 3416 annum
1664 3345 1784 3414 tricesi-

35 3432 153 3512 eliudii,
179 3449 215 3497 ιι
240 3433 434 3512 potissimum
461 3435 499 3498 ad
525 3439 706 3502 memoriam
734 3438 886 3520 Principis
932 3437 1181 3518 mnmseptimum
1198 3439 1304 3501 aetatis
1327 3454 1396 3501 cum
1418 3435 1567 3502 Vercellis
1593 3437 1623 3498 io
1640 3435 1783 3499 morbum

36 3515 265 3596 Apostolorum,
290 3531 353 3580 non
377 3532 486 3579 aarum
508 3519 633 3602 solum,
660 3528 690 3587 et
714 3528 884 3602 argentum,
932 3519 1061 3598 incidit3
1078 3527 1109 3585 et
1123 3521 1261 3601 quamuis
1275 3521 1363 3584 stella
1387 3520 1495 3583 crinita
1510 3531 1589 3599 quae
1604 3518 1695 3596 paulo
1710 3522 1784 3582 ante

37 3599 93 3662 sed
113 3601 203 3665 eiiam
218 3615 356 3678 gemmas
379 3599 618 3679 pretiosissimas
640 3605 767 3669 dimisit.
786 3605 887 3671 Obicit
932 3604 962 3665 ιι
978 3606 1064 3668 caelo
1089 3610 1280 3685 apparuerat,
1305 3603 1480 3685 significare
1505 3603 1683 3666 crederetur
1702 3616 1782 3664 mor-

37 3686 142 3762 postea
166 3688 197 3747 et
210 3682 301 3744 aliam
322 3683 604 3763 peregrinationem
631 3697 707 3754 cum'
724 3703 817 3753 uxore
838 3689 887 3752 Io·
929 3691 990 3749 tem
1007 3689 1109 3767 magni
1124 3687 1253 3751 alicuius
1266 3687 1437 3767 Principis3
1459 3686 1529 3766 ipsa
1551 3691 1651 3748 tamon
1667 3685 1782 3748 ebutio

38 3765 127 3860 landa
151 3765 189 3828 ad
213 3773 444 3829 sacrosanctum
468 3766 662 3846 linteamin
684 3788 745 3854 qno
769 3775 886 3848 passio·
932 3769 1082 3835 diviniore
1107 3771 1225 3835 lumine
1245 3770 1415 3834 iliustratus
1441 3775 1617 3834 constanter
1632 3767 1784 3847 praedixit

38 3863 87 3912 ιιι
108 3846 283 3944 Dominicao
307 3847 455 3928 uestigia,
484 3865 546 3913 non
569 3849 638 3918 sine
660 3853 773 3934 insigni
797 3855 886 3918 mira·
932 3851 1024 3916 tinem
1039 3855 1117 3916 uitae
1134 3869 1207 3918 suae
1221 3852 1282 3918 iam
1297 3855 1523 3934 propinquare:
1541 3852 1616 3928 quin
1630 3852 1734 3925 etiem,
1748 3854 1783 3914 ιι

39 3929 108 3993 ιιιι
124 3943 274 4010 impressa
287 3939 465 3994 cernuntur.
483 3931 584 3996 0birit
599 3944 698 4002 autem
716 3955 783 4000 eam
800 3953 887 4017 pere·
930 3934 1041 4010 ierunt,
1059 3938 1138 4000 diem
1151 3937 1253 4014 ipsum
1269 3937 1411 4017 signarit,
1427 3936 1459 3998 in
1471 3951 1532 4015 qno
1544 3936 1583 3998 de
1595 3934 1653 3998 boc
1666 3933 1782 4014 mundo

39 4013 396 4092 grinationemnonslno
413 4031 523 4095 magno
539 4015 654 4094 labore,
670 4021 886 4099 etiatigaiione
932 4019 1116 4098 migraturus
1142 4025 1238 4083 esset.
1267 4019 1374 4098 ltaque
1401 4024 1553 4097 tamqnam
1583 4023 1669 4080 certo
1696 4015 1782 4080 breui

41 4110 162 4175 semper
187 4097 297 4174 pedes,
324 4103 357 4158 nt
372 4097 526 4178 passionis
540 4099 718 4168 Dominioao
733 4120 803 4167 oum
819 4105 885 4184 ipsa
930 4102 1094 4165 moriturus
1106 4102 1305 4180 sepulchrum
1319 4101 1381 4166 sibi
1392 4100 1518 4181 delegit,
1533 4117 1594 4164 non
1607 4099 1776 4179 excelsum,

41 4191 94 4241 sna
109 4177 238 4259 coniuge
253 4178 406 4260 particeps
419 4179 520 4244 fieret.
931 4200 1032 4263 oeque
1048 4186 1231 4266 pretiosnm3
1244 4186 1298 4250 sed
1312 4200 1486 4266 congruens
1501 4183 1579 4247 ritae
1593 4197 1679 4256 snae,
1693 4198 1782 4262 quam

83 4261 171 4325 Porro
186 4264 224 4325 ad
251 4264 478 4342 eleemosynas,
506 4273 536 4327 et
558 4269 835 4349 peregrinationes,
852 4288 883 4333 a·
928 4283 1054 4345 semper
1070 4269 1207 4344 claruerat,
1237 4266 1352 4332 tramite
1377 4267 1559 4346 eiunigare,
1573 4264 1650 4328 inira
1667 4265 1781 4346 gradus

44 4344 205 4426 diungebat
220 4345 311 4410 otiam
336 4343 515 4421 trequentes
540 4351 707 4428 orationes,
724 4357 756 4416 ci
771 4354 885 4417 ieiunia
929 4351 1073 4413 videlicet
1086 4366 1156 4413 arae
1173 4347 1297 4413 maioris
1311 4365 1417 4415 sacrae
1434 4350 1519 4414 aedis
1531 4348 1629 4413 sancii
1642 4345 1779 4420 uuscoit,

44 4445 141 4510 neque
155 4430 280 4495 desunt.
293 4433 345 4511 qui
369 4432 557 4507 existiment,
585 4433 756 4514 ireqneniia
771 4435 884 4499 ieiunia
928 4450 1008 4510 qnae
1023 4440 1070 4496 esi
1083 4433 1245 4508 Vercellis,
1262 4439 1297 4496 ιι
1316 4449 1378 4498 non
1402 4437 1530 4514 possent
1550 4431 1728 4498 sacerdotes
1743 4431 1781 4496 ιι

44 4513 74 4574 ιι
88 4529 174 4576 ιιιιι
189 4513 299 4590 inisse,
314 4522 349 4578 ut
363 4515 462 4579 rarius
475 4517 581 4581 morbo
596 4517 650 4581 illo
666 4535 722 4582 suo
744 4518 883 4582 iamiliari
927 4532 1007 4578 aram
1025 4533 1142 4579 sacrem
1159 4516 1341 4596 ascendere,
1359 4519 1434 4594 quin
1448 4517 1648 4596 sepulchrum
1664 4514 1779 4578 Princi·

47 4602 207 4660 vexaretur.
223 4597 330 4676 Neque
345 4613 416 4663 aero
431 4601 595 4680 religiosae
610 4609 639 4663 ct
655 4604 723 4681 piae
739 4606 884 4665 exercita·
927 4599 976 4676 pis
993 4600 1124 4678 pedibus
1147 4601 1314 4664 calcarent.
1331 4600 1420 4678 Quod
1434 4616 1492 4680 ego
1507 4599 1547 4663 de
1571 4598 1722 4663 industria
1738 4597 1782 4661 ia·

45 4679 137 4743 tiones
160 4680 369 4760 impediebant
400 4697 470 4745 enm
498 4683 662 4763 quominus
688 4693 884 4749 conservaret
928 4685 1009 4744 cium
1024 4697 1104 4757 reor,
1122 4700 1182 4746 noo
1199 4683 1299 4746 solnm
1312 4682 1705 4757 obemorembumilitniis,
1723 4682 1779 4746 sed

46 4761 223 4827 maiestatem
240 4764 401 4846 Principis,
419 4766 518 4846 qualis
533 4783 604 4830 enm
631 4767 760 4831 decebat
772 4775 836 4832 inm
851 4769 883 4832 in
929 4765 1019 4828 etiarn
1045 4773 1078 4830 ut
1104 4767 1289 4832 Sacerdotes
1312 4766 1434 4829 iacilins
1459 4768 1642 4830 memissent
1661 4765 1782 4830 animae

46 4845 146 4910 alenda
162 4863 324 4912 numerosa
341 4849 467 4925 inmitia,
486 4857 547 4913 tum
570 4852 602 4912 in
624 4851 786 4930 stipendiis
805 4852 884 4915 miii·
928 4848 1039 4927 ipsius,
1057 4866 1124 4912 cum
1137 4851 1168 4911 in
1185 4853 1253 4924 ipsa
1268 4867 1317 4912 ara
1333 4850 1465 4929 pretinm
1492 4855 1630 4914 nostrum
1652 4847 1783 4914 Domino

46 4928 122 4994 tibus
134 4932 343 4998 numerandis.
370 4931 497 4996 Noverat
519 4933 600 4996 enim
620 4935 821 4998 Patriarcham
836 4935 884 4998 lo·
928 4932 992 4995 Deo
1013 4931 1171 4997 oilerreni.
1199 4933 1305 5009 ltaque
1333 4932 1558 5013 propinquante
1585 4932 1636 4995 die
1654 4930 1780 5013 abipso

46 5011 178 5092 sapbnm,
196 5015 415 5079 moderatorem
442 5016 583 5098 Aegypti,
611 5025 640 5080 ιι
664 5016 809 5081 Paridem
827 5017 884 5081 lle·
928 5015 1409 5097 praedicta,snsoeptisdemore
1423 5014 1559 5079 bdelium
1575 5014 1781 5080 sanctissime

46 5093 197 5160 braeornm
212 5095 340 5179 Regem,
357 5106 387 5162 et
411 5107 546 5164 nostros.
561 5099 728 5164 ilenricnm
750 5099 884 5181 Impera·
928 5098 1456 5175 Sacramentis,nominaritnxorem
1472 5098 1628 5162 lolandam
1644 5098 1780 5162 tutricem

49 5183 136 5243 torem
156 5179 338 5258 Romanum,
355 5189 385 5245 et
410 5183 597 5246 Lndoricnm
614 5184 727 5264 Regem
754 5184 884 5249 Pramo-
928 5180 1071 5256 tiliornm,
1087 5185 1137 5261 qui
1152 5187 1215 5248 ires
1235 5190 1348 5246 tantum
1365 5190 1555 5260 supererant,
1580 5185 1610 5244 ιι
1631 5187 1702 5244 ιιιι
1717 5197 1781 5244 ma·

48 5275 120 5338 rom,
134 5263 200 5328 sina
214 5263 399 5331 detrimento
413 5267 537 5348 pietatis
564 5268 701 5344 potuisse
717 5267 830 5348 iiegna,
854 5273 886 5332 et
927 5267 1039 5339 nimos,
1056 5269 1217 5346 septennis
1233 5273 1308 5331 enai.
1323 5265 1442 5329 Deinde
1457 5265 1571 5329 vocatis
1586 5266 1622 5327 ad
1637 5278 1673 5326 sa
1687 5278 1782 5328 uxore

49 5345 161 5426 imperia
178 5347 280 5411 debita
307 5365 376 5411 cum
401 5353 581 5414 auctoritate
597 5352 781 5430 gobernare.
803 5349 883 5416 Illud
928 5349 1057 5426 cilitiis,
1074 5359 1104 5414 et
1119 5351 1293 5430 praecipuis
1309 5347 1534 5429 llagistratibns
1555 5346 1780 5413 commendarit

52 5431 138 5522 tamen
153 5431 193 5508 pii
207 5431 378 5511 Principes,
396 5439 425 5496 ιι
440 5436 470 5496 ιι
484 5434 531 5497 ιιι
543 5435 825 5512 oosierAmadeus,
839 5435 884 5498 ιι·
926 5431 1000 5504 illis,
1018 5450 1096 5513 quae
1111 5433 1170 5510 ipsi
1198 5432 1362 5510 praecipue
1389 5447 1511 5512 semper
1536 5430 1620 5495 cordi
1646 5426 1780 5507 inerant,

2 5541 4 5588 q
51 5511 167 5590 irgenter
180 5513 339 5593 curabant,
353 5521 386 5579 ut
400 5517 437 5580 ab
453 5517 521 5580 aula
538 5519 696 5580 exularent
717 5518 813 5593 mimi,
831 5536 882 5596 pa·
927 5515 977 5578 bis
991 5516 1105 5580 uerbis.
1121 5515 1230 5580 Voeite
1244 5516 1407 5580 iodicium
1422 5519 1452 5578 et
1473 5515 1644 5589 iustitiam,
1662 5517 1691 5577 ei
1706 5514 1781 5580 diii·

1 5625 6 5676 t
51 5597 132 5670 rasili,
147 5603 305 5677 gnatones,
323 5600 441 5663 inutilia
467 5607 564 5664 terrae
581 5601 775 5680 pondera,et
788 5605 881 5665 molto
925 5599 1400 5679 qtrepcoperes:eriiomtcos
1421 5596 1692 5678 dcoitpcccmto
1706 5591 1780 5680 ιιι·

2 5714 7 5771 q
52 5679 136 5757 magis
146 5681 356 5759 blasphemiis,
373 5684 420 5748 rei
436 5683 580 5764 periuriis
593 5681 706 5748 addicti
721 5702 729 5762 ;
745 5702 847 5766 neque
859 5686 880 5749 ii
928 5681 1127 5749 maiestate:
1145 5683 1207 5747 ιιιι
1223 5684 1342 5748 ιιιιιιι
1369 5683 1458 5762 panio
1481 5687 1550 5762 post
1563 5683 1688 5746 sanctae
1704 5683 1781 5746 ιιι·

141 5781 294 5845 Butuntum
313 5785 373 5846 vot.
388 5786 434 5846 vl.
779 5831 788 5858 ,
1606 5777 1642 5838 78
