4056 6260
281 223 335 308 ιιι
860 236 1334 316 namrannnrmrorrlra

209 385 368 472 guantium
392 387 500 465 postea
522 401 593 468 cum
607 381 673 454 lieo
694 383 728 452 in
742 384 850 468 malls,
866 403 971 456 seems
990 388 1062 453 neli-
1103 381 1433 468 imperatorem,aguo
1446 371 1779 462 plmimlsetmaxinris
1792 373 1970 446 boneficiis

209 473 299 552 gulas
313 476 345 534 et
358 470 510 550 imagines
534 469 652 536 liment.
668 466 746 552 Quid
769 471 867 536 dicam
894 472 1061 538 dedititiis
1105 463 1235 530 allectus
1249 469 1325 543 erat,
1341 481 1396 544 per
1411 465 1523 530 milites
1537 481 1611 531 suos
1625 465 1757 540 occidit,
1774 468 1807 526 ut
1821 463 1867 526 illi
1885 479 1971 525 suc-

209 555 388 619 coelcslium
404 547 687 634 magnainagna
702 571 808 620 eorum
832 554 954 618 diuitiae
976 548 1059 632 sunl,
1105 549 1550 628 cederetinlmperium.(Lilr.
1563 547 1749 614 Reccidit.
1762 542 1970 627 tlctcaplt.)

210 640 294 702 nulla
306 653 339 700 re
352 638 503 716 indigere,
514 653 583 700 cum
591 637 676 702 Reus
692 637 731 700 sit
744 634 847 701 omnia
859 638 890 700 in
903 638 1061 704 omnibus.
1106 632 1193 708 Quod
1210 632 1291 696 idem
1307 631 1379 720 iecit
1390 631 1657 712 Philippnsltrabs
1673 631 1798 696 domiuo
1812 646 1871 694 suo
1884 630 1970 694 Gor·

209 721 314 803 Reque
329 721 412 783 anim
428 720 513 783 dines
528 725 585 794 est,
600 719 653 800 qui
665 721 758 783 multa
775 720 924 802 possidet,
937 723 994 786 sed
1010 721 1064 800 qui
1106 716 1197 780 diano
1211 715 1414 793 Imperatori,
1437 715 1554 778 scelere
1576 731 1701 794 prorsus
1726 713 1879 778 inaudito.
1896 713 1971 776 Nec

210 805 287 868 nihil
303 802 468 874 desiderat,
485 813 556 865 cum
573 804 657 866 nulla
671 819 704 866 re
719 802 877 884 indigeat.
894 805 1016 868 animus
1031 823 1062 868 e·
1107 801 1208 862 solum
1230 799 1379 878 regnandi
1401 797 1498 862 libido
1519 806 1623 862 eontra
1643 799 1799 882 proximos
1814 803 1845 860 et
1859 795 1971 860 bene·

211 891 274 952 nim
290 887 378 950 dines
391 886 484 948 debet
497 898 580 963 esse,
595 902 657 948 non
672 902 755 966 arca3
772 886 963 960 utomittam,
981 889 1063 968 quud
1108 883 1255 952 meritos,
1279 883 1335 944 sad
1358 882 1448 944 eliam
1470 888 1574 945 contra
1596 884 1725 957 iratres,
1749 887 1906 960 nepotes,
1934 885 1973 942 et

212 973 334 1035 coelam
349 977 380 1031 er
394 975 485 1042 ιιιιι,
502 975 533 1030 ιι
547 969 696 1048 peracuta
712 971 743 1031 tn
756 969 803 1032 crs
818 971 924 1045 esraa
939 971 1065 1036 sancto·
1108 965 1211 1044 ipsum
1227 967 1355 1041 patrem,
1372 981 1482 1028 manus
1496 964 1646 1046 sanguine
1660 963 1897 1028 coniunctorum
1916 979 1970 1024 ar·

209 1071 280 1118 rum
295 1052 415 1117 divilias
440 1052 594 1128 pertinet:
611 1050 670 1130 (l.
687 1051 758 1116 Cor.
775 1052 826 1118 lt.
844 1056 856 1126 ι
881 1056 955 1132 guid
981 1053 1064 1117 enim
1110 1047 1213 1112 matil-
1228 1047 1377 1112 R⁰mt¹lt¹S
1392 1048 1539 1128 lignandi
1556 1066 1647 1112 taust
1662 1049 1791 1122 Remum
1809 1046 1940 1108 sitirem
1957 1092 1967 1122 ι

213 1155 275 1200 non
292 1136 523 1215 possidentem
538 1141 610 1196 sunl
624 1135 777 1199 humectes
792 1137 1067 1213 optemperandi
1110 1138 1141 1196 et
1154 1131 1308 1195 Caracalla
1324 1131 1429 1194 (telam
1450 1133 1571 1194 tratrem
1587 1132 1713 1195 occidit.
1729 1127 1847 1193 Athalia
1865 1144 1972 1207 nepo·

214 1227 325 1284 actem
340 1218 465 1290 Christi,
481 1233 576 1297 guam
597 1219 761 1292 constituit
774 1217 890 1304 (Rom.
905 1219 937 1284 8.
953 1221 1068 1300 litator
1110 1217 1282 1280 tes'omnes
1296 1229 1332 1277 en
1354 1213 1417 1276 filio
1433 1211 1561 1277 Ocharia
1577 1215 1659 1298 Rege
1679 1215 1814 1285 sustulit,
1839 1218 1873 1274 ut
1896 1215 1971 1291 ipsa

213 1303 388 1368 haeredem
401 1299 790 1384 uniuersorumlfflebr.
807 1303 877 1382 t.).
953 1325 955 1330 ’
1110 1303 1265 1377 regnaret,
1282 1303 1315 1359 ut
1334 1297 1468 1375 legimus
1490 1299 1519 1360 in
1543 1297 1621 1361 libro
1641 1295 1896 1376 guartoRegum.
1922 1297 1972 1358 lta

255 1387 360 1450 Restat
383 1383 544 1464 voluptas,
569 1399 649 1461 quae
674 1385 801 1448 omnino
817 1374 896 1463 pura'
907 1390 938 1447 et
952 1387 1066 1468 liquida
1110 1381 1260 1462 regnandi
1276 1381 1388 1459 cupido
1405 1396 1464 1443 non
1479 1383 1563 1446 solos
1578 1382 1680 1454 siros,
1697 1379 1755 1444 sed
1769 1381 1860 1444 eliam
1877 1377 1973 1444 femi.-

214 1477 262 1534 est
277 1471 308 1530 in
323 1467 460 1546 Regibus
475 1467 568 1538 coeli,
583 1469 651 1530 sine
665 1469 727 1530 ulla
742 1469 931 1532 admissione
952 1471 1068 1534 doloris
1112 1483 1168 1526 nas
1189 1464 1331 1526 accendit
1346 1463 1383 1526 ad
1398 1463 1548 1528 horrenda
1570 1465 1715 1542 patranda
1737 1463 1887 1526 facinora.
1904 1461 1920 1543 (
1936 1459 1971 1524 l.

214 1559 265 1616 aut
280 1549 442 1626 moeroris,
458 1551 518 1610 iam
535 1551 617 1613 enlm
632 1547 805 1616 audirimus
820 1569 857 1615 ex
872 1552 1068 1635 Apocalypsi,
1112 1548 1189 1628 Reg.
1207 1546 1257 1610 tt.
1272 1543 1286 1630 )
1301 1545 1456 1610 Sinoohus
1470 1545 1562 1612 Rersa
1578 1545 1767 1610 chosdroam
1794 1551 1916 1626 patrem
1940 1549 1974 1605 ιι

215 1637 426 1698 abstersurum
443 1633 558 1708 Reum,
575 1649 697 1696 omnem
713 1635 876 1716 lacrymam
891 1681 900 1711 ,
916 1634 954 1698 ab
969 1637 1069 1704 oeulis
1112 1631 1282 1695 liedersem
1298 1629 1421 1694 tratrem
1442 1631 1663 1694 interimendos
1685 1628 1812 1705 curarit,
1830 1637 1863 1692 nt
1879 1628 1974 1691 solus

187 1791 190 1796 g
216 1734 336 1792 eorum,
347 1731 450 1793 necue
465 1717 561 1778 ullum
575 1716 708 1779 laturum
722 1719 854 1794 amplius
866 1719 1005 1782 dolorem
1018 1726 1070 1784 aut
1113 1717 1182 1794 ipse
1195 1719 1351 1792 regnaret.
1368 1713 1445 1788 Quid
1462 1713 1542 1791 guod
1558 1711 1688 1777 Neronis
1703 1719 1811 1787 mater,
1827 1727 1901 1774 cum
1919 1729 1973 1772 ac·

216 1801 346 1864 ioelum.
362 1802 374 1878 (
389 1803 483 1876 apoc.
500 1799 551 1862 21.
567 1796 593 1879 ).
610 1799 671 1861 Sed
693 1801 732 1862 de
757 1803 908 1880 roluplatc
925 1803 1009 1880 plura
1025 1795 1070 1867 di·
1114 1800 1250 1877 cepisset
1270 1797 1308 1859 ab
1320 1795 1501 1878 'Astrologis
1525 1797 1621 1860 tilium
1643 1813 1732 1858 suum
1751 1803 1969 1876 regnaturum,

217 1886 314 1947 canda
336 1889 449 1957 erunt,
472 1898 542 1943 cum
565 1882 604 1944 de
618 1881 764 1944 rnraurso
779 1884 954 1963 loquemur.
972 1886 1070 1949 liabe-
1115 1881 1172 1944 scd
1188 1884 1313 1942 matrem
1330 1880 1594 1958 interempturum,
1619 1880 1734 1942 dixisse
1749 1879 1866 1944 lentur:
1883 1877 1974 1940 Inte-

219 1984 288 2030 mus
303 1965 406 2046 igitur,
422 1963 502 2026 bona
518 1969 711 2044 regnantium
729 1966 797 2027 talia
820 1969 851 2029 in
867 1967 955 2030 coelo
971 1971 1070 2032 lutura
1113 1966 1235 2034 ιιιιιιιι.
1259 1964 1338 2028 dum
1351 1963 1497 2042 imperet.
1513 1963 1619 2041 Itaque
1633 1964 1706 2025 tanti
1721 1961 1792 2026 iecit
1807 1960 1973 2024 ambitiose

219 2067 291 2114 esso
302 2051 417 2111 sanclis
428 2045 746 2127 omnibusBealisque
759 2051 1071 2132 communia,utquae
1115 2048 1226 2112 mulier
1240 2045 1379 2124 Regnum
1395 2046 1460 2126 lilii,
1478 2052 1510 2109 ut
1525 2049 1613 2108 vitam
1630 2048 1727 2122 ipsam
1740 2063 1827 2110 suam
1844 2052 1976 2125 postpo-

220 2131 352 2196 suntln
367 2132 458 2193 terris
472 2151 488 2206 ‚¹
505 2131 589 2192 nullo
613 2132 703 2193 modo
725 2147 795 2194 curn
818 2133 880 2195 illis
900 2137 1072 2214 comparari
1115 2130 1213 2194 suerit
1226 2128 1333 2208 Regno
1357 2129 1426 2191 tilii.
1449 2129 1556 2208 Reque
1581 2127 1683 2192 solam
1707 2129 1856 2208 regnandi
1885 2142 1976 2190 amor

220 2231 316 2296 posse
330 2214 512 2287 rideantur,
534 2217 713 2292 praesertim
736 2231 807 2279 cum
822 2225 941 2280 terrena
957 2222 1074 2300 tempo·
1114 2211 1295 2276 iniustitiam
1311 2211 1422 2277 iustam
1438 2211 1515 2286 iacit,
1529 2219 1705 2276 clamorem
1722 2214 1859 2284 iratrum,
1873 2223 1975 2288 nepo·

219 2298 297 2364 naria
312 2298 386 2377 sint,
401 2297 548 2361 eoelestia
563 2299 764 2380 sempiterna.
943 2301 946 2310 '
1061 2303 1066 2310 “
1115 2303 1194 2370 tum,
1209 2300 1370 2374 parentum
1383 2296 1583 2375 superasset
1595 2297 1686 2358 etiam
1698 2295 1883 2374 religionem
1897 2293 1977 2356 iuris

1063 2449 1066 2459 ,
1116 2377 1239 2444 iurandi
1263 2375 1372 2463 (guae
1398 2377 1477 2460 apud
1503 2375 1614 2444 omnes
1638 2383 1748 2457 gentas
1773 2379 1975 2464 sanctissima

523 2474 527 2490 ¹
571 2461 652 2528 etl.
674 2465 724 2530 lt.
1116 2477 1241 2542 semper
1252 2470 1300 2525 eat
1312 2461 1426 2540 habita,
1436 2468 1466 2524 et
1477 2461 1718 2525 hostibusetiam
1731 2459 1974 2534 crudelissimis,

471 2565 474 2572 ’
751 2567 754 2574 ’
1117 2548 1192 2610 licet
1212 2561 1283 2610 cum
1304 2548 1385 2610 ritae
1407 2546 1556 2625 periculo,
1579 2543 1727 2610 serrendo
1750 2545 1813 2608 risa
1829 2550 1879 2608 est
1895 2541 1909 2624 )
1925 2558 1975 2607 re·

247 2623 727 2706 Quantisiontopudltornines
741 2628 1053 2710 Regncterrnrunr3
1118 2629 1233 2708 gnandi
1259 2643 1351 2692 cansa
1376 2627 1547 2693 violandam
1571 2643 1643 2691 esse
1667 2625 1818 2690 decernit.
1836 2627 1972 2690 sienim

276 2717 308 2772 et
320 2711 439 2790 guanti
450 2707 527 2786 liert
541 2711 668 2775 ιιιιιιιιι
677 2711 827 2792 Regnum
842 2715 1017 2778 coeloram.
1119 2711 1260 2776 Ciceroni
1275 2712 1430 2774 credimus
1445 2714 1474 2773 ln
1489 2711 1567 2774 libro
1581 2711 1670 2774 tertio
1686 2715 1724 2772 de
1737 2708 1859 2784 officiis
1871 2709 1976 2774 lulius

790 2807 795 2818 '
1120 2793 1231 2858 caesar
1247 2811 1354 2859 uersus
1369 2793 1441 2856 illos
1452 2794 1607 2874 Euripidis
1621 2794 1652 2856 in
1670 2809 1723 2856 ore
1738 2808 1864 2872 semper
1882 2793 1976 2856 ilabe-

263 2875 330 2940 Jam
345 2891 416 2939 nero
432 2877 590 2958 paulisper
605 2877 820 2956 attendamus,
836 2883 950 2957 guanto
964 2877 1075 2940 ardore
1119 2879 1194 2942 bal:
1211 2875 1248 2942 st
1259 2877 1493 2943 iusiurandum
1513 2877 1704 2941 uiolandum
1726 2882 1782 2950 est,
1807 2877 1978 2957 regnandi

222 2960 332 3040 Regna
340 2965 459 3022 terrena
467 2961 722 3040 concupiscantur
736 2962 774 3025 ab
784 2961 1076 3038 ncmrnllnsquan·
1119 2977 1221 3025 causo
1233 2961 1426 3025 uiolandum
1440 2968 1507 3024 est:
1527 2961 1565 3026 ia
1578 2961 1690 3024 ceteris
1704 2959 1857 3040 pictatem
1871 2961 1976 3028 colus.

224 3042 336 3105 cumnis
351 3043 477 3116 caduca,
494 3045 616 3124 exigua,
633 3046 724 3122 plena
735 3045 898 3107 timoribus
917 3051 947 3106 et
961 3041 1076 3106 sollici·
1121 3045 1330 3106 Praetermitto
1345 3047 1484 3122 exempla
1501 3043 1568 3106 sine
1580 3059 1718 3116 numero,
1733 3058 1813 3121 guae
1827 3043 1977 3110 omnibus

222 3126 395 3199 tudinibus3
411 3134 445 3189 ut
459 3127 532 3188 inde
547 3129 742 3207 colligamus,
756 3131 869 3207 quanto
883 3142 988 3188 amore
1003 3142 1076 3189 con·
1120 3127 1256 3190 saeculis
1270 3127 1532 3198 demonstrarunt,
1555 3127 1633 3188 nihil
1649 3125 1775 3190 omnino
1790 3142 1872 3196 esse,
1890 3131 1976 3204 guod

223 3210 433 3287 cupiscenda,
450 3217 480 3271 et
495 3217 609 3290 quanto
623 3213 734 3273 ardore
749 3212 927 3288 quaerenda
942 3211 1004 3272 sint
1018 3209 1075 3271 Re·
1119 3210 1158 3272 ab
1174 3209 1352 3273 hominibus
1366 3210 1464 3288 pluris
1479 3209 1679 3284 aestimetur,
1696 3225 1787 3290 quam
1803 3207 1946 3291 Regnum
1964 3229 1974 3274 ε

222 3309 282 3372 gna
296 3291 454 3356 coelestia.
466 3292 627 3372 Regnandi
641 3293 794 3372 cupiditas
805 3297 873 3356 sinc
885 3291 1076 3368 dubitatione
1120 3299 1151 3356 et
1165 3299 1268 3356 tamen
1284 3309 1346 3359 non
1362 3291 1464 3356 solum
1479 3292 1579 3374 Reges
1595 3307 1657 3356 non
1672 3291 1725 3354 diu
1739 3301 1892 3372 regnant,
1916 3295 1975 3356 sed

224 3373 407 3451 cupiditates
428 3390 538 3439 omnes
559 3378 711 3439 humanas
730 3376 820 3439 lacllc
834 3382 981 3456 superat:
1004 3389 1075 3438 nam
1119 3377 1187 3453 ipsa
1203 3375 1526 3455 etiamRegna'omnla
1541 3375 1625 3441 hreni
1640 3374 1778 3438 tunditus
1789 3373 1972 3454 interibunt,

225 3458 362 3537 Regnum
378 3463 502 3521 nonest
518 3475 611 3524 cuum
627 3460 786 3538 singulare
801 3459 940 3535 bonum,
956 3457 1012 3521 sed
1029 3464 1077 3522 est
1120 3457 1484 3540 etRagnumSanctorum
1497 3458 1597 3522 solum
1610 3456 1746 3524 manebit
1757 3457 1790 3520 in
1801 3463 1973 3524 aeteruum.

223 3541 399 3620 aggregatio
414 3540 567 3604 bonorum
581 3541 730 3616 omnium,
748 3557 828 3620 quae
843 3542 882 3604 ab
898 3539 1077 3604 homiuibus
1123 3540 1200 3603 dudi
1216 3541 1373 3604 Danielem
1389 3541 1571 3618 Prophelam
1590 3558 1661 3621 cap.
1677 3540 1890 3606 secundario
1906 3543 1975 3606 die·

224 3627 422 3701 appetuntur.
437 3623 484 3686 lar
499 3631 573 3687 suat
586 3629 734 3702 potestas,
750 3624 861 3698 ιιοιιοι,
877 3623 1011 3700 diuitiae,
1027 3638 1078 3687 ro·
1123 3624 1194 3694 bus,
1208 3623 1321 3700 innuit,
1343 3625 1527 3704 Regnorum
1546 3625 1689 3702 illorum,
1710 3623 1877 3688 armciwbit
1889 3624 1976 3690 aaa

224 3705 347 3784 lupus,
364 3715 398 3768 nt
413 3706 589 3784 pentomis
605 3707 810 3771 dicebamus:
826 3707 870 3770 ibi
885 3712 933 3772 est
951 3706 1078 3770 libertas
1122 3707 1205 3770 coeli
1217 3706 1377 3784 Regnum,
1393 3709 1482 3791 qood
1494 3709 1533 3772 in
1546 3707 1975 3785 ceterncmnondissipotl·

225 3787 346 3853 nireudi
361 3803 417 3869 pra
430 3787 555 3853 arbitrio
568 3837 579 3866 ,
593 3805 674 3870 quae
687 3789 866 3855 naturaliter
878 3789 918 3853 ab
932 3789 1078 3853 omnious
1124 3795 1189 3865 tur,
1204 3795 1235 3852 et
1245 3789 1394 3874 Regnum
1408 3791 1478 3854 ιιιιι
1492 3791 1587 3854 altori
1599 3791 1720 3871 populo
1734 3791 1974 3874 contradatur:

220 3871 381 3950 appetitur
394 3887 455 3934 non
468 3873 569 3936 solum
581 3872 772 3946 hominibus,
784 3874 840 3936 sert
853 3875 944 3936 etiam
957 3870 1077 3936 bestiis:
1124 3873 1320 3936 comminuet
1344 3881 1454 3937 autern
1468 3881 1498 3936 el
1512 3877 1676 3940 consumet
1696 3874 1851 3938 uniuerso
1865 3871 1976 3956 Regna

225 3953 270 4018 ibi
285 3962 333 4017 ost
347 3953 541 4031 excellentia,
554 3963 584 4018 at
599 3957 749 4036 quaedam
764 3957 853 4036 guasi
865 3957 1022 4032 alrinlras,
1038 3955 1079 4019 ob
1125 3955 1218 4028 acca,
1233 3961 1264 4020 et
1283 3957 1393 4034 ipsum
1416 3957 1512 4020 stabit
1537 3959 1576 4022 in
1599 3963 1781 4022 ceramum.
1795 3954 1976 4020 Vaticinium

227 4053 317 4114 uuam
334 4037 434 4115 Reges
448 4037 479 4100 in
494 4037 601 4118 Regno
622 4055 713 4118 pares
740 4040 843 4103 nullos
862 4038 1000 4112 liabent,
1022 4040 1079 4102 sed
1127 4037 1187 4101 troc
1211 4037 1405 4116 implendum
1431 4045 1479 4104 cst
1504 4038 1536 4103 iu
1561 4039 1825 4104 consummatione
1847 4041 1974 4103 mundi:

226 4120 372 4182 omnibus
389 4128 566 4197 praestant,
582 4137 692 4183 omnes
705 4129 864 4201 superant,
882 4120 920 4184 ab
935 4122 1081 4186 omnibus
1123 4126 1199 4185 tunc
1219 4122 1303 4185 cairo
1330 4139 1392 4184 non
1413 4125 1514 4186 solum
1535 4119 1729 4186 llonarclriae
1752 4121 1895 4196 maiores,
1918 4127 1975 4188 sed

227 4205 404 4265 adorantur.
420 4202 499 4266 lllnc
513 4205 658 4266 videlieet
671 4203 782 4284 Reges,
798 4222 873 4289 cum
884 4203 1000 4284 aliquid
1015 4205 1082 4284 pol·
1125 4203 1216 4268 eliam
1233 4221 1324 4285 parra
1335 4205 1437 4286 Regna
1451 4212 1481 4268 et
1493 4207 1698 4284 magistratus,
1711 4209 1742 4268 el
1754 4212 1889 4282 potestas
1901 4211 1977 4268 lem·

228 4286 314 4349 liceri
329 4286 457 4362 nolunt,
474 4285 551 4349 nillil
567 4287 665 4351 malus
680 4289 862 4357 inveniunt.
884 4305 976 4362 guam
992 4287 1081 4350 rtirni·
1128 4287 1277 4364 paralium
1293 4287 1469 4368 Principum
1485 4287 1586 4352 omnis
1600 4294 1774 4366 euanescet3
1791 4295 1821 4350 et
1836 4285 1974 4366 Regnum

227 4371 312 4431 dium
326 4367 425 4448 Regni
444 4370 508 4442 sui.
530 4369 582 4433 Sic
603 4370 759 4434 Rssuerus
780 4371 819 4433 ad
840 4370 952 4435 Rslher
969 4389 981 4452 ι
997 4369 1082 4448 Quart
1126 4369 1237 4434 Christi
1253 4377 1285 4432 el
1299 4371 1480 4434 Sanctorum
1495 4377 1633 4434 eternum
1654 4374 1734 4442 erit,
1751 4373 1833 4436 iuxta
1848 4372 1971 4436 neroum

227 4451 287 4524 oia,
301 4451 412 4530 inquil,
424 4467 492 4533 guo
505 4458 552 4516 est
562 4453 674 4532 petitio
686 4453 760 4517 tuot
771 4453 900 4520 etiamsi
908 4454 1083 4520 dimidiam
1126 4454 1235 4532 augeli
1249 4453 1349 4517 Lucae
1366 4453 1450 4526 RRt
1464 4453 1566 4534 Regni
1580 4458 1649 4520 eius
1663 4469 1732 4518 non
1746 4455 1806 4519 erit
1819 4451 1904 4530 linis.

226 4539 355 4614 portem
368 4533 627 4614 segnipedes,
644 4535 775 4599 dabitur·
789 4537 859 4602 tibi.
875 4537 977 4614 (asra.
991 4535 1036 4616 5.)
1053 4543 1083 4598 ιι
1168 4535 1234 4600 iam
1247 4538 1273 4599 si
1285 4536 1425 4614 Regnum
1436 4539 1542 4616 breve,
1558 4543 1588 4601 et
1598 4539 1802 4614 caducum,el
1812 4537 1893 4618 quod
1905 4555 1976 4615 pau·

227 4617 369 4680 Herodes
384 4619 422 4678 ad
436 4616 531 4679 illlam
548 4617 753 4682 Herodiadis:
771 4619 844 4682 Pete
859 4637 953 4692 orne,
971 4621 1081 4697 laguil,
1130 4621 1177 4682 cis
1191 4621 1352 4697 contingit,
1376 4626 1407 4684 el
1427 4622 1508 4699 guod
1534 4635 1694 4700 aspersum
1709 4621 1758 4684 ast
1771 4621 1977 4686 amaritudini·

229 4701 317 4780 quod
330 4700 390 4766 cis.
407 4707 436 4762 et
449 4701 534 4764 dotto
548 4699 606 4762 tibi
615 4720 628 4777 ‚·
643 4702 806 4765 alienauit
815 4703 878 4772 illi,
894 4702 977 4779 Quia
988 4703 1083 4776 guid·
1134 4703 1191 4764 bus
1206 4702 1358 4780 plurimis,
1376 4710 1435 4765 tam
1450 4705 1592 4766 ardenter
1606 4711 1733 4773 amatur,
1750 4703 1916 4781 quaeritur,
1932 4722 1978 4768 rc·

176 4785 177 4788 ’
229 4783 312 4862 guid
333 4783 487 4859 petieris,
513 4781 966 4856 dodotibi,licetdimtdium
980 4785 1085 4865 Regni
1133 4786 1194 4847 ltus
1215 4785 1360 4848 omnibus
1380 4787 1644 4864 anteponitur,et
1665 4789 1977 4866 perrulneraelma·

228 4867 305 4927 mei.
322 4861 431 4947 (Mur.
447 4865 480 4928 6.
496 4863 509 4946 )
525 4865 604 4930 Hinc
619 4866 667 4942 tlt,
686 4876 719 4930 ut
733 4873 771 4929 ad
786 4869 891 4947 Regna
907 4868 1085 4950 quaerenda
1129 4883 1219 4946 gnam
1235 4869 1396 4948 sanguinis
1408 4867 1591 4932 allusionem
1604 4870 1784 4948 acquiritur:
1798 4887 1876 4950 quae
1887 4887 1976 4934 causa

228 4947 278 5008 ιιι
296 4949 490 5028 propaganda
507 4948 602 5012 licere
624 4949 683 5012 sibi
700 4951 876 5013 existiment
891 4953 1035 5014 homines
1050 4967 1083 5012 o·
1131 4957 1189 5020 est,
1206 4967 1263 5014 cur
1276 4953 1410 5014 caeleste
1424 4953 1563 5030 Regnum
1576 4960 1637 5016 lam
1650 4954 1737 5029 pauci
1753 4959 1865 5026 ament,
1878 4960 1908 5015 el
1919 4961 1976 5018 lam

231 5031 313 5092 maia
325 5029 394 5110 jura
410 5040 719 5112 perverteregneque
733 5033 849 5111 aliquid
865 5041 925 5096 tam
942 5041 1082 5097 sanctum
1135 5031 1327 5112 negligenter
1341 5035 1512 5112 quaerant?
1527 5041 1557 5096 el
1571 5043 1672 5099 tamen
1687 5051 1742 5115 pro
1758 5045 1912 5114 comperto
1928 5039 1977 5100 ha·

231 5127 315 5188 osse,
329 5113 411 5188 guod
427 5130 490 5176 uon
506 5115 598 5176 liceat
610 5117 761 5194 regnandi
775 5133 867 5179 causa
883 5115 1009 5180 uiolare.
1023 5117 1084 5179 erl·
1134 5115 1257 5193 bemus,
1279 5121 1306 5180 si
1329 5117 1494 5196 Scripturis
1515 5119 1629 5180 sanctis
1651 5120 1820 5197 credimus,
1843 5120 1976 5199 Regnum

233 5212 301 5258 mus
314 5197 466 5272 omnium,
482 5199 509 5258 ri
525 5198 642 5260 amicos
657 5205 689 5261 et
704 5198 822 5263 vicinos
843 5199 913 5264 siue
927 5200 988 5263 ulla
1004 5201 1084 5263 iusta
1134 5199 1208 5262 illud
1225 5201 1368 5270 omnibus
1384 5201 1560 5263 hominibus
1576 5208 1704 5280 patera,
1720 5209 1751 5264 et
1764 5201 1834 5264 sine
1849 5205 1974 5265 rulueri·

233 5295 326 5341 causa
342 5279 425 5341 bello
440 5280 606 5355 lacessivit,
620 5280 718 5345 Ninus
732 5283 806 5359 iuit3
822 5290 856 5346 ιιι
868 5282 1014 5346 videlicet
1030 5297 1085 5360 per
1130 5283 1191 5346 bus
1205 5289 1236 5346 et
1250 5282 1409 5360 sanguinis
1432 5283 1582 5348 allusione
1604 5301 1698 5363 posse
1718 5285 1850 5362 acquiri,
1866 5292 1895 5347 et
1910 5286 1978 5350 sinc

233 5362 279 5426 ias
292 5361 424 5425 etnelas
439 5362 606 5439 imperium
622 5372 814 5443 propageret,
831 5365 843 5446 (
858 5365 940 5430 Just.
958 5367 1013 5429 tle.
1027 5363 1084 5450 l.)
1131 5365 1192 5430 ulle
1215 5370 1442 5442 comparatione
1458 5367 1551 5446 Regni
1575 5371 1706 5432 terrenis
1727 5367 1871 5432 omnibus
1892 5385 1979 5447 prae-

235 5451 268 5507 ut
290 5461 327 5508 ιι
341 5443 462 5508 tustino
484 5455 610 5510 sanctas
625 5448 815 5526 Augustinus
836 5450 929 5512 relect
950 5451 981 5512 ln
1004 5449 1084 5512 libro
1131 5455 1223 5512 stare.
1240 5449 1270 5510 Sl
1287 5451 1434 5527 dicerem,
1451 5449 1619 5513 contemne
1632 5451 1783 5527 Regnum,
1800 5458 1833 5514 ut
1848 5453 1977 5526 accipias

236 5528 278 5590 lle
293 5528 412 5592 ciritete
428 5528 493 5591 Rei.
509 5527 608 5594 lulius
624 5531 735 5594 Caesar
750 5539 783 5593 ut
798 5539 950 5612 regnaret,
966 5533 1085 5611 primus
1131 5549 1253 5609 parrum
1276 5533 1407 5610 agellum
1424 5541 1474 5595 aut
1494 5537 1635 5612 vineam,
1659 5533 1766 5597 merito
1791 5535 1907 5596 rideres
1928 5545 1978 5599 aut

236 5610 363 5698 patriam
379 5614 556 5696 oppressit,
573 5613 754 5679 Maximinus
768 5615 867 5684 Thrax
880 5615 1084 5680 Alexandrum
1131 5616 1307 5680 mirareris:
1325 5618 1380 5678 sed
1397 5633 1464 5680 oum
1481 5619 1592 5696 dicam,
1610 5617 1655 5679 rel
1672 5618 1775 5698 potius
1792 5618 1871 5682 Reus
1885 5617 1976 5702 dicat,
