4056 6260
281 273 336 343 Μ
864 267 911 326 DE
931 265 1096 324 multant
1114 261 1331 324 FELICITATE

211 408 416 495 utiquetale,
432 406 530 485 quale
543 406 659 468 cantm
672 403 829 466 nniuecm
842 407 942 476 tnnc,
958 402 1014 464 sed
1028 406 1076 464 tn·
1119 400 1191 464 dem
1206 411 1316 478 magna
1340 391 1536 475 ampliticatto
1563 391 1615 454 illu
1640 401 1712 452 esse
1736 382 1881 479 vidant,
1898 372 1995 460 quoii

213 499 254 568 le,
267 497 366 578 quale
380 508 475 557 nemo
489 491 608 570 poterit
622 489 730 551 dicere
753 487 821 552 nivi
834 501 905 562 nos,
929 491 959 547 et
973 483 1073 547 intra:
1120 497 1212 548 nemo
1228 480 1348 555 viderit,
1364 487 1416 542 aut
1429 477 1571 548 audierit,
1595 478 1647 538 aut
1662 468 1914 535 desideraverit,
1936 463 1996 544 avt,

215 580 511 660 metrapolitanae
527 574 614 636 bnne
629 568 783 650 epirum?
805 585 869 650 qno
890 585 986 632 nemo
1002 583 1077 630 enni
1120 567 1298 647 cogitaverit
1314 565 1371 628 tale
1385 564 1514 638 bonum,
1531 559 1621 638 quale
1635 557 1667 618 in
1678 553 1734 618 liei
1748 553 1867 615 visione
1883 540 1997 627 peret,

210 666 305 742 sequi
317 665 436 732 ualeat,
453 660 504 722 uel
517 659 652 724 audeat,
668 656 734 716 nisi
746 654 819 716 uos?
837 652 906 724 (tuo
921 659 1077 732 putamus
1120 654 1234 732 pietur:
1246 656 1349 712 tamen
1361 663 1422 710 non
1435 653 1482 710 est
1494 639 1702 723 amplificatio,
1715 638 1770 700 sed
1784 635 1918 713 simplex
1933 640 1991 694 ve

212 765 288 814 enni
302 747 368 812 ire?
380 748 418 809 c'n
433 759 513 824 quos
527 741 640 806 salins.
657 737 810 815 ciprani
826 735 989 799 llbicredo
1001 739 1079 798 sunt
1121 738 1207 800 ritas:
1225 733 1367 814 quoniam
1383 729 1476 802 ocull,
1493 735 1523 792 et
1538 741 1642 794 aures,
1665 729 1695 784 et
1710 720 1801 784 eorda
1818 718 1992 782 bominum

213 834 369 914 gramina
383 827 522 911 gandia.
538 840 608 886 non
621 821 748 903 gandia
763 821 888 883 saeculi
911 820 1009 882 buius
1023 837 1078 882 uu·
1122 821 1211 882 solita
1227 827 1297 880 sunt
1313 817 1424 896 gaudia
1440 815 1540 877 solani
1556 807 1730 876 terminata,
1747 808 1943 878 mensurata,
1968 805 1999 862 e

213 935 272 988 nn,
288 919 443 978 insaniae
458 911 644 971 mendaces:
661 922 720 967 nee
734 906 883 982 gaudia,
906 904 1021 984 quotie
1041 905 1080 966 in
1122 902 1207 965 bnita
1232 903 1406 980 percipere:
1429 896 1506 962 visio
1522 901 1623 959 autem
1652 889 1706 953 liei
1729 890 1806 950 visto
1832 891 1883 948 est
1906 879 2000 945 lucii

209 1003 281 1080 ipso
296 999 406 1076 rapae
420 995 489 1060 Dei.
506 992 619 1054 octenis
631 1005 699 1050 nnn
710 987 892 1065 uirginibus
909 987 1079 1062 crouland
1123 985 1369 1054 inaccessibilis.
1386 991 1417 1046 et
1431 983 1503 1046 boni
1521 993 1647 1061 prorsus
1661 971 1784 1042 iiiliniti,
1801 969 1885 1050 quod
1903 967 1938 1064 in
1960 981 1996 1028 si

213 1101 236 1147 u
252 1087 456 1146 coeterorum
472 1077 619 1139 omnium
632 1073 833 1151 gaudiorum
857 1078 941 1133 sorte
967 1073 1081 1133 distin·
1124 1070 1263 1133 eontinet
1283 1083 1375 1134 omne
1397 1067 1537 1138 bonnm,
1559 1065 1639 1125 inita
1662 1058 1788 1118 verbum
1812 1054 1938 1115 bomini
1955 1049 1996 1114 at

215 1175 268 1231 cta
283 1212 290 1239 ,
308 1173 338 1228 et
354 1163 429 1224 inira
446 1180 454 1220 ι
470 1159 592 1222 uidebit
607 1175 662 1218 uos
686 1165 792 1220 cetera
814 1155 988 1217 miiititndo
1003 1153 1081 1235 pide·
1125 1155 1273 1235 lluqsem,
1290 1170 1347 1233 epo
1364 1152 1533 1215 ostendum
1548 1160 1642 1211 omne
1657 1129 1996 1216 bunnmtibc'qltaeott

215 1253 309 1326 lium,
328 1262 413 1329 qnae
430 1245 475 1306 ait
490 1244 549 1304 boc
564 1241 694 1320 Apicum
708 1240 801 1317 sequi·
814 1254 884 1300 non
897 1247 998 1314 potest
1011 1258 1020 1316 ;
1034 1243 1082 1305 rit·
1126 1237 1195 1312 33.)
1210 1253 1279 1299 eum
1297 1239 1347 1298 iile
1364 1247 1451 1298 antea
1468 1233 1620 1314 petiisset,
1634 1225 1764 1291 ostende
1776 1219 1857 1283 inibi
1867 1219 1997 1298 [ueiem

216 1333 304 1398 debit
317 1348 377 1394 nec
393 1327 574 1394 invidebit,
593 1335 621 1385 et
636 1323 843 1385 collaetando
860 1320 970 1393 uobis,
994 1327 1084 1402 qnod
1125 1328 1228 1384 tnuni.
1246 1321 1281 1382 lt
1296 1329 1328 1382 ut
1340 1331 1395 1400 per
1410 1321 1559 1380 rationein
1575 1315 1634 1376 bue
1661 1313 1764 1388 ipsum
1790 1307 1994 1366 demonstra·

217 1419 255 1480 in
276 1432 309 1479 se
324 1430 394 1478 non
409 1411 513 1480 babet,
531 1407 660 1470 babebit
674 1409 712 1468 ιιι
732 1405 832 1470 uobis.
849 1405 930 1466 Num
953 1411 983 1468 et
997 1409 1084 1470 illud
1128 1387 1996 1480 mus‚seiendumestersanetoTbunia,(Pnp.‘t.quuesi

218 1501 383 1564 canticum
398 1509 519 1557 nannai
532 1493 708 1571 proprium
732 1495 873 1552 uestrum
895 1490 1003 1551 dicere
1016 1506 1085 1553 non
1128 1487 1179 1551 st.
1192 1493 1256 1551 nrt.
1269 1484 1317 1569 5.)
1332 1485 1580 1555 delectationem,
1605 1493 1684 1558 quae
1699 1481 1868 1565 percipitur
1884 1484 1924 1530 er
1943 1479 1998 1529 aa

215 1588 344 1663 poterit.
360 1581 480 1643 andire
495 1583 605 1638 antem
619 1576 749 1652 poterit,
765 1577 796 1635 ct
811 1573 966 1635 delectari
979 1579 1082 1639 nestro
1128 1571 1279 1652 gnicione,
1298 1575 1353 1633 tria
1369 1571 1549 1648 requirere,
1573 1559 1739 1644 potentiam
1763 1553 1996 1633 intelligenter!

218 1673 286 1731 tam
301 1663 474 1729 excellenti
489 1661 585 1722 bono.
600 1657 665 1721 Sed
678 1672 757 1726 uos,
781 1658 838 1736 qni
860 1662 889 1718 et
904 1655 1037 1731 dicetis,
1055 1663 1085 1720 et
1128 1657 1193 1718 sive
1207 1658 1390 1717 sentientem
1405 1701 1414 1728 ,
1430 1652 1585 1714 obiectum
1601 1643 1791 1710 conveniens
1812 1638 1855 1698 illi
1876 1642 1996 1713 poten·

218 1751 375 1824 audietis
389 1747 469 1826 qniu
486 1750 515 1806 et
530 1743 613 1814 boe,
630 1741 720 1819 quod
734 1740 870 1808 dicetis,
887 1738 1011 1802 anobis
1026 1757 1085 1804 nn·
1130 1743 1200 1812 tiae,
1217 1745 1247 1802 et
1261 1739 1407 1801 unionem
1423 1736 1536 1798 obiecti
1553 1747 1623 1795 eum
1645 1726 1803 1806 puteana:
1825 1726 1856 1782 et
1872 1723 1998 1814 euenit

220 1835 327 1906 dietis,
344 1831 470 1908 felicius
486 1825 694 1898 nuntiabitis,
711 1823 955 1900 incendensque
968 1840 1085 1904 repnn·
1129 1823 1263 1904 patentia
1280 1829 1327 1883 est
1342 1821 1440 1898 aptior
1454 1820 1492 1882 ed
1508 1808 1772 1894 cognoscendum,
1785 1812 1816 1867 et
1827 1802 1999 1898 obiectum

219 1918 305 1982 bitis.
321 1913 380 1998 (lle
393 1917 508 1976 sanctu
521 1910 710 1988 uirginitate
726 1921 802 1984 cap.
817 1903 885 1988 29.)
907 1907 948 1966 lli
966 1907 1014 1969 bis
1030 1909 1085 1988 igi·
1131 1905 1277 1978 nobilius,
1295 1910 1324 1967 et
1341 1903 1413 1966 uiiio
1427 1903 1527 1979 magis
1539 1899 1656 1969 intima,
1669 1899 1752 1956 nnio
1767 1889 1887 1984 percipi
1905 1884 2002 1948 dele-

221 2007 270 2064 tur
283 1997 443 2062 manileste
459 2001 592 2065 cunstat,
608 1995 639 2053 in
656 1991 782 2052 caelesti
795 1991 900 2069 ltegno
915 1997 946 2052 et
961 1989 1085 2054 diritate
1131 1991 1295 2052 stationem
1312 1987 1471 2050 maiorem.
1487 1985 1573 2059 Queri
1586 1986 1687 2044 autem
1703 1971 1907 2051 intelligentie
1925 1971 2002 2062 slve

223 2085 271 2148 vel
287 2084 398 2158 Domo,
416 2079 510 2142 multa
527 2092 598 2138 esse
614 2089 683 2138 vera
697 2073 807 2153 gaudio
822 2119 830 2146 ,
848 2073 1087 2154 verissimasque
1131 2089 1220 2135 mens
1235 2072 1274 2134 sit
1291 2074 1407 2150 purior,
1424 2069 1580 2138 stultior,
1607 2071 1637 2128 et
1651 2056 1799 2126 nobilior,
1823 2059 1875 2124 et,
1894 2057 1930 2114 ut
1947 2065 2003 2114 sic

223 2174 255 2231 et
270 2167 419 2230 maximas
433 2165 621 2240 voluptates.
1131 2158 1252 2233 loquar,
1268 2153 1450 2228 vivoniense
1466 2168 1521 2232 per
1535 2150 1596 2213 boe
1609 2145 1703 2210 mullo
1715 2138 1814 2218 aptior
1826 2137 1864 2202 ad
1877 2147 2007 2214 cogno·

1132 2239 1281 2302 scendum
1298 2253 1389 2316 quam
1404 2249 1518 2300 sensus
1533 2239 1699 2303 externus,
1714 2223 1745 2286 in
1760 2219 1890 2286 dubium
1907 2229 2008 2280 revo-

1133 2323 1194 2385 cari
1211 2335 1272 2384 nun
1288 2325 1401 2402 potest.
1425 2319 1512 2393 Quod
1529 2331 1600 2380 iero
1623 2313 1706 2377 licus
1721 2305 1762 2370 sit
1776 2305 1938 2368 obiectum
1958 2297 2007 2362 al·

1133 2404 1286 2469 tissimum
1301 2411 1332 2466 et
1348 2403 1574 2466 nobilissimum
1591 2413 1652 2462 non
1666 2393 1765 2456 solum
1782 2401 1876 2482 supra
1891 2383 2006 2480 omnia

1134 2490 1253 2552 obiecta
1269 2503 1430 2562 sensuum,
1444 2486 1499 2547 sed
1515 2483 1605 2547 etiam
1628 2493 1719 2556 supra
1742 2486 1843 2536 omnia
1866 2483 2005 2532 omnino

421 2569 473 2654 *lle
488 2568 613 2649 gaudio
628 2568 879 2649 intelligentiae.
1133 2574 1253 2635 obiecta
1271 2573 1393 2641 mentis,
1411 2571 1526 2649 quippe
1542 2565 1695 2630 inlinitum
1712 2557 1840 2631 bonnm,
1858 2560 1889 2615 et
1905 2565 2004 2648 omne

342 2727 345 2736 ,
438 2732 444 2746 .
1134 2647 1702 2734 bonum‚vetpotiusipsaboctns‚
1726 2633 2003 2714 ssefflolmbillifi

264 2733 341 2798 cna
356 2749 394 2796 ex
409 2733 530 2798 Divinis
544 2734 657 2798 litteris
673 2735 835 2813 probatum
852 2734 912 2797 iani
926 2737 977 2812 sit,
992 2737 1021 2796 in
1036 2737 1088 2798 lle·
1135 2744 1249 2816 potest.
1266 2735 1330 2799 lain
1345 2753 1417 2798 vero
1432 2735 1513 2815 quod
1527 2735 1600 2796 unio
1612 2724 1837 2806 intelligentiae
1849 2735 1923 2783 oum
1940 2719 2004 2780 liet

223 2833 287 2900 gno
299 2818 457 2912 caelorum
475 2834 546 2912 vera
562 2834 634 2880 essa
650 2819 774 2898 gannim
792 2835 874 2880 nune
886 2835 1091 2899 exponemus,
1135 2837 1192 2902 per
1205 2833 1342 2898 aperiam
1357 2823 1508 2882 risionem
1524 2821 1565 2878 sit
1581 2814 1654 2878 unio
1669 2811 1715 2874 sie
1727 2803 2006 2878 intimantessen·

225 2917 380 2983 quaenam
396 2901 449 2964 illa
464 2909 526 2963 siut
542 2902 668 2980 gaudia.
686 2903 729 2964 Ae
751 2903 885 2964 breviter
907 2902 1089 2982 explicanda
1137 2906 1176 2966 iia
1191 2905 1244 2966 uer
1261 2909 1355 2966 totain
1371 2911 1504 2966 mentem
1520 2897 1652 2962 videntis
1667 2895 1831 2970 penetret,
1856 2892 1888 2948 et
1904 2900 2001 2947 mens

225 2992 317 3051 erunt
333 2985 434 3063 primo
450 2985 561 3064 gaudia
578 2984 1018 3062 intelligentiae,voluntati,et
1030 3002 1093 3047 me·
1137 2989 1203 3064 ipsa
1222 2989 1251 3048 in
1269 2986 1370 3063 ipsum
1381 2986 1481 3049 Deum
1498 3032 1507 3058 ,
1523 2981 1611 3062 quasi
1625 2979 1657 3042 in
1673 2988 1757 3039 mere
1780 2985 1930 3049 inagnum
1947 2974 2007 3032 tota

224 3069 353 3145 muriae,
371 3085 449 3147 quae
461 3069 499 3128 ad
515 3068 657 3148 spiritum
674 3069 842 3146 pertinent:
855 3069 969 3131 deinde
981 3069 1092 3148 gaudia
1137 3078 1292 3149 mergatur
1308 3079 1339 3132 et
1353 3071 1700 3144 transformetnnaeque
1717 3062 1833 3118 eertum
1850 3061 1947 3132 atque
1960 3051 2006 3112 in·

226 3167 376 3224 sensuum
391 3150 616 3230 singulorum,
639 3167 720 3230 quae
743 3152 898 3230 pertinent
912 3153 949 3213 ad
967 3169 1092 3228 corpus.
1137 3154 1307 3216 dubitatum
1324 3159 1383 3216 est.
1397 3151 1471 3223 (luis
1488 3151 1580 3231 igitur
1594 3159 1706 3225 capere
1717 3140 1763 3203 vel
1778 3134 1933 3212 suspicari
1950 3149 2005 3212 pti·

224 3239 331 3318 lleque
347 3233 408 3296 boc
424 3236 493 3296 loeo
508 3233 661 3300 alllrmare
683 3234 896 3308 intendimus,
920 3235 1094 3314 intelligen·
1138 3240 1218 3310 terit,
1236 3243 1382 3314 qnantum
1398 3236 1474 3298 illud
1488 3240 1526 3295 sit
1538 3227 1702 3316 gaudium?
1713 3223 1803 3302 quate
1816 3219 1897 3282 illuri
1911 3233 2007 3280 oscu-

222 3322 297 3389 tiam
312 3367 321 3396 ,
338 3325 369 3380 et
385 3318 592 3395 memoriam,
617 3324 649 3382 ot
663 3333 777 3382 sensus
799 3318 938 3396 carparis
954 3318 1094 3397 proprias
1139 3322 1203 3382 luni
1218 3323 1328 3382 summi
1348 3319 1450 3382 bonit
1476 3318 1576 3398 quatis
1603 3313 1658 3376 ille
1684 3305 1864 3383 complexus
1893 3301 2007 3380 sponsi

224 3404 319 3470 sedes
336 3416 408 3463 esse
421 3401 538 3480 gaudii:
555 3417 625 3464 cuni
643 3417 706 3464 nun
722 3402 920 3480 ignoremus.
934 3401 1093 3480 gaudium,
1140 3404 1381 3485 pulchritudinis
1393 3399 1547 3464 inlinitae‘t
1560 3398 1648 3462 Certe
1662 3395 1692 3456 in
1706 3385 1927 3454 coniunctione
1942 3383 2009 3462 pul·

224 3496 260 3550 ut
286 3485 377 3548 etiam
401 3485 618 3561 desiderium,
648 3487 774 3562 proprie
794 3485 833 3546 ed
856 3485 1041 3548 voluntatem
1064 3485 1096 3546 in
1139 3487 1205 3550 obri
1219 3489 1335 3549 eoloris
1350 3503 1421 3548 eum
1436 3501 1533 3549 sensu
1550 3481 1686 3550 videndi,
1703 3479 1735 3537 et
1746 3469 1921 3533 dulcissimi
1939 3468 2010 3530 soni

227 3575 317 3648 parte
334 3571 495 3646 superiore
513 3568 681 3644 pertinere.
696 3566 757 3630 Sed
769 3567 938 3642 loquimur,
961 3573 995 3629 ut
1006 3567 1097 3648 volgo
1139 3581 1209 3632 cum
1226 3587 1318 3631 sensu
1332 3567 1522 3638 audiendi,et
1535 3573 1709 3629 ceterorum
1721 3551 1921 3622 sensibilium
1936 3567 2011 3612 cum

226 3653 373 3720 homines
389 3653 571 3728 loquuntur,
589 3651 641 3723 qui
655 3668 716 3714 rion
733 3657 878 3712 recusant
892 3651 1009 3722 dicere.
1024 3669 1096 3712 ocu·
1141 3651 1288 3715 sensibus
1303 3655 1390 3728 suis,
1409 3669 1549 3732 magnam
1563 3657 1740 3728 experimur
1755 3637 1963 3712 voluptatem,
1982 3639 2012 3698 θ)

229 3738 280 3799 lus
296 3735 469 3798 delectatur
485 3733 716 3813 pulchritudine
732 3734 918 3802 colocensi
931 3737 1015 3796 auris
1027 3752 1094 3795 sua·
1141 3751 1235 3815 saepe
1251 3741 1310 3798 tani
1327 3751 1481 3818 magnam,
1498 3739 1531 3795 ut
1545 3729 1685 3795 nonnulli
1699 3728 1824 3806 propter
1839 3719 1925 3778 illem
1943 3716 2011 3780 fere

188 3861 194 3878 .
228 3817 322 3883 ritate
345 3833 508 3880 sonorum.
536 3817 745 3895 intelligimus
769 3832 843 3895 ergo
871 3834 927 3896 per
949 3816 1094 3897 gaudium
1143 3820 1311 3882 insaniant:
1328 3819 1365 3881 Et
1381 3829 1480 3880 tamen
1497 3817 1654 3898 potentiae
1670 3803 1817 3874 sentienti
1832 3799 2012 3864 materiales

227 3903 358 3973 mentis,
374 3901 423 3962 vel
441 3903 622 3976 memoriae,
638 3901 685 3961 vel
707 3915 855 3964 sensuum
878 3906 1095 3972 externorum,
1141 3908 1259 3978 sunt,et
1275 3919 1343 3963 cium
1360 3903 1468 3966 bestiis
1484 3901 1575 3964 nabis
1588 3906 1785 3962 communes:
1799 3887 1922 3951 obiecta
1935 3899 2013 3962 quo·

229 3983 468 4050 delectationem
484 4030 492 4061 ‚
517 4001 609 4062 quam
627 3984 760 4062 percipit
782 3980 875 4046 honio
891 3999 928 4047 er
944 3983 999 4057 iis,
1017 3999 1096 4062 quae
1145 4002 1206 4064 que
1221 4001 1272 4049 res
1288 3989 1465 4065 corporales
1481 3991 1575 4067 sunl,
1593 3987 1624 4044 el
1638 3993 1700 4043 nun
1717 3975 1811 4038 nimis
1826 3983 1927 4048 saepe
1953 3968 2015 4030 ¹³0·

228 4067 389 4147 intelligit;
406 4068 452 4128 rel
467 4083 598 4146 quorum
616 4073 816 4142 recordatur,
839 4067 886 4130 vel
903 4085 982 4146 quae
998 4069 1101 4131 sensi·
1143 4072 1231 4140 ciunt,
1249 4087 1340 4146 quam
1357 4070 1528 4132 oblectent:
1541 4075 1571 4130 et
1586 4067 1720 4140 danique
1737 4053 1812 4119 unio
1827 4049 2014 4131 superlinie-

230 4153 292 4237 bus
308 4152 445 4216 externis
460 4150 575 4213 haurit.
662 4211 664 4218 ,
1145 4155 1184 4215 lis
1200 4158 1260 4224 est,
1278 4163 1308 4215 et
1321 4161 1456 4220 externa.
1474 4160 1504 4214 et
1520 4156 1550 4212 in
1569 4146 1711 4228 pluribus
1732 4136 1881 4203 sensibus
1898 4149 1963 4196 tlon
1979 4133 2016 4196 fll

275 4235 411 4298 Primum
428 4235 521 4313 igitur
536 4234 699 4296 beatorum
722 4233 869 4312 gaudium
892 4234 971 4306 erit,
999 4234 1099 4298 oculis
1146 4237 1218 4298 unio
1234 4237 1333 4313 ipsius
1348 4235 1474 4310 obiecti,
1491 4236 1546 4297 sed
1563 4235 1631 4295 eius
1650 4223 1795 4306 imaginis
1810 4235 1881 4280 cunr
1901 4225 2013 4296 limen·

236 4319 351 4382 mentis
366 4318 472 4380 videre
488 4316 587 4379 Deum
603 4316 681 4380 laeie
696 4317 734 4379 ad
756 4317 889 4393 laniem,
913 4325 946 4378 ut
964 4319 1101 4396 loquitur
1143 4320 1195 4383 tia.
1214 4321 1299 4381 Adde
1313 4321 1393 4396 quod
1409 4317 1480 4381 unio
1496 4315 1690 4394 spiritualis,
1714 4317 1745 4371 et
1763 4305 1837 4367 unio
1852 4299 1911 4364 Dei
1937 4317 2011 4361 cum

235 4403 348 4466 Beatus
371 4401 487 4463 Paulus
509 4403 541 4461 in
567 4401 702 4478 Epistola
726 4400 830 4479 priore
844 4400 882 4463 ad
899 4401 1036 4463 Corinth.
1054 4402 1099 4479 (l.
1147 4402 1349 4479 intelligentia
1363 4418 1418 4478 pei
1434 4403 1598 4478 visionem,
1616 4405 1663 4460 est
1674 4392 1791 4458 tirmior
1804 4434 1812 4461 ,
1826 4382 2014 4453 durabilior,

236 4485 307 4550 Cor.
325 4480 392 4567 ll.)
405 4491 436 4546 et
449 4483 555 4544 videre
573 4499 643 4546 eum
658 4483 750 4545 sicuti
763 4491 822 4556 est,
836 4491 868 4546 iit
880 4485 1102 4561 loquitur,bea·
1145 4496 1175 4550 et
1188 4495 1247 4548 tora
1265 4487 1379 4546 simol:
1404 4485 1627 4546 delectationes
1649 4479 1732 4542 enim
1756 4467 1964 4548 corporales,
1983 4473 2015 4528 et

237 4579 286 4635 tus
299 4569 435 4630 loannes
451 4564 497 4648 (l.
510 4566 606 4629 Jnan.
621 4563 668 4647 3.)
684 4567 715 4628 in
727 4566 864 4644 Epistola
878 4570 987 4646 prima.
1002 4569 1102 4645 Quen·
1147 4587 1226 4647 quae
1242 4567 1388 4631 sensibus
1405 4570 1636 4647 percipiuntur,
1654 4562 1724 4642 quia
1741 4551 1943 4619 mutationem
1960 4549 2015 4612 ad-

238 4659 302 4716 turn
318 4657 421 4714 autem
436 4652 496 4713 line
511 4650 551 4711 sit
568 4651 702 4712 loturum
719 4651 1052 4728 gaudinmpossumus
1065 4669 1101 4712 eir
1149 4654 1260 4726 lerunt,
1278 4669 1338 4712 nnn
1357 4658 1487 4729 possunt
1503 4667 1574 4712 esse
1597 4649 1781 4710 diuturnae.
1808 4640 1837 4698 el
1860 4649 1923 4695 non
1940 4642 2016 4696 suot

239 4735 463 4810 eunomianis,
487 4733 569 4810 quad
585 4731 682 4795 lsaias
703 4731 796 4813 (lsai.
812 4730 880 4815 bl.)
900 4733 1051 4812 Pioplieta
1075 4745 1104 4796 et
1148 4743 1226 4798 tatae
1243 4735 1346 4796 simul.
1365 4735 1420 4796 scd
1437 4733 1523 4810 quasi
1537 4731 1675 4816 guttatim
1692 4722 1892 4788 instruantur.
1910 4713 2015 4788 Quave

240 4815 530 4897 ApostolusPaulus
547 4822 852 4893 testantuisuperave
864 4820 965 4878 omnia
979 4818 1101 4897 gaudia.
1149 4821 1217 4881 sine
1234 4820 1293 4878 ulla
1311 4817 1501 4879 dubitatione
1517 4821 1614 4879 maior
1631 4821 1677 4876 est
1693 4803 1857 4872 delectatio
1873 4797 2015 4876 tuentis,

238 4915 318 4979 quae
334 4901 439 4963 nullus
452 4899 612 4962 bominum
630 4899 714 4967 vidit.
732 4907 783 4962 aut
798 4899 934 4972 audivit,
951 4909 1003 4963 aut
1018 4901 1103 4980 cupi·
1149 4919 1239 4982 qnam
1253 4917 1378 4962 sensus.

239 4985 294 5058 vit,
311 4992 362 5045 aut
378 4984 532 5062 cogitavit.
554 4981 670 5046 Oenlns
685 4997 755 5046 nuii
767 4984 851 5046 uidit
864 4999 925 5046 nec
940 4986 1032 5047 unns
1047 5000 1106 5045 an·
1193 4984 1309 5062 Collige
1332 4990 1463 5063 argute,
1478 4985 1582 5053 bomo,
1600 4989 1631 5044 er
1642 4973 1785 5061 appende
1808 4967 1840 5030 iri
1855 4963 1937 5028 insta
1954 4973 2018 5028 tru-

237 5067 330 5139 dicit,
346 5083 407 5131 nee
421 5067 458 5129 i'n
473 5083 529 5128 cnr
544 5067 686 5128 bominis
701 5067 952 5147 ascenditqnoe
962 5083 1102 5146 praepa·
1151 5071 1211 5128 tina
1224 5068 1423 5146 voluptatem,
1441 5059 1531 5140 quani
1551 5062 1752 5131 tibi'mundus
1764 5051 1864 5123 cneii.
1878 5063 1949 5110 ⁰⁰¹1]
1967 5065 2016 5121 tit,

239 5152 329 5245 iuuit
339 5150 424 5212 Dens
435 5152 488 5244 iis,
503 5153 561 5228 qui
572 5150 829 5228 diliqnnti'llnm.
843 5145 1105 5232 (l.doiintb.l3.)
1151 5169 1240 5228 quam
1260 5148 1341 5211 Deus
1358 5150 1516 5226 promittit,
1531 5165 1600 5210 oiim
1618 5147 1766 5209 visionem
1783 5147 1870 5199 soem
1884 5131 2017 5226 diligen·

243 5235 383 5313 loquitur
398 5249 480 5294 enini
493 5233 650 5309 Scriptura
666 5237 705 5294 de
722 5235 885 5311 praecipua
902 5242 932 5296 et
947 5234 1104 5296 essentiali
1151 5236 1234 5296 tibus
1249 5249 1282 5296 se
1296 5233 1463 5313 promittit,
1478 5240 1508 5292 et
1523 5233 1603 5311 elige
1618 5231 1698 5307 quod
1713 5225 1864 5290 visente
1879 5229 1963 5276 0⁰¹⁰]
1988 5217 2015 5278 Si

243 5315 452 5386 beatitudine,
469 5317 594 5394 quaein
611 5317 711 5393 ipsius
728 5317 780 5379 Dei
797 5319 915 5380 visione
930 5323 1028 5394 posita
1046 5325 1105 5392 est,
1150 5319 1337 5395 voluptatem
1350 5331 1444 5384 amas,
1461 5329 1550 5396 quam
1565 5333 1580 5376 a
1597 5323 1626 5376 te
1642 5319 1734 5376 amari
1753 5313 1867 5392 negate
1881 5313 1943 5359 ⁰0¹1
1960 5315 2017 5379 ρο·

242 5401 325 5466 iuxta
341 5399 470 5462 verbum
488 5399 621 5462 bomini:
638 5399 732 5462 Reate·
752 5402 877 5463 mundo
892 5403 988 5463 eorde
1003 5449 1011 5477 ,
1027 5417 1107 5480 qno·
1154 5411 1212 5472 tes,
1232 5401 1391 5462 maximam
1417 5402 1624 5479 potiusquam
1641 5398 1798 5459 minimam
1815 5443 1822 5468 ,
1846 5387 1877 5446 0¹
1890 5395 2018 5462 Semper

241 5489 334 5550 niani
349 5483 449 5547 Deum
461 5482 627 5546 uidebant.
642 5483 744 5556 (biart.
761 5480 807 5565 5.)
823 5491 853 5546 et
873 5483 952 5546 baec
975 5493 1019 5546 est
1040 5488 1107 5546 uita
1152 5487 1340 5558 duraturam,
1358 5473 1448 5560 quani
1466 5497 1544 5550 eam,
1562 5495 1640 5560 quae
1656 5483 1869 5542 momentanea
1886 5469 1946 5539 0⁵¹,
1962 5465 2017 5530 θΙῙ·

242 5575 390 5642 aeterna,
407 5574 443 5632 ut
456 5576 694 5645 cognoscentia
709 5567 814 5630 solum
828 5567 931 5630 Deum
941 5583 1066 5643 oerum,
1078 5575 1108 5629 et
1152 5567 1330 5648 gesileque
1342 5566 1412 5626 sula
1426 5567 1503 5627 visio
1513 5565 1566 5626 liei
1580 5563 1695 5627 sanetis
1708 5563 1888 5626 bominibus
1900 5550 1930 5609 in
1948 5565 2019 5613 σθε-

242 5667 340 5732 quein
355 5652 484 5732 niniati,
501 5649 606 5716 lesum
622 5649 793 5716 tamenn.
807 5648 981 5730 (Mattbd.)
992 5651 1106 5730 thul·
1151 5651 1182 5714 lo
1199 5649 1397 5730 promittitur,
1411 5649 1468 5712 seri
1483 5647 1574 5712 etiam
1590 5646 1727 5711 omnium
1745 5661 1860 5721 icium,
1877 5649 1960 5710 illiti
1977 5637 2019 5700 le·

587 2365 670 2431 cir.
692 2365 736 2430 ΙΙ.
