4044 6256
274 249 326 308 580
873 241 954 300 vira
975 242 1002 297 S.
1025 238 1172 299 fladaldi
1186 241 1313 304 ,IMPEE

204 382 262 446 hoc
276 387 323 444 est
338 380 368 442 in
384 380 482 443 coeca
497 377 628 454 Domini,
644 378 719 440 hora
733 378 828 449 sexte,
841 375 936 438 sacris
947 374 1047 438 Ponti·
1092 375 1176 449 Quod
1199 380 1232 436 ut
1244 372 1365 438 iacllius
1378 375 1466 438 lieret
1480 389 1614 442 sororem
1630 394 1718 442 suam
1733 371 1881 439 stellam
1896 369 1957 432 Ste

205 464 356 526 Dualihus.
369 463 554 525 indumentis
580 461 716 530 indutus,
732 457 812 520 sicut
832 458 891 519 iem
908 457 946 519 ud
962 473 1047 536 pera·
1091 459 1161 520 lano
1174 457 1248 536 Regi
1270 458 1303 520 iu
1325 460 1548 522 matrimonium
1569 459 1738 534 collocavit,
1761 453 1953 521 secundum

204 545 420 624 gendo-dirim
435 546 588 626 mysteria,
604 549 635 604 et
646 541 790 604 'solemne
810 540 871 602 diei
886 540 970 602 illius
985 537 1048 602 olil-
1092 541 1268 620 apostolum
1291 541 1456 616 dicentem,
1470 541 1705 619 'Sanctificetur
1724 543 1778 604 cir·
1800 535 1956 614 infidelia

205 629 286 692 cium
303 644 503 707 processurus
518 633 592 698 erat,
608 629 638 686 et
651 624 816 701 suscipitur
828 621 1050 702 gloriosissime
1090 640 1150 703 per
1160 621 1473 698 mulieremddeiem.
1487 623 1955 702 etsunctiiicutttrmulierin·

206 711 245 774 ab
262 713 459 789 imperatore,
476 717 506 771 et
519 706 682 777 universis,
697 707 751 782 qui
764 705 888 767 aderaut
900 704 1050 783 Principi·
1092 705 1196 782 fidelis
1209 722 1267 784 per
1280 707 1388 768 uirum
1401 705 1538 780 tidelent.
1555 707 1709 788 Stephano
1731 711 1846 784 itaque
1873 703 1958 783 Rege

206 794 277 871 hus,
295 795 440 872 omnique
453 794 547 867 clerc,
561 790 727 870 etpopulo,
741 787 955 850 inaestimabili
968 787 1051 848 exul·
1094 789 1256 867 baptizato,
1274 788 1413 852 uuitcrsa
1434 790 1588 853 Pannonia
1610 791 1726 868 recepit
1748 791 1894 854 terbum
1919 790 1957 848 ri·

206 877 327 942 tationis
343 876 485 954 tripudio.
501 874 649 936 litantem
664 870 836 933 inadrentu
853 877 912 932 tam
923 869 1049 939 insoliti.
1095 878 1165 934 tec:
1182 876 1214 933 et
1228 873 1302 933 mira
1315 885 1416 933 rerum
1432 872 1574 944 novitate.
1591 889 1646 950 per
1660 875 1759 952 Reges
1773 872 1957 949 Apostolos

207 966 330 1037 tamque
351 958 480 1035 exoptati
497 956 626 1034 hospitis
643 955 821 1020 Deonostro
840 952 983 1022 iucunda.
1001 955 1051 1015 de·
1094 954 1237 1032 baptismi
1253 955 1379 1033 gratiam
1394 958 1543 1032 percepit.
1568 955 1661 1030 Quam
1685 957 1851 1033 praeclara
1878 955 1958 1016 tanti

206 1059 338 1119 curaque
359 1039 551 1103 exhiberetur
574 1036 717 1107 laudatio,
734 1035 900 1115 Imperator
919 1036 1051 1112 pruden-
1094 1036 1287 1114 apostolatus
1302 1036 1445 1110 societas,
1469 1054 1559 1112 cuam
1582 1041 1755 1103 venerenda
1777 1039 1957 1116 utriusque

205 1125 344 1186 tissimus
366 1124 398 1184 iu
421 1137 582 1184 occursum
609 1122 676 1182 cius
704 1126 832 1197 quatuor
856 1119 1049 1195 psallentium
1095 1119 1251 1193 sauctitas,
1269 1134 1324 1196 per
1338 1135 1416 1196 quos
1431 1123 1473 1181 tot
1487 1125 1559 1196 sunt
1573 1122 1678 1183 salvati
1692 1130 1722 1184 et
1736 1119 1958 1184 sanehfieatit

205 1209 351 1269 decenter
371 1204 542 1280 ordinarit3
566 1204 699 1280 primum
721 1205 751 1262 in
764 1200 899 1264 ulteriori
916 1201 981 1278 ripe
996 1199 1051 1262 llu·
1096 1201 1248 1266 Praetatus
1263 1208 1364 1262 autem
1375 1201 1438 1264 ilex
1450 1201 1659 1280 hungarorum
1673 1204 1860 1284 religiosus,
1874 1203 1958 1266 Dec·

207 1289 311 1364 minis;
328 1290 498 1349 secundum
515 1287 544 1349 in
559 1286 703 1358 citeriori;
716 1285 837 1345 tertium
854 1288 922 1345 anic
936 1291 1050 1362 portatu
1096 1303 1156 1363 que
1170 1285 1309 1362 devotos,
1326 1290 1431 1360 postea
1446 1285 1475 1346 in
1491 1286 1671 1350 executione
1693 1286 1852 1348 bonorum
1879 1303 1957 1362 olle·

207 1372 354 1449 ciuitatis3
377 1379 514 1448 quartum
537 1369 568 1429 in
590 1369 664 1430 atrio
680 1366 852 1442 Ecclesiae,
870 1366 920 1427 uhi
937 1363 1052 1444 primus
1096 1386 1162 1431 rum
1177 1366 1352 1442 pertuensit,
1376 1369 1457 1446 quod
1479 1367 1581 1430 diuina
1603 1369 1701 1444 pieres
1722 1378 1794 1448 post
1817 1377 1955 1431 mortem

207 1454 343 1514 omnium
360 1455 427 1531 ipse
441 1453 505 1515 Rex
520 1453 587 1514 data
603 1465 694 1510 manu
706 1449 803 1523 Papae
818 1452 847 1510 in
861 1451 983 1510 domum
998 1449 1051 1510 Do·
1097 1453 1164 1514 cius
1178 1450 1374 1513 evidentibus
1388 1450 1511 1512 indiciis
1523 1451 1560 1512 ed
1573 1453 1763 1530 sepulturam
1774 1453 1848 1515 eius
1863 1452 1956 1512 lactis

209 1535 476 1609 miniintroduxit,
494 1543 584 1610 atque
610 1532 720 1594 divinis
747 1534 819 1592 hinc
840 1531 912 1594 iude
932 1531 1053 1607 hymnis
1096 1536 1266 1612 signorum,
1277 1532 1431 1596 miraculis
1445 1532 1671 1598 demonstrarit.
1687 1534 1954 1614 Burgundionum

207 1634 318 1680 canora
334 1619 479 1680 suavitate
492 1614 706 1679 resonantibus
717 1615 747 1675 in
760 1613 935 1694 Episcopali
948 1612 1053 1676 Cethe·
1098 1631 1221 1695 quoquc
1236 1630 1296 1677 uon
1312 1613 1457 1685 humana,
1470 1616 1525 1678 sed
1542 1617 1640 1678 dirim
1656 1616 1711 1680 iuit
1724 1615 1954 1680 uictoria.liam

207 1702 263 1762 dra·
277 1703 446 1763 collocarit.
464 1699 539 1774 Quid
558 1697 666 1775 plorat
686 1698 820 1759 dehiium
843 1698 934 1760 huius
956 1712 1055 1757 saera·
1099 1716 1167 1761 cum
1184 1697 1290 1768 armis,
1308 1703 1339 1760 et
1352 1697 1497 1760 omnihus
1511 1697 1587 1760 belli
1601 1702 1699 1778 copiis
1711 1701 1955 1762 essentinstru·

209 1784 346 1846 tissimae
362 1783 423 1846 diei
439 1800 506 1844 curn
530 1779 681 1842 duodenis
695 1778 857 1856 Episcopis
878 1787 1053 1858 cooperato·
1098 1781 1216 1844 cii·riri
1230 1781 1266 1841 ad
1283 1779 1362 1842 helle
1377 1780 1558 1856 doctissimi,
1582 1785 1675 1844 ermis
1697 1782 1864 1861 depositis,
1892 1797 1956 1844 mou

207 1865 292 1928 ribus
307 1866 499 1944 apostoliens
513 1863 663 1934 Pontifex,
680 1871 710 1924 et
721 1861 846 1942 aliorum
860 1861 1054 1937 sequentium
1098 1864 1233 1928 hominis
1248 1871 1342 1935 metu,
1358 1863 1413 1925 sed
1430 1870 1502 1924 nutu
1519 1863 1585 1938 Dei,
1599 1873 1742 1944 rogantes
1753 1882 1789 1928 ea
1803 1880 1891 1944 quae
1904 1883 1955 1944 pa·

207 1949 326 2011 dierum
341 1965 458 2020 summa
474 1964 541 2010 cum
565 1946 724 2008 deuotione
746 1945 922 2007 celebrarit.
937 1944 971 2004 ln
986 1960 1055 2005 san·
1099 1949 1242 2020 cissent,
1259 1946 1383 2008 dextras
1398 1944 1558 2010 dederont.

209 2037 256 2092 cta
272 2038 373 2095 autem
388 2031 545 2094 Dominica
569 2029 726 2102 Paschae,
749 2045 818 2090 cum
842 2028 872 2088 in
890 2027 1054 2088 matutinali
1141 2029 1225 2108 Sicut
1239 2027 1320 2089 enim
1336 2027 1373 2089 ad
1388 2028 1569 2090 declaranda
1593 2031 1673 2093 hecti
1693 2030 1816 2094 Earlini
1839 2031 1956 2094 merita

208 2112 309 2176 officio
324 2114 531 2192 Aquileiensis
547 2112 716 2173 Patriarcho
738 2112 899 2172 lectionem
916 2111 1053 2186 primatu,
1099 2113 1246 2178 Dominus
1262 2111 1420 2187 pacificum
1444 2112 1516 2172 iecit
1537 2113 1727 2187 exercitum
1750 2114 1789 2175 ite
1813 2121 1845 2176 et
1868 2131 1956 2176 nuuc

208 2195 468 2275 drehiepisccpus
489 2202 591 2257 eutem
612 2195 770 2255 Ravennae
791 2192 971 2266 secundam,
989 2195 1056 2270 ipsc
1101 2196 1181 2260 servi
1195 2194 1243 2257 sui
1257 2193 1339 2256 hecti
1354 2191 1478 2255 Henrici
1500 2197 1616 2257 meritis
1639 2196 1835 2260 consimilem
1857 2201 1956 2259 virtu·

208 2278 403 2354 Apostolicus
416 2279 533 2342 tertiam
547 2277 700 2353 recitarem
713 2291 843 2353 euntque
855 2275 1055 2356 omniloruatu
1100 2287 1160 2342 tem
1176 2278 1319 2356 dignatus
1334 2279 1382 2338 est
1395 2275 1571 2358 ostendere.
1589 2279 1725 2341 Similem
1737 2294 1814 2358 crgo
1829 2278 1907 2342 lecit
1919 2281 1955 2340 il·

209 2361 367 2438 processio
382 2369 539 2440 agerctur3
555 2363 634 2422 sicut
654 2360 829 2436 dignitatem
852 2355 1055 2436 Apostolicam
1101 2363 1163 2426 lum
1179 2360 1327 2422 Dominus
1341 2358 1458 2438 gloriae
1474 2357 1670 2423 Sanctorum:
1687 2368 1717 2424 et
1731 2361 1812 2424 sieut
1829 2363 1950 2443 llogses

210 2443 386 2521 condecuit,
411 2447 440 2505 in
467 2447 571 2510 sancta
597 2443 790 2503 solemnitate
814 2442 1054 2512 solemnitatum,
1103 2444 1248 2522 precihus
1263 2441 1358 2520 magis
1373 2458 1463 2522 quam
1479 2441 1572 2505 ermis
1588 2443 1803 2524 triumpharit3
1822 2447 1862 2506 ita
1887 2447 1952 2524 gro.

210 2527 278 2604 quis
292 2543 353 2588 nau
369 2527 556 2589 iudicettam
572 2523 746 2604 religiosam
767 2523 987 2600 celebritatem,
1003 2538 1058 2584 nc·
1102 2531 1202 2592 riosus
1224 2526 1369 2608 Princeps
1393 2539 1450 2603 per
1473 2541 1555 2586 arma
1580 2525 1714 2600 iustitiae
1740 2527 1821 2588 bella
1848 2529 1952 2590 omnia

209 2611 343 2686 stristtue
365 2611 395 2671 in
410 2610 590 2688 regionibus
610 2606 801 2681 inusitatam,
826 2605 933 2667 meritc
948 2605 979 2667 iu
995 2621 1057 2668 me·
1102 2609 1333 2676 consummarit,
1350 2615 1381 2670 et
1401 2605 1470 2670 sinc
1496 2608 1613 2684 iuuere,
1640 2615 1678 2682 et
1696 2609 1814 2682 ahsnue
1842 2627 1952 2672 eruore

211 2694 336 2754 morium
351 2692 485 2755 omnium
500 2689 738 2767 bambergensis
753 2688 910 2750 Ecclesiae
927 2687 1056 2750 [iliorum
1102 2708 1226 2769 semper
1240 2691 1446 2767 triumpharit.
1462 2690 1603 2769 Denique
1617 2693 1843 2755 consummatis
1858 2693 1951 2754 huius

212 2781 361 2852 perpetuo
378 2775 496 2844 haheri,
519 2779 549 2836 el
565 2771 741 2835 memoriale
764 2774 832 2833 cius
853 2772 885 2832 in
900 2772 1056 2834 saeculum
1102 2778 1180 2838 ritae
1190 2775 1359 2849 laboribus,
1370 2777 1531 2850 postquam
1543 2773 1643 2836 honae
1655 2774 1812 2852 opinionis
1824 2779 1951 2838 odorem

212 2872 273 2916 non
290 2857 491 2934 derelinquit
1101 2862 1204 2937 louge,
1221 2858 1343 2934 lateque
1358 2857 1443 2918 clere
1458 2855 1589 2936 iecerat,
1606 2858 1769 2934 locumque
1791 2860 1853 2920 sibi
1876 2860 1950 2920 dile·

253 2935 289 3000 Ut
304 2946 403 3000 autem
420 2938 457 3001 ad
477 2938 637 3014 superiora
660 2938 834 3010 redeamus,
858 2935 940 2997 unde
963 2935 1058 3012 pauli·
1102 2951 1197 3008 ctum,
1214 2946 1243 3000 et
1258 2937 1378 3000 caetera
1394 2939 1579 3002 monasteria
1595 2939 1732 3010 ditando,
1749 2946 1782 3002 et
1796 2943 1945 3010 ornando,

212 3037 284 3101 Silii
297 3021 430 3094 discessi
443 3036 561 3091 sumtis·
577 3027 736 3096 P⁰Sitli¹i¹¹i
751 3021 930 3091 iiisiniitis
942 3035 956 3078 θ
969 3019 1058 3079 beato
1102 3033 1134 3087 et
1147 3022 1317 3101 excolendo
1339 3021 1376 3082 cd
1399 3021 1568 3097 perlectum
1589 3023 1768 3095 adduxerat,
1790 3025 1829 3106 ad
1853 3027 1950 3100 perei-

212 3105 377 3167 Dcnedictc
395 3104 503 3168 calculi
521 3104 659 3164 molestia
678 3107 801 3162 senatus
817 3101 940 3162 Romam
954 3116 1057 3176 perva-
1104 3105 1246 3184 piendam
1263 3105 1550 3167 immarcescibilem
1566 3120 1708 3166 coronam
1725 3123 1740 3165 a
1756 3105 1890 3168 Domino
1901 3123 1949 3167 rc·

216 3188 383 3261 nit,ihinue
399 3204 415 3246 a
431 3185 681 3262 venerahiliPepa
689 3184 854 3252 Benedicta
867 3187 967 3245 omnia
980 3199 1059 3261 quac
1102 3196 1188 3251 catus
1203 3195 1261 3253 est.
1277 3186 1316 3250 ab
1331 3189 1485 3266 ergastulo
1499 3187 1600 3248 curnis
1614 3206 1623 3265 ;
1639 3187 1692 3264 etri
1713 3201 1847 3250 cernens
1868 3189 1948 3250 diem

213 3273 353 3346 petierat.
371 3271 557 3346 impetrarit.
581 3269 714 3332 lluuitus
736 3265 907 3343 tlpostolica
930 3265 1058 3328 henedi-
1102 3273 1209 3334 mortis
1223 3270 1283 3332 sihi
1300 3269 1471 3342 imminere,
1488 3270 1603 3332 rccutis
1616 3271 1652 3331 ad
1665 3285 1701 3332 se
1713 3271 1906 3347 parentibus,
1921 3281 1949 3332 ct

213 3355 315 3415 ctione
329 3354 421 3428 Alpes
446 3351 624 3430 Apenninus
647 3347 856 3426 transcendit3
880 3357 909 3410 et
931 3348 1059 3410 dimisso
1103 3354 1242 3433 cognatis
1267 3352 1463 3416 beatissimae
1485 3352 1689 3428 Imperatricis
1711 3351 1947 3430 chunigundae,

214 3437 348 3499 exercitu
364 3437 395 3496 in
412 3440 523 3496 terrem
540 3450 625 3494 suam
643 3432 821 3495 cluniacum
837 3448 927 3496 causa
950 3429 1059 3493 oratio·
1103 3452 1225 3498 neenou
1238 3436 1327 3496 etiam
1341 3434 1522 3509 quibusdam
1538 3436 1631 3513 llcgui
1645 3435 1847 3508 Primcrihus,
1861 3453 1949 3498 manu

215 3521 264 3580 nis
281 3521 348 3579 eius
359 3534 426 3580 cum
441 3517 547 3593 paucis
559 3514 759 3580 iaruiliarihus
774 3515 917 3587 perrexit.
930 3529 966 3575 eo
978 3512 1059 3591 quod
1104 3518 1664 3594 eamapprehendit.etcommendertt
1675 3533 1741 3580 earu
1755 3519 1830 3594 illis,
1846 3519 1950 3580 huius-

216 3601 308 3662 multa
325 3601 363 3664 de
377 3598 538 3677 religione,
554 3606 586 3660 et
600 3599 679 3660 statu
696 3595 755 3658 toci
767 3597 848 3658 illius
860 3596 990 3658 audiret.
1005 3595 1059 3657 tihi
1105 3602 1186 3664 modi
1202 3601 1305 3663 verbis
1320 3600 1464 3662 memoria
1481 3599 1685 3678 dignissimis.
1700 3601 1793 3663 Eune
1807 3618 1890 3669 ecce.
1907 3604 1946 3663 in-

216 3701 285 3746 cum
302 3685 395 3744 multa
411 3681 580 3760 religionis.
593 3685 624 3742 et
638 3678 807 3742 sanctitatis
820 3679 907 3757 signa
921 3679 1058 3750 uidisset,
1106 3685 1182 3760 quit,
1197 3684 1278 3744 mihi
1289 3683 1418 3746 ccctis.
1429 3684 1526 3745 immo
1542 3701 1564 3744 a
1577 3682 1698 3746 Christo
1710 3685 1945 3762 semipastam,

216 3767 314 3826 sancti
331 3765 461 3843 Spiritus
476 3767 547 3841 igne
563 3779 746 3837 succensus,
771 3777 914 3827 corucem
937 3778 1060 3824 auream
1106 3769 1171 3844 ipsi
1188 3765 1308 3829 Christo
1323 3765 1457 3828 Domino
1472 3773 1594 3841 nostro,
1608 3766 1735 3828 erectas
1746 3770 1872 3846 recipcre
1885 3770 1948 3830 eir·

216 3847 449 3925 pretiosissimis
461 3847 592 3924 gemmis
603 3847 789 3907 adornatam.
799 3846 835 3904 ad
849 3844 970 3906 illesam
983 3859 1062 3921 uuae
1106 3853 1215 3928 picem
1227 3855 1376 3910 uestram.
1392 3847 1508 3909 Discite
1523 3865 1596 3927 ergo
1612 3848 1719 3911 divites
1732 3851 1821 3910 buius
1832 3850 1946 3910 saeculi

217 3933 256 3992 de
278 3929 427 3991 datlredre
449 3929 548 3989 sancti
568 3927 648 3990 Petri
670 3927 857 3996 celebratur,
880 3926 1010 4003 chtulit;
1033 3931 1062 3987 et
1106 3930 1307 3996 tacerecohia
1322 3930 1496 3993 amicosdc
1509 3933 1950 4009 mommeeemrecttetrsmt

216 4011 436 4078 ltonrchorum
450 4009 669 4073 itaterniiatcm
685 4006 861 4082 suscipiens
877 4024 944 4076 curn
969 4008 1062 4080 maxi·
1106 4030 1181 4076 cum
1195 4013 1372 4090 defeceritis
1385 4013 1615 4091 recipientem
1634 4016 1671 4076 tn
1692 4018 1829 4078 aeroma
1848 4014 1949 4077 tapes.

217 4114 267 4157 mu
291 4094 472 4169 bumilitate,
496 4098 526 4154 et
547 4091 648 4155 cordis
671 4089 852 4153 contritione
873 4091 1063 4153 orationihus
1106 4095 1240 4160 mnemia.
1739 4163 1741 4166 ¹

218 4194 324 4242 eorum
340 4192 375 4239 se
391 4175 625 4249 commendarit,
642 4180 672 4237 et
694 4175 722 4235 in
746 4177 993 4251 supplementum
1017 4188 1063 4234 re·
1151 4179 1250 4241 liuius
1278 4193 1349 4240 raro
1365 4177 1589 4256 ,gloriosissimi
1616 4179 1766 4256 Principis
1791 4180 1950 4256 praeconia

216 4277 284 4324 rum
301 4261 545 4322 necessariarum
557 4261 668 4335 optima
682 4254 787 4337 predia
799 4257 830 4316 in
842 4259 950 4318 tltsatia
963 4256 1063 4319 eidem
1109 4263 1243 4338 linguam
1260 4261 1362 4323 carnis
1377 4267 1478 4324 iecere
1490 4277 1550 4324 non
1563 4263 1716 4334 contenit,
1730 4265 1760 4323 in
1774 4262 1864 4324 cuius
1876 4269 1950 4324 tran·

219 4341 456 4422 congregationi
472 4340 665 4403 contradidit.
1060 4381 1062 4389 ·
1109 4345 1168 4406 situ
1186 4343 1348 4406 contutatis
1361 4343 1543 4419 daemoniis,
1560 4343 1817 4420 triumphantibus
1828 4343 1949 4422 Angelis

261 4426 338 4487 indii
365 4427 423 4487 iiii
447 4425 565 4508 iacietis
592 4439 646 4497 Dei
671 4423 829 4494 i00dit1m.
857 4429 887 4484 ei
912 4421 1063 4482 fleverim
1110 4428 1228 4489 eaelum
1244 4427 1396 4488 exultauit.
1418 4425 1565 4488 Defuncto
1581 4428 1682 4504 itaque
1698 4427 1876 4490 beatissimo
1897 4427 1946 4488 Dei

220 4507 372 4582 transicit,
390 4515 419 4570 et
434 4505 694 4584 congregationes
709 4506 785 4570 inihi
799 4507 863 4567 Deo
884 4504 1065 4566 tumulantes
1110 4509 1224 4570 temttto
1239 4509 1371 4571 Henrico
1393 4523 1472 4570 anuo
1494 4509 1591 4588 Regni
1614 4513 1661 4572 sui
1683 4509 1947 4590 vigesimaquarta,

222 4589 365 4668 plurimis
379 4588 607 4666 largitionibus,
625 4594 656 4649 ei
672 4590 805 4663 praediis
820 4589 934 4648 ditarit.
952 4585 989 4648 Et
1010 4588 1065 4646 issi·
1110 4591 1233 4669 Imperii
1251 4590 1425 4662 undecimo,
1448 4593 1525 4654 ritae
1548 4607 1618 4654 uero
1640 4608 1714 4655 suae
1735 4591 1948 4670 quinquagesi-

224 4691 291 4734 num
310 4671 391 4750 quod
407 4674 499 4734 homo
515 4669 583 4742 Dei,
599 4670 652 4747 uui
667 4671 745 4732 circa
762 4672 906 4734 utilitates
922 4669 1066 4730 ecelesia·
1111 4674 1312 4741 mosecundo.
1326 4689 1438 4743 corcus
1450 4677 1517 4736 eius
1528 4674 1720 4751 Bamhcrgiu
1733 4675 1872 4737 Ecclesia
1884 4677 1950 4736 Dea·

220 4757 329 4824 sticas.
348 4760 379 4816 et
399 4756 529 4818 salutem
552 4753 670 4815 animae
693 4769 766 4816 suae
788 4759 868 4814 tauto
891 4753 991 4813 studio
1012 4750 1065 4813 fla·
1111 4766 1209 4817 torum
1224 4755 1441 4835 Apostolorum
1457 4756 1533 4817 Petri
1549 4763 1580 4819 et
1590 4757 1674 4818 Pauli
1687 4757 1855 4834 honorilice
1866 4773 1948 4833 sepe·

222 4839 339 4916 grabai,
362 4839 394 4899 in
416 4837 502 4900 nullo
524 4842 698 4914 protectum
721 4839 768 4897 sui
791 4835 885 4914 Regni
909 4835 1065 4912 neglexit3
1110 4840 1183 4901 titur
1197 4857 1206 4917 ;
1221 4842 1463 4918 acpostmctium
1480 4840 1585 4900 multis
1600 4839 1816 4903 miraculorum
1839 4839 1945 4902 rirtuti·

224 4919 361 4998 quinimo
376 4920 444 4982 sine
459 4918 610 4982 effusione
633 4919 804 4995 sanguinis,
829 4921 951 4996 pietate,
969 4924 999 4977 et
1020 4935 1068 4976 rc·
1112 4921 1170 4984 hus
1186 4940 1200 4982 a
1215 4920 1346 4984 Domino
1361 4920 1557 5000 glorificatur.
1573 4921 1645 4985 Post
1659 4922 1751 4984 huius
1766 4923 1946 4984 sanctissimi

224 5003 499 5082 plenitaterminos
513 5001 607 5078 Regni
619 5002 665 5061 sui
679 5002 863 5077 dilatarit,et
875 4998 1065 5076 imperialem
1110 5003 1261 5080 Principis
1277 5019 1450 5077 excessum,
1469 5002 1628 5066 Conredus
1643 5019 1723 5068 unus
1735 5023 1773 5067 ex
1784 5006 1879 5080 llegni
1894 5007 1947 5065 Pri·

226 5088 416 5163 dignitatern,
434 5087 541 5162 gloria,
558 5084 718 5144 ethonore
740 5083 904 5159 ampliavit.
929 5088 959 5144 ct
980 5097 1066 5144 orna·
1112 5087 1248 5150 moribus
1262 5085 1455 5166 Regalisclic
1470 5086 1652 5149 sublimatus
1663 5089 1794 5150 consilio
1807 5088 1947 5149 Druncnis

226 5173 278 5230 vit.
295 5168 468 5230 Dobemiam
486 5167 566 5236 vicit,
579 5166 783 5242 burgundiam
796 5166 979 5244 subiugavit,
993 5165 1068 5226 Pan·
1112 5169 1315 5249 Augustensis
1330 5169 1484 5247 Episcopi,
1497 5167 1599 5232 lrattis
1610 5175 1705 5232 sancti
1719 5169 1844 5232 henrici
1856 5170 1945 5245 lmpe·

227 5251 349 5312 noniam
366 5265 487 5328 quoque
503 5249 572 5310 tldci
596 5247 784 5315 tenacitem.
803 5254 832 5310 ct
854 5249 987 5311 llcmauo
1009 5247 1067 5311 lm·
1111 5253 1232 5325 tatoris,
1249 5253 1299 5328 qui
1316 5267 1450 5330 semper,
1467 5259 1500 5312 ut
1514 5252 1658 5329 superius
1674 5254 1788 5315 dictum
1805 5260 1864 5324 est.
1884 5255 1945 5314 cius

227 5333 311 5412 perio
327 5331 517 5394 coadunavit.
1019 5383 1028 5408 ,Α
1112 5335 1252 5396 felicibus
1267 5334 1385 5396 actibus
1401 5335 1571 5413 inridebct3
1587 5335 1801 5412 Episcopatuur
1817 5335 1946 5397 Bamhcr-

267 5415 369 5477 Vietcr
393 5431 464 5492 ergo
490 5417 615 5474 aliarum
644 5415 797 5476 nationum
823 5413 985 5491 Apostolus
1009 5413 1066 5474 tuit
1111 5418 1411 5489 gensemdestruere
1427 5418 1639 5492 meditabatur,
1662 5419 1731 5494 ecia
1753 5419 1835 5481 idem
1855 5417 1947 5480 Bruno

227 5495 452 5577 ilungarcrum.
476 5495 548 5558 Eum
570 5499 650 5558 enim
674 5513 781 5558 ornnes
803 5499 903 5558 adhuc
925 5495 1065 5558 infideles
1110 5498 1281 5576 Episcopus
1304 5499 1444 5576 promisit
1463 5503 1559 5564 sorori
1586 5515 1660 5563 suae
1685 5499 1798 5565 Gisilaa
1824 5501 1946 5579 Reginae

229 5588 345 5657 essent,
362 5581 400 5643 ad
415 5579 486 5643 lidei
503 5577 675 5642 Catholicae
689 5581 806 5643 attraxit
827 5579 1064 5644 contessionem.
1110 5579 1321 5662 ilungarcrum
1333 5582 1433 5648 omnic
1446 5584 1570 5664 praedia
1581 5583 1906 5650 haereditariciuread
1917 5601 1947 5648 sa
