4044 6256
269 275 322 344 tit
952 279 1039 341 vite
1058 279 1087 342 S.
1106 278 1250 342 tutudi

198 413 265 480 eiae
279 412 392 494 piccus
407 409 546 493 migrarit
559 413 598 480 ad
622 413 798 493 Dominum,
822 413 871 480 dle
897 413 1052 480 tricesimo
1099 413 1184 495 pium
1199 411 1406 480 buccilletum
1431 414 1566 480 cessisse
1580 413 1706 489 dieitur.
1721 430 1762 479 ae
1779 410 1889 494 paule
1903 427 1944 491 pcc

199 494 298 560 ldariii
311 495 384 558 anui
408 493 564 560 millesimi
591 498 885 578 quadringentesimi
910 497 1053 570 secundi.
1100 515 1115 560 a
1132 497 1218 573 Duce
1233 496 1352 574 aliquos
1368 505 1509 576 aegrotos
1525 504 1705 577 praesentes
1721 497 1796 562 solo
1813 501 1909 560 metu
1922 515 1946 560 cs

199 579 327 642 Eortem
341 577 411 641 cius
425 577 589 657 gloriosam
603 578 812 644 iudicauerunt
826 580 985 658 Vercellis,
1002 580 1054 643 ubi
1099 589 1180 645 rates
1196 579 1307 643 ierunt.
1322 579 1397 652 Quia
1411 596 1479 644 rere
1494 580 1651 660 Episcopi,
1666 583 1717 660 qui
1735 581 1777 644 ad
1798 578 1947 642 tunnsbr

201 667 342 726 mortuus
357 667 414 734 est,
433 663 547 724 lumina
564 661 627 726 risa
642 679 734 743 supra
750 681 850 735 arcem
866 679 995 728 accensa
1011 666 1055 726 di·
1099 666 1144 726 cis
1160 662 1295 726 defuncti
1314 661 1534 726 celebrandum
1550 671 1772 733 convenerant.
1790 677 1910 740 neque
1923 679 1949 726 aa

201 745 326 822 cintius,
344 750 376 807 et
389 750 497 806 cantus
516 743 656 826 Angeliei
683 764 775 827 supra
799 747 939 810 eamdem
954 763 1054 810 arcem
1100 747 1214 810 debant
1228 748 1294 808 sine
1308 745 1502 824 beneplacito
1513 746 1688 826 Apostolos
1703 745 1873 828 optimum
1890 743 1955 808 Pric-

202 827 309 893 audlti.
328 826 415 906 apud
430 827 577 890 Taurinos
592 835 706 900 autem,
724 831 774 893 ubi
789 830 901 894 itabant
913 832 1055 911 publicae
1100 830 1201 908 alpem
1227 828 1323 892 sacris
1338 831 1513 892 cerimoniis
1528 831 1696 893 bonorare:
1709 837 1743 895 et
1759 835 1878 894 tamen
1896 827 1956 892 icta

202 910 445 991 supplicationes
457 909 493 972 ad
507 909 603 974 Deum
621 929 677 992 pro
692 913 749 977 rita
760 914 855 980 Ducis
866 915 996 993 graviter
1008 929 1057 976 aa·
1100 911 1173 976 riam
1191 910 1250 976 sibi
1267 911 1445 974 ridebantur
1461 912 1561 976 iacere
1576 913 1696 977 animae
1712 911 1759 976 litt
1773 917 1932 986 sanctae,
1944 930 1958 976 s.

203 994 364 1076 gratantis,
392 991 453 1056 risa
476 997 524 1056 esi
547 996 576 1056 in
594 1011 666 1058 aare
682 1013 782 1060 eoram
800 997 905 1059 multis
921 995 1057 1059 millibus
1100 1010 1155 1075 pre
1171 1009 1204 1058 ea
1231 993 1359 1058 bomine
1385 996 1614 1074 supplicatoris
1632 996 1798 1077 elegerunt
1824 993 1959 1058 medias

203 1077 373 1151 bominum,
390 1078 483 1139 sedes
496 1076 730 1156 sublimissima,
747 1097 783 1144 ae
799 1079 858 1156 ipsi
871 1077 933 1142 Seli
947 1095 1057 1158 aequa·
1101 1078 1263 1154 quamdam
1278 1076 1369 1140 riam.
1386 1078 1466 1141 llaec
1481 1078 1547 1150 tuit,
1572 1085 1606 1141 ut
1630 1081 1725 1156 prima
1748 1079 1817 1154 die,
1838 1083 1877 1140 ct
1892 1092 1963 1140 nona

204 1159 257 1235 lis,
273 1160 305 1224 lu
321 1174 379 1239 qua
403 1159 514 1221 sedere
537 1161 785 1242 conspiciebatur
805 1162 872 1226 Bur
893 1162 1056 1236 bmadcus.
1101 1161 1274 1238 Episcopus
1289 1159 1495 1223 vercellensis
1509 1163 1827 1226 caneretsulemnem
1839 1159 1965 1224 blissan

206 1245 277 1306 luce
292 1241 477 1305 candissimo
494 1241 712 1308 circumdatus.
736 1245 842 1310 Secuta
866 1252 937 1308 sunt
952 1252 1057 1325 postea
1102 1247 1140 1306 de
1154 1243 1267 1324 Spiritu
1283 1250 1407 1306 sancto:
1422 1243 1557 1307 Pontifex
1568 1244 1769 1308 laurinensis
1781 1243 1918 1308 Elissam
1936 1244 1967 1306 da

207 1324 350 1390 miracula
366 1323 509 1401 plurima,
525 1331 557 1390 ei
572 1329 712 1399 maxima,
736 1347 814 1409 quae
837 1329 963 1407 gloriam
980 1331 1059 1392 beati
1102 1326 1279 1390 Beatissimo
1293 1325 1414 1406 Virgine
1436 1326 1544 1389 llarin:
1568 1327 1842 1408 Arebicpiscopus
1861 1324 1969 1387 'Paran-

207 1409 301 1474 Bueis
315 1406 569 1474 testificabantur.
586 1411 646 1475 Sed
662 1417 693 1474 at
707 1413 778 1475 dum
796 1413 907 1474 vireret
923 1412 972 1474 laic
989 1415 1059 1474 bea·
1105 1411 1244 1474 latiensis
1258 1410 1378 1473 ltissam
1396 1424 1450 1489 pre
1476 1410 1629 1474 detunctis
1649 1415 1842 1490 generatim.
1859 1409 1967 1487 Siquis

206 1499 258 1556 ,tus
272 1491 434 1570 Princeps,
451 1493 608 1557 miraculis
623 1497 770 1560 claruisse
786 1495 908 1568 dicitur,
924 1511 1060 1573 praeser-
1107 1494 1251 1556 miracuia
1268 1495 1388 1572 singula
1414 1509 1602 1572 cognoscere
1627 1495 1743 1574 cupiat,
1767 1492 1928 1557 consulat
1942 1493 1967 1553 ii-

210 1575 262 1639 iim
279 1591 348 1638 cum
374 1575 405 1636 in
435 1574 555 1640 ciuitate
584 1578 746 1641 Parisiansi
772 1578 872 1659 pridie
900 1579 1062 1640 natiuitatis
1108 1578 1195 1639 brum
1211 1575 1315 1638 Italica
1331 1576 1434 1658 lingua
1456 1577 1604 1656 scriptum
1631 1577 1670 1640 dc
1694 1579 1752 1640 rita
1773 1575 1874 1640 Beati
1892 1581 1969 1636 Ama

212 1659 311 1722 sancti
326 1658 451 1723 loannis
466 1657 628 1739 Baptistae,
645 1662 776 1725 solemni
790 1663 845 1723 ritu
860 1661 897 1724 ad
912 1661 1060 1724 honorem
1110 1660 1170 1736 dei,
1198 1659 1292 1722 Ducis
1317 1660 1397 1722 tertii
1421 1659 1606 1733 Sabaudiae,
1632 1677 1649 1722 a
1676 1659 1872 1724 Reverendo
1890 1658 1966 1720 Patra

211 1740 397 1808 sanctissimi
412 1741 621 1808 Praecursuris
634 1746 730 1808 lacem
743 1745 928 1808 admouisset
943 1759 1016 1824 rego
1028 1745 1064 1806 li·
1111 1744 1219 1806 Denuo
1233 1743 1322 1805 Petro
1338 1742 1500 1806 Francisee
1515 1743 1623 1806 ltateto
1639 1742 1799 1807 Canopico
1821 1743 1967 1822 Regulari

211 1841 341 1906 gnorum
367 1825 449 1888 unde
478 1842 607 1906 magnus
636 1829 716 1909 ignis
743 1829 940 1892 excitabatur.
968 1827 1065 1902 Quam
1110 1825 1319 1896 lateranensi,
1333 1841 1413 1887 anno
1425 1824 1546 1888 Domini
1561 1824 1652 1890 toti.
1665 1825 1748 1891 obiit
1759 1827 1883 1890 beatus
1896 1824 1969 1887 Pria-

212 1908 336 1988 quidem
358 1909 563 1973 ceremoniam
585 1910 647 1975 liar
671 1913 739 1991 ipse
754 1928 911 1992 peragere
933 1911 1063 1984 solebat,
1110 1925 1186 1990 ceps
1202 1925 1281 1972 anne
1295 1909 1417 1974 Domini
1440 1907 1533 1974 lita.
1550 1925 1617 1973 eum
1633 1909 1760 1976 vixisset
1782 1923 1907 1973 annos.
1925 1907 1967 1970 bi.

214 1991 271 2058 sed
282 2007 320 2058 ee
335 2009 426 2072 anno,
443 2009 514 2059 cum
529 1996 654 2060 adesset
667 1995 733 2060 Ilua
754 1994 920 2070 Amadeus,
944 1994 1005 2056 lter
1018 1993 1062 2056 illi

815 2364 937 2455 vlit
968 2359 1148 2450 studii
1180 2359 1407 2453 titstttlttt

753 2675 919 2742 REGIS
964 2619 1245 2772 Polcoutall
1288 2672 1433 2739 Fluit
1521 2662 1522 2676 ¹

501 2965 528 3016 Α
542 2961 718 3014 Venerabili
731 2961 799 3011 niro
810 2958 967 3024 Gregorio
977 2954 1109 3008 §macele
1121 2953 1416 3012 nazaraenum.
1429 2955 1510 3012 Ptin.
1520 2957 1686 3026 θιοοιΙοο,

761 3047 801 3085 ex
812 3033 900 3083 benis
911 3029 1099 3084 Auctor-ibn
1110 3043 1179 3080 eram
1190 3029 1250 3081 ilrle
1262 3030 1426 3096 descripta.

267 3766 421 3866 immensa
445 3777 538 3854 atque
565 3777 793 3862 inexplicabilis
820 3781 877 3848 liei
906 3781 1076 3864 sapientia,
1123 3780 1278 3864 galleciae
1302 3778 1395 3844 birus
1410 3777 1590 3858 casimirus,
1617 3791 1710 3858 quem
1736 3789 1964 3842 summarcmn

228 3865 312 3948 quaa
324 3851 438 3947 inabitat
459 3859 490 3920 in
507 3861 651 3937 consilio,
675 3863 866 3943 eruditisque
889 3865 1016 3932 interest
1030 3881 1080 3930 ee·
1123 3864 1259 3928 omnium
1277 3861 1431 3928 effecturis
1445 3862 1568 3927 bouitas
1580 3861 1754 3934 tutelarum,
1766 3859 1963 3950 acPatrocum

229 3935 436 4031 gitatrontbus‚
453 3941 542 4005 cuius
557 3946 953 4028 asiaequitas,prudeotia,
978 3955 1007 4013 ei
1022 3948 1079 4012 ior·
1125 3948 1281 4012 Pelopiae.
1309 3946 1551 4024 Lithuaniaeque
1576 3942 1672 4008 veluti
1698 3939 1846 4022 quoddam
1870 3953 1966 4033 spect·

232 4018 342 4114 titudo,
358 4036 415 4097 per
430 4040 520 4102 quam
536 4025 638 4109 Beges
662 4038 803 4110 regnant,
819 4033 920 4112 legum
944 4033 1081 4096 condito·
1126 4047 1208 4104 men‚
1237 4029 1391 4107 totiusque
1414 4029 1574 4108 probitatis
1590 4025 1831 4104 pulcherrimam
1845 4019 1966 4098 effigiem

230 4117 282 4166 res
297 4109 375 4166 iusta
397 4104 586 4192 decerouui3
610 4111 656 4176 sic
679 4116 829 4178 mundum
850 4117 964 4178 nestris
979 4117 1082 4179 subic·
1128 4113 1411 4191 contemplandum,
1430 4111 1674 4190 imitandumque
1698 4106 1873 4189 proposuit.
1887 4104 1965 4168 Natus

232 4191 314 4248 ctum
330 4187 429 4252 oeulis
444 4191 605 4272 gubernat,
622 4197 780 4278 rebusque
793 4198 925 4262 consulit
941 4199 1083 4263 humanis
1129 4197 1157 4262 is
1171 4204 1219 4261 est
1233 4195 1406 4266 Cracotiae,
1424 4192 1519 4258 nobili
1536 4193 1689 4273 inprimis
1710 4207 1746 4255 ac
1768 4189 1911 4268 primaria
1919 4187 1962 4284 lie·

235 4272 268 4367 ut
280 4286 336 4349 pre
350 4276 520 4351 temporum
533 4280 731 4354 necessitate,
745 4281 826 4346 vires
837 4282 995 4346 Ecclesiae
1007 4300 1081 4346 suae
1131 4283 1183 4362 gni
1198 4279 1341 4344 Potoniae
1357 4279 1450 4355 Urbe,
1468 4295 1547 4342 anno
1565 4284 1668 4356 pariae
1688 4276 1800 4340 salutis
1814 4272 1966 4336 millesimo

234 4355 375 4431 rdoncos,
403 4360 625 4426 sanctimoniae
652 4365 732 4427 notis
757 4366 908 4445 insignes,
936 4383 973 4429 ae
998 4366 1081 4429 omni
1133 4363 1382 4445 quadringesimo
1406 4361 1795 4442 quinquagesimaeque,
1814 4357 1900 4419 tertie
1923 4352 1968 4416 lio

235 4437 375 4504 uirtutum
391 4456 506 4520 genere
521 4446 709 4526 conspicuos
734 4449 864 4511 dirersis
887 4450 1021 4513 sacculis
1036 4467 1083 4512 es·
1133 4465 1188 4511 nas
1205 4447 1356 4519 Octobris,
1373 4447 1441 4524 ipsc
1464 4445 1617 4508 diluculo:
1643 4441 1696 4523 qui
1721 4441 1791 4505 dies
1808 4447 1870 4502 tum
1885 4437 1969 4500 Picto·

234 4522 347 4602 signet.
373 4522 415 4587 lta
442 4527 550 4590 mundi
565 4531 721 4595 nascentis
744 4530 883 4595 exordio.
901 4539 969 4596 ante
985 4534 1085 4612 legam
1133 4531 1196 4594 riae
1211 4548 1300 4611 quam
1317 4535 1401 4610 pater
1416 4528 1482 4593 etus
1499 4527 1666 4594 casimirus
1677 4524 1710 4589 in
1724 4525 1850 4590 Prassia
1863 4523 1900 4586 de
1911 4519 1969 4616 Bru·

235 4612 385 4701 exaratam
412 4607 618 4676 Patriarchas:
647 4630 796 4696 progessu
824 4616 981 4692 temporie,
1014 4623 1083 4681 aute
1133 4616 1245 4696 eigeris
1261 4613 1415 4694 insignem
1441 4610 1617 4690 reportarit.
1633 4608 1805 4686 ducemque
1821 4607 1970 4695 Paporran

237 4699 350 4768 gratiae
374 4697 484 4756 statum
511 4695 698 4776 Prophetas:
716 4700 839 4762 demum
867 4706 936 4778 posi
960 4698 1014 4762 liii
1037 4699 1084 4763 sui
1133 4700 1162 4763 ri
1176 4698 1383 4778 oppugnando
1410 4695 1530 4775 coepii3
1555 4699 1619 4758 tum
1646 4691 1766 4772 Georgii
1792 4687 1971 4780 Podicbradu

238 4780 402 4842 salutarem
418 4781 448 4840 in
466 4786 560 4842 terras
576 4781 751 4856 adventum,
767 4781 839 4846 ildei
855 4782 1084 4862 antesignanos,
1128 4781 1335 4860 ,Bolremerum
1350 4779 1442 4858 Regis
1459 4779 1610 4858 legatione
1625 4776 1690 4840 iure
1703 4774 1856 4838 amicitiae
1872 4769 1969 4867 ablega

241 4865 272 4924 et
287 4864 414 4940 prinus.
440 4864 519 4926 sacri
541 4863 699 4945 Evangelii
715 4881 886 4945 praecones
901 4866 1085 4945 Apostolos:
1133 4866 1234 4943 tantis,
1250 4863 1411 4944 Reguique
1425 4861 1582 4926 Bobemici
1599 4859 1728 4942 insignia
1741 4857 1844 4921 eidem
1861 4854 1968 4951 Casama

239 4943 442 5026 eiusdemque
468 4948 635 5010 acerrimos
665 4955 929 5028 propugnatores,
957 4948 1086 5012 invictos
1130 4966 1164 5013 ro
1178 4946 1252 5028 Regi
1270 4947 1414 5012 l’elouiae
1432 4946 1510 5010 uitro
1526 4943 1705 5022 deleteuiis,
1721 4941 1778 5006 luit
1794 4941 1937 5004 ittustns.

240 5029 412 5110 llarigres3
442 5030 513 5093 item
539 5031 673 5109 optimos
700 5031 903 5111 Reipublicae
930 5031 1042 5096 divinis
1071 5050 1086 5094 a
1174 5031 1325 5112 Agebatur
1343 5031 1401 5094 iarn
1419 5036 1492 5092 tunc
1508 5044 1608 5091 annus
1630 5026 1845 5105 sexagesimus
1860 5027 1973 5103 quartus

241 5111 362 5177 Christe
387 5113 531 5177 tornatae
553 5114 674 5195 legibus
697 5116 856 5195 praesides
880 5122 909 5179 et
930 5121 1085 5182 rectores:
1135 5132 1171 5179 ex
1188 5132 1248 5195 que
1259 5112 1455 5194 lagellobux
1465 5111 1653 5194 Lptbuaniae
1667 5107 1926 5174 bellicosissimus
1937 5103 1974 5168 ot-

245 5206 307 5274 tum
322 5195 469 5276 singulari
491 5198 639 5280 sapientia
656 5199 936 5276 praestantissimos
961 5199 1087 5278 Episeo
1136 5200 1221 5280 gordi
1244 5197 1338 5276 iilius,
1360 5195 1512 5262 Gedimioi
1528 5195 1631 5274 Nepos
1648 5193 1686 5258 ab
1703 5193 1832 5256 Pitanne
1849 5191 1973 5254 Romano

243 5296 313 5359 pes,
330 5285 360 5342 ei
375 5279 537 5361 bectores3
551 5282 685 5361 denique
697 5298 734 5346 ex
745 5284 815 5346 altis
828 5283 1091 5348 bominibusmut·
1137 5282 1200 5346 rito
1216 5279 1357 5360 Principe
1372 5297 1472 5362 genus
1484 5279 1660 5343 ducentium
1672 5277 1794 5341 ilrbauo
1807 5271 1973 5340 SericPou·

214 5387 216 5392 ·
244 5363 403 5427 titudinem
420 5378 515 5443 prope
537 5364 791 5430 innumerabilem
815 5365 947 5446 euiiecii,
972 5367 1023 5446 qui
1040 5383 1093 5444 po·
1141 5365 1221 5429 tilica
1245 5365 1323 5430 blaa.
1349 5363 1509 5428 Ecclesiae
1535 5363 1673 5426 Romano
1699 5363 1818 5424 clarum
1845 5360 1974 5421 tecente.

244 5449 335 5512 stetis
347 5454 377 5510 et
392 5453 475 5510 recte
491 5447 579 5510 citam
606 5449 787 5514 instituendi
804 5466 923 5522 norma,
953 5457 982 5513 ci
998 5449 1093 5514 duces
1141 5448 1251 5515 Christi
1269 5447 1360 5512 iidem
1373 5448 1543 5526 amplexus,
1561 5452 1592 5510 at
1602 5460 1690 5510 sacru
1701 5442 1895 5535 baptismatis
1902 5435 1974 5502 tuuc

246 5537 390 5593 aeternae
416 5530 580 5606 felicitatis,
607 5535 819 5615 capessendae
846 5536 1023 5598 existerent.
1049 5532 1094 5596 Er
1139 5532 1275 5597 initiatus
1290 5531 1457 5595 Vuladislui
1476 5547 1588 5594 nomen
1604 5530 1729 5592 sortitus
1744 5530 1803 5590 esi.
1820 5525 1874 5590 liic
1888 5523 1972 5619 unla-

245 5613 305 5677 hee
318 5617 473 5694 postremo
490 5630 618 5678 numere
635 5634 715 5681 unus
738 5625 785 5682 est
807 5617 1034 5684 immortalitate
1049 5616 1095 5680 di·
1140 5632 1208 5696 gem
1224 5616 1369 5680 Pcieniae
1391 5616 1522 5694 electus,
1547 5629 1583 5675 aa
1598 5611 1713 5677 Saenia
1734 5609 1826 5695 (posi
1839 5607 1930 5672 llarta
1943 5607 1971 5698 tt·

234 5699 325 5778 'gnus
339 5697 471 5779 iucigtaa
489 5697 771 5778 potentissimorum
786 5702 904 5782 Regum
931 5702 1036 5782 stirpis
1049 5699 1095 5764 Ia·
1141 5697 1202 5784 cta)
1217 5697 1404 5764 lliioriensis
1415 5699 1507 5762 lincis
1523 5695 1597 5775 iiiia,
1614 5699 1740 5778 stirpem
1758 5711 1794 5758 ac
1807 5707 1892 5773 spem
1905 5687 1971 5754 lama
