4056 6260
301 265 355 329 82⁰
883 263 932 321 DE
952 261 1122 325 harberti
1141 261 1357 327 FELICITATE

230 403 389 470 sibonum
405 403 469 474 oris
484 408 515 468 et
528 399 655 473 uentris,
679 398 735 462 scd
750 403 783 461 ut
797 397 941 462 homines
956 397 1084 462 rationis
1129 402 1293 476 sponsatae
1315 399 1398 475 sint,
1422 402 1453 463 et
1473 413 1529 478 per
1548 398 1727 464 charitatem
1748 397 1872 468 unitae,
1897 398 1930 460 et
1953 385 2020 452 ad‘

229 490 410 570 participes,
426 489 600 551 esuriamus
616 484 719 548 cibum
736 490 880 546 aeternae
896 483 974 546 ritae
987 489 1017 546 et
1033 499 1084 562 pa·
1129 483 1426 548 consummationem
1450 483 1616 564 spiritualis
1632 481 1768 567 coniugii
1784 482 1815 544 in
1829 481 2007 546 caelorum

230 589 301 636 nem
317 572 517 653 Angelorum,
532 572 576 633 ret
593 569 683 633 etiarn
701 583 811 629 manna
827 567 902 628 illud
921 567 1084 629 abscondi·
1129 565 1234 646 Regno
1256 570 1443 646 suspirent·

229 661 305 732 tam,
323 656 412 737 quod
424 672 521 720 acmo
535 659 605 728 ecit,
621 653 687 716 misi
701 653 760 731 qai
774 652 905 728 accipit,
923 649 1083 730 (opaca.)
1168 649 1233 714 tam
1257 655 1328 715 rard
1350 652 1440 733 quale
1462 652 1578 716 bonum
1595 652 1655 717 sit.
1673 651 1838 714 humanam
1854 645 2008 710 animam

231 745 262 803 et
278 757 339 820 quo
355 740 437 803 Deus
451 739 520 818 ipse
532 739 570 801 ab
584 743 708 799 aeterno
721 742 751 797 ct
764 733 795 796 in
808 743 964 796 aeternum
977 734 1086 797 fruitur
1129 748 1198 795 cam
1215 733 1334 800 Christo
1348 784 1356 810 ,
1370 735 1459 802 etiam
1472 753 1531 813 oua
1547 736 1628 800 Deus
1639 742 1699 810 est,
1714 734 1870 798 connubio
1886 725 2007 812 jungi.

230 827 262 888 et
276 824 322 888 sic
338 825 472 886 tiramus
487 823 519 884 in
534 823 594 885 boc
605 821 708 892 exilio,
725 825 757 881 ut
770 834 831 882 uon
844 817 1009 898 diligamus
1024 817 1084 882 ctri-
1129 816 1156 879 si
1178 819 1248 896 auis
1263 837 1374 898 cupere
1389 827 1440 882 aut
1456 823 1549 902 digne
1560 819 1695 901 cogitare
1709 823 1837 896 posset,
1858 815 2008 879 tortasse

230 907 319 983 lium,
336 907 391 970 sed
408 905 444 967 ad
462 905 589 985 patrium
605 907 822 982 suspiremus3
847 903 883 963 ud
905 919 997 980 quam
1014 918 1084 964 cum
1130 901 1205 964 nihil
1223 906 1318 984 magis
1335 904 1536 967 bonoritlcum
1555 952 1562 979 ,
1588 901 1807 978 nimicitias,
1826 899 1905 962 nihil
1923 895 2010 958 dnt-

230 990 543 1071 pervenerimusmon
555 989 595 1050 sit
610 987 700 1064 nobis
715 1001 846 1050 necesse
862 985 1011 1048 ciuitatem
1028 985 1085 1047 cir·
1130 983 1197 1047 cius
1220 1002 1321 1066 neque
1343 989 1374 1050 in
1396 991 1455 1051 hoc
1477 987 1617 1056 sacculo,
1641 1003 1743 1065 neque
1765 987 1795 1047 in
1819 982 1921 1046 lutura
1945 993 2010 1040 rc·

230 1073 420 1152 cumire,scd
434 1089 489 1152 per
504 1078 620 1153 portem
633 1072 692 1132 late
707 1075 860 1147 patentem
877 1070 1085 1149 ingrediamur
1132 1071 1233 1147 perire
1250 1078 1366 1150 posset.
1380 1073 1484 1152 tlagna
1500 1079 1547 1134 est
1561 1072 1656 1152 gloria
1671 1118 1680 1149 ,
1697 1071 1824 1143 utilitas,
1841 1066 2008 1137 suauitas,

230 1164 322 1238 atque
337 1159 376 1221 ad
392 1172 518 1220 coenam
533 1154 1084 1232 Dominilibentcradmtssipanevi·
1132 1154 1247 1216 servire
1269 1155 1344 1233 Regi
1366 1155 1507 1235 Regum
1529 1158 1626 1218 maior
1648 1156 1727 1217 inter
1748 1151 1864 1215 amicos
1888 1154 1920 1212 ct
1936 1148 2010 1242 ἀοῖ

230 1245 279 1304 tae
294 1249 324 1305 et
339 1257 419 1320 equa
433 1240 615 1322 saptentiae,
640 1239 749 1314 idest,
772 1236 843 1301 cibo
865 1241 1002 1318 potuque
1018 1252 1087 1319 gra·
1131 1240 1277 1301 mastices
1298 1243 1366 1302 eius
1387 1239 1624 1318 connnrncrari3
1649 1237 1800 1309 maxima,
1821 1237 1919 1298 litium
1937 1233 2008 1326 Det

231 1325 352 1390 tissime
368 1333 398 1388 ct
412 1324 596 1390 suavissimo
612 1324 771 1386 satiemur.
1133 1327 1162 1383 ct
1185 1321 1295 1385 christi
1317 1323 1441 1385 tratrem
1466 1324 1645 1386 nominari:
1676 1322 1731 1386 sed
1760 1335 1907 1399 sponsam
1933 1317 2008 1377 drcr

1133 1420 1226 1484 posse
1242 1405 1309 1479 Dei,
1328 1411 1502 1470 causariam
1520 1408 1619 1470 throni
1636 1455 1644 1481 ,
1661 1414 1834 1468 consortem
1850 1399 2007 1472 thalami,

581 1492 663 1558 cat.
680 1491 731 1556 tt.
1134 1497 1308 1552 consortem
1321 1506 1465 1565 coronae,
1483 1497 1656 1554 consortem
1671 1491 1824 1553 titulorum
1838 1484 2006 1552 omnium,

1134 1574 1295 1652 plusquam
1319 1574 1482 1636 marimum
1507 1575 1648 1646 bonum,
1671 1575 1697 1636 si
1720 1573 1767 1635 sic
1788 1570 1872 1650 toqui
1897 1569 2006 1637 licet,

228 1651 422 1736 Delluptiis,
438 1661 468 1721 et
486 1657 669 1739 liminibus
681 1653 898 1738 prudentibus
913 1659 943 1719 ει
956 1655 1087 1720 Eatais.
1134 1659 1208 1717 mihi
1222 1673 1292 1720 esse
1304 1658 1434 1721 ridetur.
1448 1658 1513 1721 lloc
1525 1659 1606 1720 enim
1619 1662 1677 1731 εει,
1688 1656 1769 1734 quod
1786 1652 1866 1733 apud
1878 1651 2008 1714 lsaiam

1133 1738 1283 1803 Dominus
1301 1742 1379 1804 dicit
1400 1742 1438 1803 de
1460 1740 1672 1820 spiritualibus
1699 1737 1873 1803 eunuchis:
1902 1733 2010 1798 Dabo

270 1819 379 1884 ltltima
395 1823 605 1901 parabolailla
620 1832 678 1904 cst,
695 1841 776 1907 quac
787 1823 921 1888 similem
937 1823 1009 1888 lecit
1023 1823 1089 1886 teti·
1134 1825 1179 1886 cis
1199 1825 1238 1887 in
1260 1824 1355 1887 domo
1377 1841 1451 1887 mco
1470 1841 1591 1888 acmen
1611 1824 1728 1888 malias
1742 1839 1764 1886 a
1774 1819 1850 1903 filiis
1866 1825 1896 1882 ei
1908 1819 2008 1895 atra·

228 1903 353 1968 citatem
370 1906 551 1972 Sanctorum
567 1909 734 1992 hepaticus
750 1907 878 1987 nuptiis,
897 1908 933 1970 ad
952 1925 1028 1989 quas
1044 1909 1089 1971 in·
1135 1904 1217 1986 bus,
1241 1905 1333 1992 (luci.
1357 1905 1425 1993 id.)
1437 1907 1467 1971 id
1484 1915 1542 1987 εει,
1559 1922 1673 1972 nomen
1685 1907 1826 1986 coniugis
1840 1903 1922 1967 dabo
1935 1901 2006 1974 ειε,

228 1987 337 2054 vitatae
352 1995 425 2053 suat
439 1991 575 2073 uirgines
590 1994 712 2072 dccem3
728 1991 850 2076 (llattlt.
866 1991 934 2073 ie.)
949 1995 1086 2072 quinque
1133 1987 1208 2064 Quis
1230 1991 1330 2072 capiat
1347 2040 1355 2070 ‚
1380 2008 1470 2071 qoam
1493 1993 1674 2067 excelsum,
1698 1996 1728 2055 ει
1750 2007 1838 2068 quam
1863 1984 2006 2050 onorlli·

227 2071 340 2150 latriae,
359 2079 389 2136 et
405 2075 541 2156 quinque
557 2078 739 2155 prudentes.
758 2075 816 2139 Ubi
837 2078 968 2154 primum
986 2076 1085 2138 brcri-
1133 2089 1215 2152 cum,
1233 2082 1263 2138 ci
1278 2081 1409 2154 quantae
1422 2075 1637 2140 oblectationis
1649 2077 1689 2138 sit
1702 2090 1761 2138 non
1780 2075 1879 2136 solum
1891 2071 2005 2134 Deum

229 2159 276 2218 ter
292 2157 509 2236 erpttcandnrn
527 2166 597 2242 εει,
623 2161 693 2242 quis
719 2162 759 2224 sit
785 2175 921 2238 sponsus
936 2208 944 2232 ,
961 2166 990 2222 et
1006 2175 1086 2238 anae
1131 2157 1258 2238 videre,
1282 2165 1312 2223 et
1333 2176 1403 2222 cum
1425 2159 1490 2223 Deo
1514 2159 1649 2240 colloqui
1672 2161 1702 2222 ct
1723 2161 1912 2232 convinerc3
1937 2154 2003 2216 sed

228 2254 356 2320 sponsa:
374 2241 500 2320 deinde,
525 2261 617 2324 quam
633 2246 792 2309 excellens
804 2246 920 2306 bonum
935 2243 1088 2324 significa·
1118 2258 1227 2306 uuum
1251 2242 1393 2322 spiritum
1415 2261 1484 2306 cum
1507 2243 1573 2307 Deo
1594 2243 1686 2320 lieri3
1709 2248 1738 2306 ει
1760 2241 1791 2303 in
1813 2239 1942 2316 Deum,
1965 2237 2006 2299 id

226 2326 277 2386 iur
290 2323 414 2388 nomine
431 2327 619 2406 nuptiarum:
636 2333 805 2409 postremo,
829 2329 902 2407 quid
916 2329 1089 2406 requiratur
1134 2331 1203 2399 cst,
1227 2328 1258 2388 in
1282 2344 1437 2390 summum
1462 2329 1576 2390 bonum
1597 2321 1830 2390 transtormarit
1851 2320 2007 2402 Apostoli

227 2411 262 2469 ut
276 2407 313 2468 ad
329 2407 446 2471 botrum
462 2414 684 2475 tamerimiam
702 2406 865 2492 pervenire
879 2412 1051 2474 ualeamus.
1132 2410 1313 2482 narbasani
1330 2430 1338 2472 :
1358 2411 1419 2490 Qui
1430 2411 1586 2476 adhaeret
1607 2408 1780 2483 meretrici.
1802 2421 1911 2470 unum
1928 2419 2007 2468 cor·

268 2489 309 2551 lc
324 2491 456 2568 primum
472 2510 563 2558 neruo
579 2494 720 2560 dubitare
735 2493 928 2575 potestante
944 2495 1088 2574 Sponsas
1132 2509 1195 2571 pars
1218 2493 1379 2576 afficitor:
1403 2503 1499 2558 crunt
1521 2497 1608 2560 enim
1630 2495 1695 2558 doro
1718 2494 1756 2556 iar
1776 2506 1876 2554 earne
1897 2505 2003 2555 uma:

227 2571 269 2636 sit
284 2571 435 2639 Christus.
452 2574 486 2639 ld
503 2585 630 2644 sauctus
651 2579 787 2646 ioannes
808 2579 941 2659 Baptista
966 2578 1090 2641 disertis
1136 2575 1197 2652 Qai
1220 2582 1329 2642 catam
1344 2578 1666 2646 adbaerctDornino.
1688 2575 1925 2655 anusspirr'ttts
1939 2577 2004 2636 eat.

227 2656 330 2720 verbis
345 2662 510 2737 expressit,
527 2679 594 2726 cum
612 2665 650 2726 de
667 2663 788 2726 Christo
811 2664 943 2739 loquens
957 2664 1011 2723 ait:
1028 2659 1090 2738 Qui
1133 2657 1178 2742 (l.
1203 2661 1344 2725 Corinth.
1369 2662 1399 2724 a.
1416 2665 1428 2740 t
1451 2671 1481 2725 ει
1496 2679 1619 2725 rursum
1634 2680 1642 2723 :
1659 2659 1720 2725 tvos
1733 2676 1808 2723 acro
1821 2673 1937 2722 omncs
1948 2673 2004 2720 re·

227 2738 642 2826 mbetcponscrnnpnnsoc
657 2752 712 2810 est:
731 2746 855 2810 amicus
871 2752 1088 2824 aatcmspon-
1131 2746 1239 2807 actara
1265 2747 1350 2823 facie
1377 2748 1519 2826 pieriam
1547 2747 1679 2809 Domini
1698 2744 1929 2824 speculantes,
1960 2741 2004 2804 im

225 2825 267 2896 ai,
285 2827 416 2906 quistet
429 2835 459 2890 et
473 2830 568 2893 aedit
584 2848 670 2907 cum,
683 2831 809 2910 perodio
824 2831 945 2911 aaadet
956 2836 1088 2909 propter
1134 2831 1284 2892 eamdem
1305 2831 1486 2908 tarracinam
1508 2829 1783 2908 transformamur
1803 2844 1825 2888 a
1846 2825 2005 2890 caritate

227 2923 338 2973 uocem
358 2913 482 2990 spousi.
505 2913 639 2989 (icona.
657 2915 704 2995 3.)
729 2915 815 2978 ldcm
843 2917 910 2992 ipsc
937 2912 1088 2975 Dominus
1132 2901 1860 2996 inclaritatemtarnauomaDominiSptritrr.
1878 2908 1927 2988 (2.
1945 2907 2004 2970 Co-

217 2989 330 3056 'innuit
344 2995 376 3055 in
394 2996 537 3073 parabola
554 2998 592 3062 de
607 2999 704 3079 Rege,
722 2999 773 3077 qui
790 2997 863 3059 lectt
884 2995 1007 3074 nuptias
1023 2996 1087 3058 titio
1131 2996 1234 3059 rintlt.
1259 2995 1289 3059 3.
1306 2994 1410 3079 >Quis
1438 3001 1496 3059 erit
1516 3013 1630 3059 sensus
1657 2994 1842 3072 voluptatis,
1867 2993 2000 3066 qnando

226 3091 297 3139 suo.
313 3075 437 3158 (Marta.
451 3077 518 3162 22.)
531 3080 617 3145 Idem
630 3083 797 3163 Apostolus
808 3080 1002 3158 apertissime
1015 3096 1087 3142 con·
1132 3079 1209 3142 uniti
1231 3079 1318 3157 Deo,
1349 3097 1364 3142 a
1388 3081 1525 3143 claritate
1549 3081 1651 3142 vultus
1666 3083 1734 3142 eius
1750 3075 1886 3140 irradiati
1914 3079 2002 3138 uan-

222 3156 335 3235 armar,
350 3178 418 3224 cum
434 3165 475 3224 ait
490 3163 668 3229 Corinthiis.
685 3165 853 3246 Despoadt
865 3180 921 3228 ons
936 3164 999 3226 arai
1014 3165 1084 3226 niro
1133 3163 1350 3226 slormabimnr
1371 3164 1402 3225 in
1420 3163 1585 3227 claritatem
1602 3162 1669 3234 Dei,
1687 3168 1824 3246 utquam
1841 3159 2002 3222 simillimi

224 3243 388 3324 crispinam
400 3253 522 3311 costam
536 3249 688 3315 conhibere
702 3245 1088 3331 Christo.(2.corint.lt.)
1132 3245 1303 3322 efficiamur
1317 3247 1408 3310 nect
1424 3247 1573 3323 Similes,
1593 3245 1689 3325 inquit
1705 3253 1832 3308 sanctus
1844 3243 1997 3318 loannes,

226 3325 308 3390 idem
325 3328 463 3407 denique
477 3339 605 3396 sanctas
620 3333 756 3397 ioannes
778 3333 808 3395 in
832 3331 1031 3412 Apocalppsi,
1048 3332 1086 3394 si·
1134 3333 1297 3394 eterianus
1312 3332 1394 3412 qaia
1404 3331 1586 3394 uidebimus
1599 3345 1673 3393 cam
1687 3329 1785 3392 sicori
1800 3333 1856 3390 est.
1871 3325 1887 3410 (
1903 3329 1936 3389 l.
1950 3325 1999 3388 Io-

192 3468 195 3474 .
230 3409 368 3489 gnificat,
386 3429 454 3475 cum
482 3414 535 3478 ait:
566 3417 774 3481 Gaudeamus
789 3422 818 3479 et
841 3417 1034 3488 audiremus,
1059 3419 1089 3477 ει
1132 3429 1189 3476 aa.
1214 3413 1244 3477 3.
1262 3418 1272 3492 )
1287 3415 1352 3478 Nan
1369 3419 1485 3480 erimus
1500 3415 1620 3478 similes
1636 3419 1751 3475 tantum
1767 3460 1775 3487 ‚
1793 3416 1825 3473 at
1838 3409 1999 3488 imagines

229 3493 347 3557 damus
361 3495 504 3575 pieriam
519 3500 560 3573 ei,
578 3502 657 3580 poio
677 3507 837 3565 necamur
851 3499 989 3578 nuptiae
1004 3496 1088 3578 Aptri
1135 3498 1171 3560 ad
1189 3500 1256 3560 cius
1268 3495 1500 3564 similitudinem
1515 3497 1621 3578 creati3
1634 3496 1689 3560 sed
1703 3495 1821 3558 similes
1832 3492 1865 3556 in
1881 3494 1997 3574 gloria,

229 3579 260 3638 ει
269 3592 358 3642 amor
373 3581 442 3643 ειιιε
456 3584 669 3662 praeparanti
680 3601 725 3647 se.
739 3580 942 3667 (epactae
953 3597 1086 3644 rursum:
1136 3579 1165 3641 in
1184 3580 1375 3644 beatitudine
1393 3629 1401 3656 ‚
1426 3583 1457 3645 in
1473 3581 1631 3644 felicitate.
1651 3580 1816 3656 lpostelus
1831 3577 1950 3640 Paulus
1966 3578 1997 3640 in

227 3657 331 3739 Beati,
350 3665 407 3740 qai
423 3666 467 3727 ad
492 3673 629 3730 coenam
652 3670 856 3746 nuptiarum*
870 3665 957 3744 Aproi
981 3666 1088 3729 uocati
1136 3663 1185 3725 illa
1203 3667 1446 3745 magnichaei,
1464 3661 1521 3749 (2.
1538 3665 1658 3729 Carini.
1677 3663 1752 3742 li.)
1770 3677 1861 3742 quam
1879 3677 1998 3740 passus

225 3749 314 3807 sarai.
331 3743 505 3826 Desponsa
522 3765 620 3828 acque
636 3758 753 3813 certum
772 3757 841 3827 εει,
869 3751 951 3828 qood
975 3751 1014 3812 ειι
1029 3748 1085 3810 Ec·
1133 3755 1181 3810 est
1196 3796 1203 3824 ,
1221 3765 1289 3812 cum
1306 3755 1412 3828 raptus
1424 3751 1455 3810 in
1473 3751 1649 3812 Paradisum
1666 3746 1782 3809 audivit
1797 3761 1911 3808 areana
1928 3761 1999 3808 rar·

225 3826 504 3908 elesiahpostolns
516 3834 596 3895 enim
613 3833 644 3896 iu
660 3833 796 3912 Epistola
809 3835 845 3895 ad
859 3831 1011 3912 Ephesios
1024 3849 1086 3894 ma·
1132 3829 1170 3892 ba
1188 3879 1194 3906 ,
1212 3849 1291 3912 quac
1307 3848 1367 3896 non
1386 3833 1458 3895 ticet
1473 3833 1590 3896 homini
1605 3830 1863 3911 lacrimandum
1880 3835 1949 3891 erat
1965 3829 1998 3892 iu

226 3909 339 3974 nitcste
356 3912 442 3976 dicit:
460 3913 551 3980 Sicut
564 3916 708 3980 Ecclesia
726 3916 872 3981 subiecta
888 3923 931 3980 cst
949 3914 1082 3988 Christo,
1132 3915 1245 3989 Deum,
1263 3921 1295 3978 ut
1311 3933 1373 3978 non
1388 3917 1577 3988 adverteret,
1593 3931 1632 3978 au
1649 3918 1733 3978 essct
1745 3915 1774 3974 tn
1793 3927 1941 3992 corpore,
1959 3929 1998 3976 an

224 3993 315 4058 itaet
335 3997 487 4062 mutieres
501 4001 581 4062 uiris
603 4002 672 4065 attia
693 4003 731 4064 ia
753 4000 916 4064 omnibus.
939 4000 1013 4076 Viri,
1037 3998 1084 4063 di·
1133 4007 1215 4062 extra
1239 4017 1365 4078 corpus.
1383 4000 1498 4074 Quanta
1522 3999 1616 4080 igitur
1642 3997 1699 4060 crit
1728 3997 1780 4058 itta
1810 3996 1996 4058 tellcissima

225 4075 313 4156 tipite
327 4095 449 4145 umores
470 4089 602 4160 uestras,
618 4085 702 4148 sicat
728 4084 870 4148 dimotas
896 4082 1013 4146 ditescit
1029 4083 1085 4145 Ec·
1134 4084 1209 4145 unio
1232 4084 1352 4146 animae
1375 4101 1445 4146 com
1462 4083 1550 4158 Deo,
1573 4089 1604 4146 et
1619 4096 1708 4160 quam
1727 4079 1785 4143 erit
1800 4079 1948 4159 absorpta
1968 4085 2000 4142 et

225 4160 367 4241 etesium,
385 4172 415 4227 et
428 4167 583 4246 scipsum
596 4169 733 4232 tradidit
744 4185 806 4248 pro
822 4184 872 4230 ea.
890 4162 1021 4249 (Epiros.
1039 4165 1085 4244 5.)
1133 4167 1275 4230 immersa
1292 4168 1412 4229 inmari
1429 4166 1521 4230 totius
1535 4167 1690 4229 suauitatis
1706 4164 1804 4226 anima
1818 4163 1869 4225 illu
1885 4210 1895 4236 ‚
1912 4177 1996 4242 quae

225 4250 256 4306 et
270 4245 359 4308 inira:
377 4247 513 4328 Propter
527 4251 587 4314 ltoc
601 4253 765 4332 relinquet
787 4251 881 4314 homo
905 4256 1033 4327 patrem
1055 4258 1085 4312 ει
1132 4267 1213 4313 onos
1227 4253 1354 4330 spiritns
1370 4253 1427 4313 crit
1443 4267 1513 4313 cum
1528 4250 1614 4330 De03
1631 4248 1702 4310 Tale
1719 4249 1825 4324 atinae
1840 4246 1902 4308 hoc
1919 4264 1995 4327 gau·

223 4331 361 4393 matrem
376 4340 517 4402 onomat
529 4335 719 4400 adhaerebit
734 4337 836 4400 umori
849 4339 977 4409 sancet
989 4339 1085 4397 eraut
1123 4333 1215 4397 dium
1233 4337 1310 4405 crit,
1345 4341 1376 4396 ut
1392 4334 1423 4396 S.
1449 4334 1605 4396 Bernardo
1621 4337 1699 4394 teste
1713 4330 1781 4404 ,itti
1797 4337 1997 4409 comparata

210 4410 291 4474 'duo
305 4415 344 4478 tra
357 4431 457 4480 carne
471 4433 553 4481 una.
571 4419 823 4483 sacramentam
846 4419 906 4481 troc
927 4432 1085 4496 mapsam
1133 4420 1237 4482 omnis
1250 4418 1319 4481 atta
1333 4419 1526 4481 iucunditas
1540 4431 1669 4480 moeror
1683 4415 1723 4477 ειι
1737 4460 1744 4487 ,
1758 4415 1865 4478 ommis
1881 4416 1996 4478 suaet·

224 4501 281 4559 cst:
295 4512 352 4576 apo
368 4505 479 4565 autem
490 4502 565 4565 dico
577 4505 616 4565 in
633 4503 766 4579 damete,
780 4509 809 4565 ct
825 4505 862 4565 in
876 4501 1030 4564 Ecclesia.
1130 4504 1180 4564 tas
1197 4503 1304 4578 dolor,
1321 4517 1416 4566 omna
1431 4502 1526 4565 dulce
1542 4515 1707 4576 amaram,
1724 4514 1819 4561 omne
1834 4499 1993 4562 decorum

264 4579 326 4642 Sed
348 4586 487 4660 quamuis
508 4584 666 4650 Eccclcsia
680 4603 795 4665 spansa
818 4584 929 4649 curisti
943 4583 992 4659 sit,
1007 4589 1036 4646 et
1051 4583 1085 4646 li·
1130 4584 1262 4662 foedam
1277 4633 1284 4660 ,
1302 4601 1397 4650 omne
1406 4592 1567 4666 postremo
1581 4583 1808 4666 quodcumqae
1823 4582 1920 4646 atiud
1936 4583 1995 4646 de·

223 4661 310 4726 deles
331 4661 385 4726 litii
408 4666 549 4731 dicantar
570 4668 729 4734 Ecclesiae
743 4717 751 4748 ,
767 4669 840 4749 qnia
852 4669 918 4746 ipsa
937 4683 990 4745 per
1005 4668 1084 4731 lara·
1132 4669 1248 4732 lactare
1262 4671 1384 4748 possit,
1411 4670 1580 4734 molestam
1595 4683 1665 4731 csse
1682 4665 1791 4731 merttb
1820 4664 1991 4730 iudicetur.

223 4760 310 4808 crum
331 4747 477 4826 Baptismi
498 4765 554 4814 eos
575 4755 803 4831 quodammodo
833 4752 913 4832 parit
935 4749 1053 4814 christo
1074 4768 1082 4812 :
1131 4748 1259 4833 (Epist.
1278 4751 1378 4839 tat.)
1410 4818 1414 4826 ,

223 4832 325 4891 tamen
348 4835 490 4910 quoniam
514 4833 655 4910 Ecclesia
677 4837 753 4900 nihil
777 4842 825 4899 cst
840 4834 923 4897 alind
940 4833 998 4898 nisi
1015 4851 1084 4897 coe·
1174 4837 1233 4900 Sed
1250 4838 1373 4915 qnando
1387 4837 1446 4900 iste
1459 4837 1639 4917 complexus
1655 4835 1768 4916 Spoasi
1784 4832 1987 4912 pulcherrimi

223 4914 273 4974 tus
301 4910 464 4996 bdelium,
498 4918 569 4982 ideo
598 4921 719 4984 animae
748 4918 859 4983 lidoles
882 4934 991 4980 omncs
1012 4924 1086 4981 sunt
1132 4936 1201 4982 cum
1218 4924 1318 4984 anima
1334 4921 1423 4985 beata
1447 4920 1614 4984 ineffabilis
1630 4926 1699 4992 ast,
1726 4933 1911 4999 quaeramus
1927 4933 1988 4980 nos

222 5007 357 5074 sponsae
380 5001 600 5080 particulares,
628 5003 785 5083 quomodo
807 5001 948 5065 Ecclesia
971 5017 1083 5082 sponsa
1131 5003 1245 5082 potius,
1263 5015 1293 5068 ct
1304 5021 1341 5068 ex
1356 5004 1497 5086 parabola
1507 5004 1662 5084 proposita
1678 5002 1898 5081 intelligamus,
1913 5001 1991 5080 quid

223 5083 271 5142 est
294 5081 487 5148 universatis.
511 5086 573 5150 lton
598 5089 680 5151 enim
703 5087 781 5150 ialso
794 5085 879 5149 canit
892 5084 1027 5148 Ecclesia
1045 5087 1084 5148 de
1131 5088 1303 5166 requiratur
1322 5095 1354 5151 at
1370 5088 1408 5151 ad
1424 5091 1546 5170 nuptias
1570 5090 1638 5151 illas
1654 5087 1737 5150 omni
1755 5102 1792 5148 ex
1807 5091 1892 5165 parte
1919 5083 1988 5148 tett-

223 5164 339 5226 sanctis
353 5163 762 5251 Virginibusztcniaporrso
779 5170 1019 5247 christacoctpa
1035 5186 1084 5232 ca·
1131 5173 1273 5236 cissimas
1298 5172 1482 5236 admittatur.
1501 5172 1536 5235 ld
1554 5177 1648 5236 toturn
1666 5187 1702 5234 ex
1714 5167 1911 5247 qualitatibus
1926 5169 1989 5231 tir·

221 5259 455 5328 sanemarium
467 5251 524 5316 tibr'
535 5253 691 5319 Dominus
702 5254 917 5335 praeparavit
930 5254 968 5315 iu
982 5260 1084 5316 aeter·
1131 5253 1236 5334 pinum
1250 5255 1449 5337 prudentiam
1464 5269 1702 5338 cognoscemus,
1717 5269 1786 5316 cum
1801 5251 1877 5315 illae¹
1888 5251 1985 5330 solae,

221 5343 314 5396 mum.
331 5329 518 5413 Quamquam
540 5344 641 5401 autem
656 5337 800 5418 Virgines
815 5343 941 5400 sanctae
956 5337 1085 5416 speciali
1131 5337 1221 5402 lalcis
1234 5341 1367 5404 exclusis
1383 5387 1390 5418 ,
1408 5341 1444 5402 ad
1461 5339 1583 5419 nuptias
1596 5339 1707 5416 Sponst
1720 5335 1879 5410 caelestis,
1892 5335 1986 5398 intra·

220 5413 338 5478 rabone
351 5415 636 5498 dicanturspausac
649 5419 774 5500 Christi,
788 5423 859 5502 quia
872 5421 995 5484 carnale
1011 5437 1085 5483 con·
1113 5425 1242 5496 ,narrata
1259 5422 1402 5502 Quinque
1417 5423 1479 5487 sint
1494 5424 1688 5488 conditiones
1704 5419 1768 5483 sire
1793 5419 1958 5498 qualitates
1972 5469 1982 5498 ‚

221 5496 349 5562 nubium
372 5510 586 5582 respuerunt,
608 5512 642 5569 ut
664 5506 724 5571 soli
747 5505 869 5570 Christo
885 5503 1085 5584 spiritualiter
1131 5522 1211 5585 quae
1231 5507 1451 5587 requirantur:
1477 5508 1598 5588 prima,
1628 5512 1662 5569 ut
1683 5505 1781 5566 anima
1809 5504 1849 5566 sit
1871 5503 1983 5583 uirgo,

219 5581 394 5660 nuberent,
419 5591 522 5650 tamen
542 5590 683 5670 retiquae
698 5589 789 5655 ctiam
803 5589 924 5653 animae
940 5587 1084 5653 christia·
1132 5591 1245 5656 deinde
1267 5597 1299 5654 ut
1327 5589 1366 5654 sit
1381 5592 1540 5672 prudens,
1567 5595 1633 5654 tom
1656 5593 1689 5652 at
1702 5586 1816 5654 ,babeat
1830 5587 1936 5649 lumen
1951 5588 1983 5650 in

218 5675 277 5728 ttae
297 5681 431 5748 sponsae
452 5669 674 5756 suntttbristt,
699 5691 771 5739 cum
792 5676 820 5739 et
843 5671 1007 5754 pertitam
1031 5673 1083 5740 de·
1130 5672 1294 5756 lampade,
1321 5684 1479 5756 practerea
1506 5675 1608 5740 oleum
1623 5672 1655 5738 ia
1669 5687 1764 5750 uase,
1794 5671 1931 5751 denique
1946 5678 1978 5736 ut
