4080 6252
15 493 19 580 l

328 317 379 376 iiio
897 333 946 389 DE
966 333 1065 393 ARTE
1084 335 1179 394 Bana
1197 337 1375 400 montanai

256 468 329 531 lium
346 485 417 530 esse
433 467 507 531 dixit
519 483 612 532 ¹seras
633 466 732 530 aridas
753 483 852 552 escas.
877 471 963 536 Certe
986 475 1028 537 illi
1052 479 1108 540 ista
1152 491 1241 553 quam
1256 475 1443 554 pauperibus
1458 477 1586 544 donari·
1603 489 1636 545 ui
1652 499 1690 548 ex
1702 486 1755 548 illo
1766 485 1936 568 Evangelii
1951 489 2018 550 loco

253 571 314 618 oon
331 553 505 629 observant,
528 558 579 630 qui
604 569 661 629 aua
678 551 727 613 die
749 551 896 620 ieiunant.
923 575 981 619 oon
1007 560 1107 624 minus
1152 563 1250 634 polest
1267 561 1393 642 intelligi
1412 563 1461 625 ubl
1486 581 1554 626 num
1578 532 1729 632 hominus
1751 569 1884 646 degisset
1909 571 2018 636 Judae,

250 639 419 700 comedunt
440 637 469 696 in
494 654 555 698 uno
578 637 715 712 prandio,
744 649 834 711 quom
865 640 933 701 altis
949 643 1059 704 diebus
1076 648 1105 706 io
1153 640 1243 717 Quod
1256 643 1337 719 [aab
1366 646 1417 720 lac
1433 649 1536 718 eilias,
1554 647 1664 730 (ioan.
1680 650 1746 736 13.)
1759 653 2018 717 existimaverunt

250 719 381 801 prandio
397 721 488 782 simul
505 725 536 781 et
548 719 600 798 qui
614 718 644 781 iu
662 719 789 792 prandio
813 722 865 783 illo
890 730 947 784 tom
973 731 1105 802 pretiosa
1150 726 1306 802 discipuli,
1320 727 1488 805 imperasse
1505 731 1668 795 Dominum
1685 735 1794 812 iudae,
1810 745 1843 800 ut
1856 755 1896 802 ex
1909 740 2020 802 loculis

248 805 364 868 ferculo
380 821 418 867 ex
432 803 522 865 variis
538 806 669 880 piscium
686 801 865 880 generibus,
883 806 1013 886 aliisque
1026 811 1105 875 cibis
1149 826 1229 885 auos
1253 812 1400 887 portabat.
1426 815 1535 892 egenis
1557 817 1674 894 aliquid
1692 821 1789 884 daret.
1806 823 1964 903 'lbeologi
1979 829 2020 886 ia·

248 889 287 952 ad
303 889 406 968 gulam
421 886 594 948 irritandam
608 885 776 962 aptissimis
788 899 982 970 praeparant,
1000 900 1105 958 utnon
1152 909 1222 954 man
1240 893 1298 954 boc
1315 905 1513 974 praeceptum
1529 905 1680 962 contineri
1698 904 1803 967 volunt
1818 906 1874 969 illo
1891 923 2018 984 praece·

249 975 410 1052 prandium
422 971 597 1048 ¹luyeulrum
611 975 641 1030 el
655 970 889 1048 poenitentium.
906 979 960 1036 sed
978 993 1104 1040 coenam
1150 982 1202 1052 plo
1216 976 1361 1060 Decaiogi
1376 997 1384 1038 z
1400 979 1533 1044 Honora
1545 991 1713 1061 parentes:
1738 988 1789 1050 alii
1805 987 1838 1051 in
1863 1007 1904 1052 eo
1920 1009 1930 1068 3
1949 992 2018 1056 Non

248 1059 416 1137 nuptialem
433 1057 470 1116 ad
487 1055 610 1116 multam
628 1059 748 1114 noctem
767 1063 978 1130 peruenturam
995 1077 1102 1137 parere
1148 1061 1285 1123 occides.
1303 1061 1362 1124 Sed
1381 1072 1503 1126 nonest
1524 1081 1656 1130 necesso
1678 1069 1738 1133 boc
1761 1081 1968 1153 praecepium
1986 1078 2014 1137 in

247 1141 418 1202 rideantur.
432 1137 488 1212 Qut
502 1138 547 1199 sic
560 1138 708 1206 teronem,
720 1131 839 1200 tructus
851 1141 956 1203 ieiuno
969 1161 1036 1206 sine
1048 1149 1103 1210 uu·
1149 1144 1300 1222 Deeatneo
1316 1146 1477 1219 contineri,
1495 1165 1565 1210 curn
1582 1152 1780 1234 eleemosyna
1798 1158 1959 1233 pertineat
1981 1161 2014 1221 aa

246 1223 299 1286 bio
316 1240 375 1284 uon
388 1229 632 1295 consequuntur.
1149 1228 1336 1289 charitatem.
1355 1239 1520 1309 praecepio
1535 1232 1681 1314 Decologi
1698 1238 1760 1301 sint
1781 1249 1955 1320 praecepio
1972 1243 2016 1304 io·

289 1306 350 1369 sed
367 1321 468 1383 oeque
496 1304 539 1365 ilii
565 1303 695 1366 lrocium
724 1302 829 1366 ieiunii
857 1322 1101 1389 consequuntur.
1147 1311 1260 1372 stillae.
1278 1311 1338 1374 Sed
1362 1314 1387 1372 si
1411 1316 1512 1376 omoia
1536 1327 1700 1396 praecepio
1723 1323 1849 1385 morolio
1875 1329 2013 1387 reuocari

247 1389 299 1466 qui
316 1393 454 1468 quamvis
470 1390 573 1449 minus
596 1388 677 1450 toute
699 1395 729 1452 el
754 1391 849 1470 magis
870 1395 973 1456 sobrie
996 1415 1099 1462 nome.
1148 1392 1282 1455 debeant
1296 1397 1333 1456 ad
1356 1396 1501 1476 Decolog.
1518 1400 1691 1478 probabilis
1713 1413 1761 1468 est
1775 1405 1894 1468 lllberti
1907 1409 1950 1470 ll.
1967 1410 2015 1488 (in

246 1475 332 1550 daut,
350 1479 451 1535 tamen
467 1471 497 1532 in
515 1470 625 1532 diebus
642 1473 749 1538 ieiunii
763 1489 824 1534 ooo
843 1479 938 1557 magis
955 1482 1013 1540 sibi
1027 1489 1102 1542 tem·
1146 1475 1177 1538 1.
1193 1476 1281 1540 Serri.
1294 1478 1327 1540 d.
1343 1479 1391 1540 15.
1406 1485 1468 1542 orl.
1483 1479 1550 1562 lo.)
1563 1487 1730 1562 sententia,
1743 1491 1796 1565 qui
1809 1501 2012 1570 praecepium

245 1562 355 1633 perani
370 1575 384 1617 a
401 1556 483 1617 ludis
499 1559 529 1614 el
544 1556 632 1620 locis.
648 1571 662 1615 a
679 1558 752 1620 rixis
765 1563 794 1618 el
807 1563 1070 1638 contentionibus,
1085 1584 1100 1628 o
1147 1561 1185 1621 de
1203 1559 1401 1640 eleem0synt
1414 1561 1555 1627 faciendo
1573 1573 1751 1634 lewenrod
1767 1573 1857 1642 illud.
1875 1574 1951 1636 Nom
1963 1577 2013 1652 fu·

244 1645 336 1701 centu
352 1640 465 1701 losriro
481 1644 511 1700 et
527 1637 724 1701 immoderata
749 1643 871 1713 laetitio,
885 1650 916 1704 el
937 1651 1017 1720 quod
1035 1666 1101 1726 gra·
1145 1641 1283 1720 raberio3
1300 1647 1444 1722 quoniam
1458 1664 1558 1727 genus
1570 1649 1641 1712 iurtl
1655 1669 1725 1716 esse
1743 1655 1948 1726 ridetur.uoo
1963 1661 2014 1720 tri·

243 1720 1100 1802 riusest,oflagltiiseliecinoribusouameliminemus,
1146 1726 1242 1787 boore
1267 1729 1453 1806 pauperibus
1479 1733 1560 1807 quod
1584 1733 1749 1801 debemus.
1777 1739 1838 1802 Sed
1864 1743 2012 1818 probabi·

245 1807 296 1880 nni
320 1823 381 1866 non
406 1810 478 1868 suut
491 1804 607 1865 ieiunio
621 1807 804 1869 consecrati.
821 1807 899 1869 Audi
915 1815 987 1886 quid
1005 1814 1102 1876 lsaias
1145 1808 1205 1871 lior
1226 1811 1346 1872 videtur
1368 1814 1568 1878 sententias.
1587 1817 1735 1889 Thomas.
1751 1823 1805 1897 qui
1833 1825 1896 1886 boc
1922 1843 2014 1904 prae-

184 1887 186 1895 ’
242 1886 396 1969 Propheta
412 1890 450 1951 de
468 1890 526 1948 boc
541 1887 697 1949 nominum
712 1907 824 1968 genere
846 1891 946 1953 dicat:
963 1896 1043 1959 Doce
1063 1900 1102 1962 in
1145 1897 1266 1970 ceptum
1291 1895 1408 1956 reducit
1429 1897 1467 1957 ad
1480 1898 1612 1976 primum
1629 1904 1785 1966 secundae
1802 1907 2011 1982 tabuioallo-

241 1972 295 2033 die
308 1974 429 2036 ieiunii
442 1972 540 2034 uestri
552 1972 718 2035 inuenitur
730 1975 879 2036 uoluntas
893 1983 1008 2040 uestra.
1025 1986 1054 2042 ei
1068 1998 1099 2043 o·
1143 1991 1228 2038 atara
1241 1981 1404 2055 parentes.
1419 1977 1465 2060 (2.
1483 1999 1514 2060 q.
1529 1980 1579 2044 32.
1597 1993 1661 2047 ari.
1678 1987 1724 2066 1.)
1735 1987 1842 2051 Honor
1856 1993 1945 2054 enim
1960 2010 2010 2072 pa·

241 2071 333 2117 mnes
350 2055 507 2118 debitores
522 2059 639 2116 uestros
654 2061 806 2135 repellite.
832 2057 913 2120 Doce
929 2063 973 2124 ori
988 2064 1057 2125 illes
1074 2073 1102 2126 er
1144 2068 1264 2121 renium
1288 2076 1349 2122 non
1372 2063 1555 2143 intelligitur
1576 2081 1614 2128 eo
1636 2070 1706 2132 loco
1728 2073 1793 2133 sola
1811 2077 2005 2138 reverentia:

240 2141 463 2201 coniectiones
474 2139 641 2206 ieiunatis,
651 2145 681 2199 ei
690 2143 975 2222 percutitispupno
986 2147 1097 2224 impie.
1142 2143 1198 2204 sed
1215 2147 1381 2222 praecipue
1398 2149 1570 2222 procuratio
1587 2165 1688 2213 rerum
1712 2160 1894 2219 necessaria
1912 2161 1953 2220 ad
1969 2162 2008 2221 ri·

237 2219 342 2284 Nolite
357 2225 520 2295 serenare,
542 2225 626 2282 sacar
646 2237 749 2299 osque
770 2227 814 2285 aa
835 2224 921 2287 nanc
949 2229 1046 2306 arem,
1062 2241 1098 2293 ιιι
1144 2232 1215 2294 iarn,
1239 2243 1318 2303 cuae
1341 2235 1387 2290 est
1408 2231 1606 2311 eleemosyna
1622 2238 1784 2313 quaedam,
1802 2258 1898 2318 quom
1915 2242 2008 2306 uene·

237 2307 400 2368 audiatur
409 2307 447 2368 io
459 2305 584 2366 eoccelso
596 2305 719 2366 clamor
731 2316 840 2369 vester.
854 2305 932 2387 (lso.
942 2309 1009 2392 18.)
1022 2314 1097 2376 boae
1143 2323 1211 2369 mos
1227 2311 1389 2385 principati
1407 2315 1544 2388 proximo
1560 2326 1677 2384 ooolro.
1694 2328 1728 2381 ut
1741 2324 1894 2396 explicat.
1912 2325 1947 2389 S.
1961 2326 2009 2388 lll-

236 2386 389 2450 Dominus
411 2390 441 2449 iu
464 2387 631 2449 Haebroeis
654 2390 865 2466 reprehendit,
890 2395 971 2469 qnod
987 2400 1016 2455 in
1034 2398 1096 2459 die.
1141 2407 1308 2472 erooymos
1322 2395 1353 2454 in
1367 2392 1639 2462 Commentariood
1653 2405 2006 2487 caputdeeimumquio·

237 2469 297 2533 bus
314 2473 433 2538 ieiunii,
451 2472 502 2546 oui
519 2478 591 2531 sunt
606 2470 674 2532 dies
688 2475 908 2549 poenitentiae,
925 2479 1096 2543 voluntates
1142 2479 1204 2535 lum
1222 2475 1253 2537 S·
1271 2476 1425 2539 1131111361·
1441 2479 1485 2541 Ε11
1501 2483 1768 2565 (111011116111311111,
1785 2489 1899 2553 deberi
1916 2495 2006 2554 eiiam

236 2569 322 2624 suas,
338 2561 369 2615 el
385 2571 446 2614 non
469 2554 589 2615 Domini
611 2555 797 2618 voluntalem
814 2560 943 2634 implere
960 2564 1092 2626 vellent:
1140 2559 1368 2636 eleemosynam
1385 2561 1454 2622 aliis
1471 2564 1617 2638 proximis
1627 2572 1742 2634 nostris
1757 2573 1942 2646 egentibus.
1956 2579 2007 2638 Aa·

235 2642 267 2698 ei
282 2638 364 2715 quod
389 2633 582 2699 debitoribus
604 2641 670 2698 suis
686 2654 747 2699 non
764 2641 862 2701 solum
880 2642 979 2704 debila
996 2646 1096 2708 dimil-
1140 2640 1232 2707 cedit.
1261 2644 1342 2718 quod
1370 2655 1568 2723 praeceptum
1596 2649 1635 2711 de
1658 2652 1858 2735 eleemosyna
1877 2668 2004 2723 nonest

234 2723 299 2781 tere
316 2719 445 2797 nollent,
456 2722 536 2781 sirui
547 2720 606 2780 sibi
619 2719 705 2782 aDeo
720 2722 873 2786 dimittere
885 2729 1092 2810 postulabout3
1139 2725 1326 2802 negantum,
1350 2728 1405 2787 Sid
1421 2727 1633 2794 flffiimiliitim
1646 2752 1656 2794 τ
1671 2737 1752 2799 iliter
1768 2749 1941 2818 praecepta
1956 2759 2003 2806 itt·

233 2801 289 2864 sed
307 2817 408 2878 neque
422 2804 538 2865 vellent
553 2803 729 2865 dilationem
746 2806 877 2882 aliquam
902 2809 1094 2876 debitoribus
1138 2813 1198 2868 iem
1215 2808 1946 2892 5161111688111111311111111111118131111111311111111.
1964 2829 2004 2888 ni·

232 2886 300 2948 suis
315 2887 500 2950 concedere.
518 2887 594 2946 ilem
610 2889 691 2962 quod
708 2892 841 2964 tempos.
857 2893 938 2967 qrrrrd
954 2895 1093 2956 ieiunon.
1137 2891 1162 2950 si
1187 2891 1330 2966 primum.
1354 2894 1436 2968 qood
1453 2903 1511 2962 est.
1536 2897 1666 2963 Honora
1688 2913 1853 2980 parentes.
1881 2907 1946 2970 Sed
1969 2912 2002 2974 de

230 2974 277 3032 tes
292 2971 322 3030 ln
336 2973 474 3032 oratioue
489 2971 525 3030 ad
539 2969 635 3030 Deum
649 2985 832 3034 consumere
848 2974 1042 3048 debuissent,
1060 2981 1089 3041 in
1138 2974 1186 3033 his
1201 2973 1298 3035 fusius
1315 2976 1473 3053 disputare
1486 2995 1547 3040 non
1561 2987 1607 3043 esi
1620 2987 1711 3048 buius
1724 2988 1797 3050 loci.
1811 2989 1917 3068 Atque
1929 2993 2002 3058 boec

227 3051 335 3114 litibus
359 3053 539 3130 prophanis,
564 3060 593 3113 et
608 3055 638 3112 io
661 3056 913 3118 contentionibus
928 3075 1089 3124 consume·
1137 3055 1175 3116 de
1190 3060 1376 3119 necesstiate
1393 3061 1622 3140 eleemosinae·

157 3183 160 3188 .
228 3134 314 3197 bani.
331 3136 472 3210 Denique
484 3137 565 3212 quod
584 3151 643 3196 ooo
657 3135 768 3200 solum.
780 3145 811 3198 ut
823 3155 878 3217 par
889 3147 963 3206 erar,
979 3144 1009 3206 jn
1027 3145 1090 3208 eye.
1170 3137 1234 3198 lom
1248 3143 1674 3228 rerolructuseleemosyooe
1688 3152 1931 3228 copiosissimus
1946 3168 1998 3222 est.

228 3218 288 3282 bus
304 3218 489 3282 ieiuniorum
506 3227 567 3280 non
581 3221 728 3281 vacabant
741 3223 953 3296 spiritualibus
965 3228 1088 3290 studiis:
1134 3221 1267 3282 Primum
1291 3227 1372 3285 enim
1397 3227 1594 3308 eleemosyna
1619 3234 1730 3296 liberat
1756 3253 1771 3294 o
1799 3247 1902 3303 morie
1919 3257 1997 3305 sem·

228 3304 284 3365 sed
303 3310 426 3380 peccata
445 3305 580 3380 peccatis
595 3304 755 3369 addentes.
775 3309 929 3381 proximos
946 3323 1018 3370 suae
1034 3313 1087 3372 lm.
1133 3305 1266 3382 piterna,
1283 3308 1348 3369 sire
1363 3310 1392 3368 id
1407 3307 1457 3370 flat
1472 3327 1529 3388 per
1544 3317 1666 3377 modum
1679 3319 1917 3392 satisfactionis.
1936 3328 1996 3389 sire

227 3387 278 3463 pie
294 3388 521 3465 percutiebant.
536 3386 619 3448 llaec
635 3387 746 3448 similia
769 3403 877 3449 carere
901 3391 1018 3454 debent
1033 3397 1086 3455 riri
1134 3403 1189 3482 liii
1206 3389 1328 3450 ¹¹¹⁰d⁰m
1346 3393 1560 3468 (11511081Ῑίοῃίε
1584 3399 1620 3459 id
1644 3403 1784 3480 1131111111,
1808 3407 1878 3468 Sile
1895 3409 1998 3486 111111111

225 3469 281 3548 pii,
299 3471 326 3531 si
342 3471 456 3533 ieiunio
473 3487 527 3533 suo
541 3469 670 3546 cupiunt
686 3487 757 3531 esse
773 3470 838 3532 Deo
861 3480 958 3550 grata,
983 3484 1012 3536 et
1027 3477 1085 3540 sibl
1133 3472 1193 3531 alro
1208 3475 1313 3533 modo.
1340 3474 1373 3534 ld
1391 3477 1472 3535 enim
1497 3481 1660 3545 monilesie
1682 3485 1795 3546 docent
1817 3488 1996 3568 Scripturas

226 3553 322 3622 utilia.
338 3541 383 3614 sio
398 3562 428 3616 ot
441 3569 566 3632 sperare
581 3555 701 3630 possint
713 3554 862 3630 deinceps
873 3559 961 3617 rilrrm
977 3558 1087 3622 bonam
1133 3553 1264 3615 divinoe.
1283 3555 1318 3617 lo
1334 3558 1412 3619 libro
1427 3559 1540 3621 Tobiae
1559 3564 1603 3624 sio
1619 3566 1765 3644 legimus,
1781 3570 1997 3656 Eleemosynae

226 3639 257 3696 el
271 3643 399 3699 mortem
416 3642 593 3716 pretiosam.
607 3636 710 3697 Restat
724 3637 925 3716 Eleemosyna
940 3657 974 3701 es
989 3642 1087 3706 tritius
1132 3635 1173 3697 ob
1188 3640 1279 3700 omrai
1292 3649 1435 3716 peccato.
1454 3649 1483 3704 cl
1498 3661 1518 3705 a
1532 3654 1635 3710 morie
1657 3650 1783 3728 liberat,
1801 3660 1833 3716 ei
1853 3673 1926 3720 non
1939 3677 1996 3738 pa·

226 3719 388 3793 operibus,
401 3737 480 3798 quae
496 3722 631 3799 Angelus
643 3719 780 3795 Ropbarl
793 3722 872 3796 apud
886 3722 1011 3786 Tantam
1025 3728 1085 3788 lau.
1131 3722 1229 3782 liciam
1243 3727 1391 3785 animam
1405 3725 1454 3786 ire
1468 3729 1505 3788 io
1520 3731 1677 3796 tenebras.
1692 3733 1780 3816 (Tob.
1794 3735 1843 3817 1.)
1855 3749 1887 3802 et
1900 3741 1932 3801 io
1946 3759 1995 3804 eo·

224 3799 315 3876 darii,
333 3810 363 3865 el
379 3804 469 3866 uobis
484 3806 627 3866 omuibus
643 3805 680 3864 ad
696 3803 875 3865 imitandum
892 3810 1062 3886 proposuit,
1130 3805 1199 3866 dem
1218 3805 1296 3866 libro
1319 3808 1454 3885 Angelus
1469 3811 1604 3888 Ropboel
1621 3818 1747 3880 disertis
1761 3819 1866 3882 serbis
1882 3827 1937 3885 ait:
1953 3827 1991 3888 11-

1130 3887 1313 3968 leemasyoo
1330 3907 1351 3950 a
1366 3899 1466 3952 morte
1483 3893 1608 3973 liberal,
1625 3902 1740 3980 etipsa
1755 3908 1801 3964 esi
1815 3921 1906 3983 quae
1917 3925 1991 3984 pur·

580 3952 661 4014 cal).
680 3952 733 4016 lll.
1122 3979 1177 4048 pat
1191 3980 1335 4049 peccota.
1354 3979 1383 4034 ei
1404 3974 1482 4048 lacit
1503 3979 1652 4044 inuenire
1672 3987 1940 4052 miscricordiam
1960 4003 1987 4054 el

293 4073 438 4137 Demo
452 4082 622 4153 praecepto
637 4075 720 4137 lym-3
736 4077 815 4141 bme
828 4082 1003 4157 mon-endi,
1030 4151 1031 4162 ἵ
1121 4057 1223 4116 uitam
1240 4063 1419 4152 aeternam.
1438 4055 1526 4140 (iob.
1546 4063 1610 4137 12)
1628 4065 1732 4128 Daniel
1749 4071 1786 4129 ad
1798 4069 1916 4172 Regem
1929 4075 1989 4170 'Na-

424 4162 513 4239 ra‘
529 4164 574 4222 ei
589 4161 629 4222 ‘¹²
644 4160 870 4242 comm.
1121 4139 1990 4319 11111111111111111111111111

1449 4273 1456 4300 ‚
1981 4275 1992 4286 .

260 4290 306 4354 De
331 4289 532 4372 Dleemosymr
562 4299 614 4356 trla
642 4297 774 4359 breviter
797 4301 976 4376 explicanda
993 4312 1075 4372 sunl,
1101 4319 1103 4322 ·
1124 4305 1258 4364 dimeei
1269 4307 1458 4384 iniquitates
1471 4313 1543 4372 tuas
1555 4318 1790 4381 misericordiis
1801 4337 1990 4400 pauperum

218 4376 402 4451 necessitas,
428 4379 554 4445 tructos.
582 4381 703 4443 modus.
728 4381 763 4442 111
787 4383 909 4458 quidem
926 4391 1006 4463 qood
1024 4391 1077 4450 oli·
1124 4383 1220 4470 (Dum
1238 4385 1284 4469 i.)

219 4455 302 4536 quod
325 4459 365 4519 sit
380 4471 577 4536 praeceptum
596 4464 634 4524 de
650 4465 846 4544 eleemosyna
861 4469 1009 4546 iaciendo,
1028 4491 1077 4532 oe·
1163 4471 1282 4532 Deinde
1306 4471 1502 4552 eleemosyna
1526 4479 1551 4537 si
1579 4478 1630 4541 liat
1651 4483 1689 4544 ab
1705 4483 1832 4548 bomine
1848 4487 1946 4560 iusto,
1962 4498 1989 4553 el

219 4555 269 4601 mo
286 4557 429 4616 amanam
447 4547 476 4603 in
494 4544 621 4607 dubium
638 4551 800 4610 revocarit.
814 4549 885 4611 Nom
900 4555 1018 4614 etiamsi
1037 4559 1078 4617 oi·
1125 4570 1161 4614 ex
1186 4571 1252 4615 rere
1277 4555 1433 4618 ebaritale.
1458 4561 1600 4621 meritum
1625 4565 1718 4627 babet
1734 4573 1881 4631 aeternae
1896 4573 1991 4650 rilae3

219 4623 262 4685 bil
279 4624 364 4686 aliud
380 4627 670 4692 haberemusssatis
692 4631 814 4692 abunde
838 4634 993 4697 sufficeret
1008 4655 1078 4698 sau·
1125 4637 1214 4697 cuius
1229 4637 1363 4714 veritatis
1381 4639 1466 4700 lestis
1489 4643 1546 4702 erit
1568 4644 1708 4711 cbristus
1724 4650 1828 4715 ‘Iudex
1850 4657 1988 4718 rivorum

220 4709 312 4768 leutio
328 4706 447 4770 iudicis
464 4711 625 4773 iustissimi
649 4721 678 4774 et
700 4725 848 4792 supremi,
867 4719 919 4794 qui
935 4721 964 4779 io
981 4725 1075 4784 exire·
1124 4726 1153 4778 et
1168 4728 1369 4786 mortuorum.
1387 4739 1456 4783 euni
1473 4724 1502 4782 l'n
1522 4727 1635 4790 indicio
1651 4732 1751 4794 dicei:
1772 4733 1880 4798 Vertite
1898 4736 1989 4800 berre·

219 4803 270 4850 mo
287 4791 401 4853 iudicio
413 4793 528 4870 iniquis
541 4795 634 4858 dicet:
648 4797 805 4860 Discedite
821 4816 903 4863 ome
913 4805 1079 4866 maledicti
1124 4802 1202 4864 dicii
1215 4803 1317 4865 Patris
1328 4807 1727 4887 meinossidetepnroinm
1738 4818 1826 4881 uobis
1839 4819 1990 4898 Repetam

219 4872 257 4936 io
270 4873 376 4951 ipoem
394 4883 575 4946 aeternnm.
598 4882 656 4957 qui
676 4885 811 4958 paratas
833 4892 876 4944 est
900 4887 1027 4948 diabolo
1050 4894 1079 4951 at
1124 4901 1145 4944 a
1159 4888 1388 4949 constitutione
1403 4893 1532 4953 mundi.
1545 4895 1678 4960 Dsnrr'oi
1691 4903 1792 4972 eninr,
1809 4910 1838 4963 et
1852 4904 1989 4967 dedistis

220 4957 345 5033 diopetis
361 4961 440 5022 cirac.
459 4960 592 5024 Dourion·
608 4966 706 5034 enim,
725 4971 754 5026 el
768 4981 834 5028 nou
851 4967 982 5031 dedistis
996 4972 1080 5034 milti
1123 4969 1204 5030 mibi
1231 4972 1448 5039 manducare.
1465 4982 1525 5036 etc.
1550 4985 1579 5038 et
1605 4980 1701 5058 intra;
1726 4983 1893 5060 Quamdiu
1914 4987 1987 5062 seci-

217 5038 435 5102 mortducare:
452 5046 548 5110 sitini.
568 5052 597 5106 cl
611 5062 680 5107 ooo
695 5049 827 5110 dedistis
843 5051 924 5110 mibi
945 5063 1077 5128 potum3
1124 5053 1179 5114 stis
1194 5055 1255 5114 uni
1270 5069 1312 5115 em
1327 5053 1375 5116 bic
1390 5055 1544 5132 fratribus
1558 5065 1639 5126 meis
1660 5067 1817 5137 minimis.
1839 5069 1929 5132 milti
1940 5073 1981 5146 se·

218 5121 333 5200 bospes
345 5135 483 5199 aramei
499 5129 748 5208 coccollepistis
762 5147 825 5206 me3
838 5132 1029 5205 infirmarem
1043 5140 1079 5198 io
1124 5138 1221 5198 cistis.
1238 5136 1336 5213 illati.
1354 5137 1422 5222 21.)
1838 5167 1839 5178 ’

218 5220 360 5276 carcere,
377 5213 487 5270 elnon
501 5212 653 5274 visitastis
669 5230 729 5274 mc.
746 5214 783 5276 Et
799 5215 887 5292 paulo
905 5227 972 5292 posi
995 5219 1078 5283 addi·
1155 5218 1469 5305 Tertio‚eleemosyoo
1480 5229 1538 5290 rim
1552 5227 1644 5292 babet
1656 5233 1984 5310 cuiusdambaptismi.

219 5291 275 5353 dit:
293 5287 462 5368 Quamdiu
476 5307 544 5356 noo
558 5294 679 5371 lecistis
693 5302 753 5359 noi
768 5297 808 5359 de
820 5300 1000 5364 minoribns
1016 5302 1076 5378 iris,
1124 5310 1249 5376 peceato
1265 5305 1407 5366 videlicet
1422 5314 1521 5384 nuoad
1537 5315 1658 5390 culpam
1682 5322 1712 5378 et
1734 5332 1866 5393 poenam
1892 5321 1984 5381 simol

219 5389 280 5436 nec
295 5371 376 5434 mibi
386 5372 514 5448 lecistis.
534 5379 655 5454 (datin.
674 5378 740 5450 21.)
753 5379 795 5441 lix
811 5397 871 5456 ouo
888 5382 955 5444 loco
971 5403 1078 5460 passu·
1124 5386 1259 5459 delendi,
1277 5389 1400 5449 dicente
1416 5392 1655 5459 Ecclesiastico:
1679 5399 1791 5477 lpoem
1813 5401 1984 5466 ardentem

220 5472 290 5517 mus
314 5456 500 5536 intelligere,
524 5461 561 5518 ad
584 5465 811 5542 eleemosynam
828 5464 999 5528 taciendam
1017 5487 1076 5530 nco
1123 5471 1284 5548 coctinpaii
1298 5487 1397 5551 aquo,
1416 5485 1443 5539 et
1466 5479 1670 5560 eleemosyna
1691 5485 1810 5546 resistit
1830 5491 1983 5564 peccatis.

220 5543 318 5600 leucri
337 5541 395 5603 nist
409 5553 463 5602 eos
478 5542 530 5618 qui
547 5552 674 5620 possunt
694 5563 759 5607 earo
784 5547 895 5609 iacere.
919 5549 990 5610 Nam
1007 5551 1074 5630 ipse
1121 5548 1220 5631 (Deci.
1238 5552 1284 5634 3.)
1300 5555 1385 5630 Aqua
1402 5561 1483 5621 enim
1502 5561 1625 5636 penitus
1641 5565 1803 5645 extinguit,
1820 5575 1853 5628 ol
1869 5585 1931 5632 nec
1943 5571 1982 5634 lu·

222 5621 314 5683 eiiam
330 5623 479 5686 Dominus
498 5637 557 5685 non
573 5625 684 5706 legitur
699 5629 756 5690 isio
773 5645 865 5706 opera
880 5631 1001 5704 iecisse,
1019 5636 1073 5697 sed
1121 5649 1189 5696 mus
1204 5637 1328 5713 quidem
1342 5645 1477 5716 supersit
1490 5664 1498 5704 :
1510 5645 1609 5720 arque
1623 5647 1681 5710 hoe
1695 5648 1796 5726 ipsum
1811 5650 1916 5714 Sancti
1930 5653 1980 5715 Pa·

168 5795 171 5802 Δ
215 5703 321 5788 polum
339 5723 378 5770 ex
391 5708 534 5788 pecuniis
548 5709 610 5776 sibi
630 5707 709 5774 dotis
732 5714 861 5776 iussisse
883 5723 998 5794 partem
1022 5718 1075 5780 ali·
1122 5723 1183 5780 tres
1196 5719 1319 5799 docent,
1333 5721 1978 5815 Cyprianus,Ambrosiuscbrysostomos,
