<?xml version="1.0" encoding="UTF-8"?>
<!DOCTYPE html PUBLIC "-//W3C//DTD XHTML 1.0 Transitional//EN"
    "http://www.w3.org/TR/xhtml1/DTD/xhtml1-transitional.dtd">
<html xmlns="http://www.w3.org/1999/xhtml" xml:lang="en" lang="en">
 <head>
  <title>
</title>
<meta http-equiv="Content-Type" content="text/html;charset=utf-8" />
  <meta name='ocr-system' content='tesseract 3.04.00' />
  <meta name='ocr-capabilities' content='ocr_page ocr_carea ocr_par ocr_line ocrx_word'/>
</head>
<body>
  <div class='ocr_page' id='page_1' title='image "./operaomnia00sforgoog_0318.png"; bbox 0 0 4056 6260; ppageno 0'>
   <div class='ocr_carea' id='block_1_1' title="bbox 872 0 1505 2">
    <p class='ocr_par' dir='ltr' id='par_1_1' title="bbox 872 0 1505 2">
     <span class='ocr_line' id='line_1_1' title="bbox 872 0 1505 2; baseline 0 0"><span class='ocrx_word' id='word_1_1' title='bbox 872 0 1505 2; x_wconf 95' lang='lat' dir='ltr'><strong> </strong></span> 
     </span>
    </p>
   </div>
   <div class='ocr_carea' id='block_1_2' title="bbox 788 299 1733 371">
    <p class='ocr_par' dir='ltr' id='par_1_2' title="bbox 788 299 1733 371">
     <span class='ocr_line' id='line_1_2' title="bbox 788 299 1733 371; baseline 0.006 -13"><span class='ocrx_word' id='word_1_2' title='bbox 788 299 897 360; x_wconf 76' lang='lat' dir='ltr'><strong>albati</strong></span> <span class='ocrx_word' id='word_1_3' title='bbox 917 299 1074 371; x_wconf 73' lang='lat' dir='ltr'><strong>obtabas</strong></span> <span class='ocrx_word' id='word_1_4' title='bbox 1679 305 1733 365; x_wconf 76' lang='lat' dir='ltr'><strong>bib</strong></span> 
     </span>
    </p>
   </div>
   <div class='ocr_carea' id='block_1_3' title="bbox 31 431 1809 606">
    <p class='ocr_par' dir='ltr' id='par_1_3' title="bbox 31 431 1809 606">
     <span class='ocr_line' id='line_1_3' title="bbox 31 431 1809 518; baseline 0.004 -22"><span class='ocrx_word' id='word_1_5' title='bbox 31 431 104 498; x_wconf 89' lang='lat' dir='ltr'><strong>lam</strong></span> <span class='ocrx_word' id='word_1_6' title='bbox 118 433 394 512; x_wconf 86' lang='lat' dir='ltr'><strong>esseutilem,non</strong></span> <span class='ocrx_word' id='word_1_7' title='bbox 409 432 555 498; x_wconf 86' lang='lat' dir='ltr'><strong>decoram</strong></span> <span class='ocrx_word' id='word_1_8' title='bbox 570 433 904 512; x_wconf 83' lang='lat' dir='ltr'><strong>nonachonoriticam,</strong></span> <span class='ocrx_word' id='word_1_9' title='bbox 947 435 1125 518; x_wconf 83' lang='lat' dir='ltr'><strong>petizacem</strong></span> <span class='ocrx_word' id='word_1_10' title='bbox 1150 436 1246 501; x_wconf 87' lang='lat' dir='ltr'><strong>ittam</strong></span> <span class='ocrx_word' id='word_1_11' title='bbox 1272 437 1310 502; x_wconf 88' lang='lat' dir='ltr'><strong>in</strong></span> <span class='ocrx_word' id='word_1_12' title='bbox 1339 435 1516 516; x_wconf 66' lang='lat' dir='ltr'><strong>donabas,</strong></span> <span class='ocrx_word' id='word_1_13' title='bbox 1552 440 1708 504; x_wconf 75' lang='lat' dir='ltr'><strong>mammo</strong></span> <span class='ocrx_word' id='word_1_14' title='bbox 1738 453 1809 504; x_wconf 81' lang='lat' dir='ltr'><strong>aaa</strong></span> 
     </span>
     <span class='ocr_line' id='line_1_4' title="bbox 31 517 1809 606; baseline 0.004 -27"><span class='ocrx_word' id='word_1_15' title='bbox 31 518 125 581; x_wconf 86' lang='lat' dir='ltr'><strong>addit</strong></span> <span class='ocrx_word' id='word_1_16' title='bbox 137 518 289 584; x_wconf 87' lang='lat' dir='ltr'><strong>Dominus</strong></span> <span class='ocrx_word' id='word_1_17' title='bbox 304 521 384 582; x_wconf 87' lang='lat' dir='ltr'><strong>hunc</strong></span> <span class='ocrx_word' id='word_1_18' title='bbox 399 517 525 582; x_wconf 88' lang='lat' dir='ltr'><strong>aiteram</strong></span> <span class='ocrx_word' id='word_1_19' title='bbox 541 519 767 598; x_wconf 91' lang='lat' dir='ltr'><strong>parabolam,in</strong></span> <span class='ocrx_word' id='word_1_20' title='bbox 784 536 842 597; x_wconf 83' lang='lat' dir='ltr'><strong>aua</strong></span> <span class='ocrx_word' id='word_1_21' title='bbox 858 517 903 581; x_wconf 92' lang='lat' dir='ltr'><strong>di·</strong></span> <span class='ocrx_word' id='word_1_22' title='bbox 948 523 1102 602; x_wconf 77' lang='lat' dir='ltr'><strong><em>acquievi</em></strong></span> <span class='ocrx_word' id='word_1_23' title='bbox 1116 522 1210 586; x_wconf 85' lang='lat' dir='ltr'><strong>carni</strong></span> <span class='ocrx_word' id='word_1_24' title='bbox 1232 527 1261 585; x_wconf 86' lang='lat' dir='ltr'><strong>et</strong></span> <span class='ocrx_word' id='word_1_25' title='bbox 1280 521 1451 602; x_wconf 84' lang='lat' dir='ltr'><strong>saapaini.</strong></span> <span class='ocrx_word' id='word_1_26' title='bbox 1475 519 1598 600; x_wconf 79' lang='lat' dir='ltr'><strong>(Galat.</strong></span> <span class='ocrx_word' id='word_1_27' title='bbox 1614 521 1662 606; x_wconf 85' lang='lat' dir='ltr'><strong>l.)</strong></span> <span class='ocrx_word' id='word_1_28' title='bbox 1685 529 1716 588; x_wconf 92' lang='lat' dir='ltr'><strong>et</strong></span> <span class='ocrx_word' id='word_1_29' title='bbox 1730 539 1809 600; x_wconf 82' lang='lat' dir='ltr'><strong>auae</strong></span> 
     </span>
    </p>
   </div>
   <div class='ocr_carea' id='block_1_4' title="bbox 31 601 1817 5800">
    <p class='ocr_par' dir='ltr' id='par_1_4' title="bbox 31 601 1817 5800">
     <span class='ocr_line' id='line_1_5' title="bbox 33 601 1809 684; baseline 0.003 -20"><span class='ocrx_word' id='word_1_30' title='bbox 33 602 204 666; x_wconf 82' lang='lat' dir='ltr'><strong>viditatem</strong></span> <span class='ocrx_word' id='word_1_31' title='bbox 223 601 335 667; x_wconf 82' lang='lat' dir='ltr'><strong>Christi</strong></span> <span class='ocrx_word' id='word_1_32' title='bbox 357 607 387 667; x_wconf 91' lang='lat' dir='ltr'><strong>et</strong></span> <span class='ocrx_word' id='word_1_33' title='bbox 408 603 585 666; x_wconf 72' lang='lat' dir='ltr'><strong>felicitatem</strong></span> <span class='ocrx_word' id='word_1_34' title='bbox 609 611 743 667; x_wconf 90' lang='lat' dir='ltr'><strong>nostram</strong></span> <span class='ocrx_word' id='word_1_35' title='bbox 770 602 905 667; x_wconf 80' lang='lat' dir='ltr'><strong>similem</strong></span> <span class='ocrx_word' id='word_1_36' title='bbox 949 615 1135 684; x_wconf 87' lang='lat' dir='ltr'><strong>sequuntur.</strong></span> <span class='ocrx_word' id='word_1_37' title='bbox 1151 607 1259 684; x_wconf 82' lang='lat' dir='ltr'><strong>ltaque</strong></span> <span class='ocrx_word' id='word_1_38' title='bbox 1275 606 1386 670; x_wconf 88' lang='lat' dir='ltr'><strong>beatus</strong></span> <span class='ocrx_word' id='word_1_39' title='bbox 1403 605 1514 668; x_wconf 82' lang='lat' dir='ltr'><strong>Paulus</strong></span> <span class='ocrx_word' id='word_1_40' title='bbox 1539 609 1577 670; x_wconf 88' lang='lat' dir='ltr'><strong>ab</strong></span> <span class='ocrx_word' id='word_1_41' title='bbox 1600 615 1688 672; x_wconf 87' lang='lat' dir='ltr'><strong>utero</strong></span> <span class='ocrx_word' id='word_1_42' title='bbox 1704 608 1809 670; x_wconf 89' lang='lat' dir='ltr'><strong>matris</strong></span> 
     </span>
     <span class='ocr_line' id='line_1_6' title="bbox 33 686 1810 771; baseline 0.003 -23"><span class='ocrx_word' id='word_1_43' title='bbox 33 701 113 748; x_wconf 89' lang='lat' dir='ltr'><strong>esse</strong></span> <span class='ocrx_word' id='word_1_44' title='bbox 131 687 239 751; x_wconf 89' lang='lat' dir='ltr'><strong>docuit</strong></span> <span class='ocrx_word' id='word_1_45' title='bbox 252 687 433 769; x_wconf 72' lang='lat' dir='ltr'><strong>Margaritae</strong></span> <span class='ocrx_word' id='word_1_46' title='bbox 445 691 694 768; x_wconf 76' lang='lat' dir='ltr'><strong>pretiosaeqoae</strong></span> <span class='ocrx_word' id='word_1_47' title='bbox 709 694 832 767; x_wconf 88' lang='lat' dir='ltr'><strong>praeter</strong></span> <span class='ocrx_word' id='word_1_48' title='bbox 848 686 904 750; x_wconf 90' lang='lat' dir='ltr'><strong>uti·</strong></span> <span class='ocrx_word' id='word_1_49' title='bbox 949 704 1023 752; x_wconf 90' lang='lat' dir='ltr'><strong>suae</strong></span> <span class='ocrx_word' id='word_1_50' title='bbox 1039 699 1219 771; x_wconf 88' lang='lat' dir='ltr'><strong>segregatus</strong></span> <span class='ocrx_word' id='word_1_51' title='bbox 1236 690 1291 752; x_wconf 91' lang='lat' dir='ltr'><strong>iuit</strong></span> <span class='ocrx_word' id='word_1_52' title='bbox 1307 707 1322 752; x_wconf 92' lang='lat' dir='ltr'><strong>a</strong></span> <span class='ocrx_word' id='word_1_53' title='bbox 1339 689 1438 752; x_wconf 83' lang='lat' dir='ltr'><strong>divina</strong></span> <span class='ocrx_word' id='word_1_54' title='bbox 1452 690 1655 770; x_wconf 82' lang='lat' dir='ltr'><strong>procidentia,</strong></span> <span class='ocrx_word' id='word_1_55' title='bbox 1671 691 1810 754; x_wconf 84' lang='lat' dir='ltr'><strong>utMran·</strong></span> 
     </span>
     <span class='ocr_line' id='line_1_7' title="bbox 31 767 1812 853; baseline 0.003 -23"><span class='ocrx_word' id='word_1_56' title='bbox 31 767 159 835; x_wconf 85' lang='lat' dir='ltr'><strong>litatem</strong></span> <span class='ocrx_word' id='word_1_57' title='bbox 177 772 313 836; x_wconf 79' lang='lat' dir='ltr'><strong>thesauri</strong></span> <span class='ocrx_word' id='word_1_58' title='bbox 335 772 429 835; x_wconf 89' lang='lat' dir='ltr'><strong>babet</strong></span> <span class='ocrx_word' id='word_1_59' title='bbox 450 775 544 836; x_wconf 91' lang='lat' dir='ltr'><strong>etiam</strong></span> <span class='ocrx_word' id='word_1_60' title='bbox 566 771 851 850; x_wconf 91' lang='lat' dir='ltr'><strong>pulchritudinem,</strong></span> <span class='ocrx_word' id='word_1_61' title='bbox 875 776 906 833; x_wconf 90' lang='grc' dir='ltr'><strong>ει</strong></span> <span class='ocrx_word' id='word_1_62' title='bbox 949 775 1066 852; x_wconf 89' lang='lat' dir='ltr'><strong>gallum</strong></span> <span class='ocrx_word' id='word_1_63' title='bbox 1083 773 1195 838; x_wconf 85' lang='lat' dir='ltr'><strong>Christi</strong></span> <span class='ocrx_word' id='word_1_64' title='bbox 1213 773 1421 853; x_wconf 80' lang='lat' dir='ltr'><strong>praedicaretc</strong></span> <span class='ocrx_word' id='word_1_65' title='bbox 1447 782 1547 836; x_wconf 88' lang='lat' dir='ltr'><strong>tamen</strong></span> <span class='ocrx_word' id='word_1_66' title='bbox 1574 792 1636 838; x_wconf 93' lang='lat' dir='ltr'><strong>non</strong></span> <span class='ocrx_word' id='word_1_67' title='bbox 1659 775 1812 852; x_wconf 82' lang='lat' dir='ltr'><strong>quaesivit</strong></span> 
     </span>
     <span class='ocr_line' id='line_1_8' title="bbox 32 854 1809 938; baseline 0.002 -21"><span class='ocrx_word' id='word_1_68' title='bbox 32 855 258 934; x_wconf 87' lang='lat' dir='ltr'><strong>splendorem,</strong></span> <span class='ocrx_word' id='word_1_69' title='bbox 276 855 330 934; x_wconf 85' lang='lat' dir='ltr'><strong>aui</strong></span> <span class='ocrx_word' id='word_1_70' title='bbox 347 864 474 920; x_wconf 83' lang='lat' dir='ltr'><strong>exornat</strong></span> <span class='ocrx_word' id='word_1_71' title='bbox 488 863 518 920; x_wconf 91' lang='lat' dir='ltr'><strong>et</strong></span> <span class='ocrx_word' id='word_1_72' title='bbox 534 857 678 919; x_wconf 90' lang='lat' dir='ltr'><strong>oblectat.</strong></span> <span class='ocrx_word' id='word_1_73' title='bbox 951 854 1021 936; x_wconf 89' lang='lat' dir='ltr'><strong>ipse</strong></span> <span class='ocrx_word' id='word_1_74' title='bbox 1043 856 1156 921; x_wconf 88' lang='lat' dir='ltr'><strong>hunam</strong></span> <span class='ocrx_word' id='word_1_75' title='bbox 1181 860 1372 936; x_wconf 71' lang='lat' dir='ltr'><strong>margaritam</strong></span> <span class='ocrx_word' id='word_1_76' title='bbox 1401 860 1447 920; x_wconf 88' lang='lat' dir='ltr'><strong>rel</strong></span> <span class='ocrx_word' id='word_1_77' title='bbox 1474 860 1653 933; x_wconf 90' lang='lat' dir='ltr'><strong>thesaurum</strong></span> <span class='ocrx_word' id='word_1_78' title='bbox 1675 857 1707 919; x_wconf 93' lang='lat' dir='ltr'><strong>in</strong></span> <span class='ocrx_word' id='word_1_79' title='bbox 1723 873 1809 938; x_wconf 90' lang='lat' dir='ltr'><strong>agro,</strong></span> 
     </span>
     <span class='ocr_line' id='line_1_9' title="bbox 81 936 1810 1022; baseline -0.001 -18"><span class='ocrx_word' id='word_1_80' title='bbox 81 937 172 1004; x_wconf 81' lang='lat' dir='ltr'><strong>tuae</strong></span> <span class='ocrx_word' id='word_1_81' title='bbox 188 940 271 1022; x_wconf 88' lang='lat' dir='ltr'><strong>quod</strong></span> <span class='ocrx_word' id='word_1_82' title='bbox 287 941 445 1021; x_wconf 77' lang='lat' dir='ltr'><strong>Margarita</strong></span> <span class='ocrx_word' id='word_1_83' title='bbox 461 939 636 1020; x_wconf 76' lang='lat' dir='ltr'><strong>symbolum</strong></span> <span class='ocrx_word' id='word_1_84' title='bbox 654 945 702 1002; x_wconf 89' lang='lat' dir='ltr'><strong>esi</strong></span> <span class='ocrx_word' id='word_1_85' title='bbox 713 936 904 1017; x_wconf 85' lang='lat' dir='ltr'><strong>Christi,tum</strong></span> <span class='ocrx_word' id='word_1_86' title='bbox 949 942 1005 1003; x_wconf 91' lang='lat' dir='ltr'><strong>sed</strong></span> <span class='ocrx_word' id='word_1_87' title='bbox 1022 946 1104 1004; x_wconf 89' lang='lat' dir='ltr'><strong>sorte</strong></span> <span class='ocrx_word' id='word_1_88' title='bbox 1121 945 1284 1006; x_wconf 88' lang='lat' dir='ltr'><strong>thesaurus</strong></span> <span class='ocrx_word' id='word_1_89' title='bbox 1299 958 1333 1004; x_wconf 88' lang='lat' dir='ltr'><strong>se</strong></span> <span class='ocrx_word' id='word_1_90' title='bbox 1350 940 1393 1002; x_wconf 90' lang='lat' dir='ltr'><strong>ilii</strong></span> <span class='ocrx_word' id='word_1_91' title='bbox 1409 943 1592 1016; x_wconf 86' lang='lat' dir='ltr'><strong>ostendil,ei</strong></span> <span class='ocrx_word' id='word_1_92' title='bbox 1603 942 1675 1006; x_wconf 89' lang='lat' dir='ltr'><strong>tecit</strong></span> <span class='ocrx_word' id='word_1_93' title='bbox 1686 947 1717 1004; x_wconf 92' lang='lat' dir='ltr'><strong>ut</strong></span> <span class='ocrx_word' id='word_1_94' title='bbox 1729 958 1810 1004; x_wconf 91' lang='lat' dir='ltr'><strong>ama·</strong></span> 
     </span>
     <span class='ocr_line' id='line_1_10' title="bbox 32 1021 1810 1104; baseline 0.002 -20"><span class='ocrx_word' id='word_1_95' title='bbox 32 1027 71 1084; x_wconf 90' lang='lat' dir='ltr'><strong>ut</strong></span> <span class='ocrx_word' id='word_1_96' title='bbox 87 1022 146 1086; x_wconf 88' lang='lat' dir='ltr'><strong>ittit</strong></span> <span class='ocrx_word' id='word_1_97' title='bbox 161 1023 241 1096; x_wconf 86' lang='lat' dir='ltr'><strong>Dei,</strong></span> <span class='ocrx_word' id='word_1_98' title='bbox 266 1031 330 1086; x_wconf 90' lang='lat' dir='ltr'><strong>tum</strong></span> <span class='ocrx_word' id='word_1_99' title='bbox 347 1031 377 1086; x_wconf 92' lang='lat' dir='ltr'><strong>ut</strong></span> <span class='ocrx_word' id='word_1_100' title='bbox 394 1023 447 1088; x_wconf 88' lang='lat' dir='ltr'><strong>dlii</strong></span> <span class='ocrx_word' id='word_1_101' title='bbox 463 1023 611 1104; x_wconf 83' lang='lat' dir='ltr'><strong>Virginis.</strong></span> <span class='ocrx_word' id='word_1_102' title='bbox 624 1021 715 1086; x_wconf 82' lang='lat' dir='ltr'><strong>Sicut</strong></span> <span class='ocrx_word' id='word_1_103' title='bbox 729 1023 811 1086; x_wconf 91' lang='lat' dir='ltr'><strong>enim</strong></span> <span class='ocrx_word' id='word_1_104' title='bbox 829 1039 906 1085; x_wconf 88' lang='lat' dir='ltr'><strong>mar·</strong></span> <span class='ocrx_word' id='word_1_105' title='bbox 950 1024 1083 1087; x_wconf 88' lang='lat' dir='ltr'><strong>returab</strong></span> <span class='ocrx_word' id='word_1_106' title='bbox 1100 1042 1137 1088; x_wconf 92' lang='lat' dir='ltr'><strong>eo</strong></span> <span class='ocrx_word' id='word_1_107' title='bbox 1153 1027 1300 1089; x_wconf 78' lang='lat' dir='ltr'><strong>charitate</strong></span> <span class='ocrx_word' id='word_1_108' title='bbox 1316 1032 1375 1087; x_wconf 91' lang='lat' dir='ltr'><strong>tam</strong></span> <span class='ocrx_word' id='word_1_109' title='bbox 1392 1027 1523 1097; x_wconf 87' lang='lat' dir='ltr'><strong>ardenti.</strong></span> <span class='ocrx_word' id='word_1_110' title='bbox 1541 1033 1572 1088; x_wconf 93' lang='lat' dir='ltr'><strong>nt</strong></span> <span class='ocrx_word' id='word_1_111' title='bbox 1588 1027 1682 1089; x_wconf 90' lang='lat' dir='ltr'><strong>nullis</strong></span> <span class='ocrx_word' id='word_1_112' title='bbox 1700 1040 1810 1103; x_wconf 88' lang='lat' dir='ltr'><strong>peper-</strong></span> 
     </span>
     <span class='ocr_line' id='line_1_11' title="bbox 31 1107 1811 1188; baseline 0.003 -22"><span class='ocrx_word' id='word_1_113' title='bbox 31 1107 141 1184; x_wconf 87' lang='lat' dir='ltr'><strong>garita</strong></span> <span class='ocrx_word' id='word_1_114' title='bbox 153 1108 291 1188; x_wconf 90' lang='lat' dir='ltr'><strong>giguiiur</strong></span> <span class='ocrx_word' id='word_1_115' title='bbox 306 1125 343 1184; x_wconf 82' lang='lat' dir='ltr'><strong>ex</strong></span> <span class='ocrx_word' id='word_1_116' title='bbox 359 1109 475 1172; x_wconf 87' lang='lat' dir='ltr'><strong>lumine</strong></span> <span class='ocrx_word' id='word_1_117' title='bbox 490 1109 565 1171; x_wconf 91' lang='lat' dir='ltr'><strong>solis</strong></span> <span class='ocrx_word' id='word_1_118' title='bbox 582 1114 612 1168; x_wconf 91' lang='grc' dir='ltr'><strong>ει</strong></span> <span class='ocrx_word' id='word_1_119' title='bbox 627 1123 666 1168; x_wconf 83' lang='lat' dir='ltr'><strong>ex</strong></span> <span class='ocrx_word' id='word_1_120' title='bbox 680 1124 749 1170; x_wconf 91' lang='lat' dir='ltr'><strong>rore</strong></span> <span class='ocrx_word' id='word_1_121' title='bbox 765 1108 856 1185; x_wconf 88' lang='lat' dir='ltr'><strong>caeli,</strong></span> <span class='ocrx_word' id='word_1_122' title='bbox 874 1111 908 1169; x_wconf 91' lang='lat' dir='ltr'><strong>ut</strong></span> <span class='ocrx_word' id='word_1_123' title='bbox 951 1110 1028 1172; x_wconf 88' lang='lat' dir='ltr'><strong>ecrit</strong></span> <span class='ocrx_word' id='word_1_124' title='bbox 1042 1109 1221 1174; x_wconf 79' lang='lat' dir='ltr'><strong>laboribus:</strong></span> <span class='ocrx_word' id='word_1_125' title='bbox 1245 1109 1319 1186; x_wconf 83' lang='lat' dir='ltr'><strong>auin</strong></span> <span class='ocrx_word' id='word_1_126' title='bbox 1337 1111 1429 1170; x_wconf 88' lang='lat' dir='ltr'><strong>etiam</strong></span> <span class='ocrx_word' id='word_1_127' title='bbox 1452 1109 1597 1174; x_wconf 90' lang='lat' dir='ltr'><strong>omnibus</strong></span> <span class='ocrx_word' id='word_1_128' title='bbox 1612 1110 1760 1188; x_wconf 86' lang='lat' dir='ltr'><strong>periculis</strong></span> <span class='ocrx_word' id='word_1_129' title='bbox 1774 1125 1811 1172; x_wconf 85' lang='lat' dir='ltr'><strong>se</strong></span> 
     </span>
     <span class='ocr_line' id='line_1_12' title="bbox 33 1189 1812 1269; baseline 0.004 -21"><span class='ocrx_word' id='word_1_130' title='bbox 33 1189 160 1254; x_wconf 80' lang='lat' dir='ltr'><strong>Plinius</strong></span> <span class='ocrx_word' id='word_1_131' title='bbox 174 1192 244 1254; x_wconf 94' lang='lat' dir='ltr'><strong>loco</strong></span> <span class='ocrx_word' id='word_1_132' title='bbox 260 1200 376 1269; x_wconf 90' lang='lat' dir='ltr'><strong>notato,</strong></span> <span class='ocrx_word' id='word_1_133' title='bbox 394 1190 491 1264; x_wconf 85' lang='lat' dir='ltr'><strong>etalii</strong></span> <span class='ocrx_word' id='word_1_134' title='bbox 504 1193 628 1254; x_wconf 88' lang='lat' dir='ltr'><strong>docent:</strong></span> <span class='ocrx_word' id='word_1_135' title='bbox 642 1192 792 1255; x_wconf 89' lang='lat' dir='ltr'><strong>sicetiam</strong></span> <span class='ocrx_word' id='word_1_136' title='bbox 808 1190 906 1254; x_wconf 85' lang='lat' dir='ltr'><strong>Filius</strong></span> <span class='ocrx_word' id='word_1_137' title='bbox 952 1190 1113 1267; x_wconf 90' lang='lat' dir='ltr'><strong>obiecerit,</strong></span> <span class='ocrx_word' id='word_1_138' title='bbox 1137 1201 1167 1256; x_wconf 91' lang='lat' dir='ltr'><strong>et</strong></span> <span class='ocrx_word' id='word_1_139' title='bbox 1189 1195 1291 1256; x_wconf 86' lang='lat' dir='ltr'><strong>om&#39;uia</strong></span> <span class='ocrx_word' id='word_1_140' title='bbox 1318 1192 1483 1256; x_wconf 86' lang='lat' dir='ltr'><strong>arbitratus</strong></span> <span class='ocrx_word' id='word_1_141' title='bbox 1499 1197 1539 1257; x_wconf 89' lang='lat' dir='ltr'><strong>sii</strong></span> <span class='ocrx_word' id='word_1_142' title='bbox 1554 1201 1586 1256; x_wconf 94' lang='lat' dir='ltr'><strong>ut</strong></span> <span class='ocrx_word' id='word_1_143' title='bbox 1601 1201 1761 1268; x_wconf 85' lang='lat' dir='ltr'><strong>stercora,</strong></span> <span class='ocrx_word' id='word_1_144' title='bbox 1778 1196 1812 1256; x_wconf 92' lang='lat' dir='ltr'><strong>ut</strong></span> 
     </span>
     <span class='ocr_line' id='line_1_13' title="bbox 32 1272 1810 1358; baseline 0.002 -24"><span class='ocrx_word' id='word_1_145' title='bbox 32 1272 95 1336; x_wconf 88' lang='lat' dir='ltr'><strong>Dei</strong></span> <span class='ocrx_word' id='word_1_146' title='bbox 113 1277 289 1338; x_wconf 88' lang='lat' dir='ltr'><strong>secundum</strong></span> <span class='ocrx_word' id='word_1_147' title='bbox 307 1275 636 1355; x_wconf 85' lang='lat' dir='ltr'><strong>Deitatem,gignitura</strong></span> <span class='ocrx_word' id='word_1_148' title='bbox 652 1273 739 1338; x_wconf 87' lang='lat' dir='ltr'><strong>Patre</strong></span> <span class='ocrx_word' id='word_1_149' title='bbox 754 1274 906 1336; x_wconf 89' lang='lat' dir='ltr'><strong>luminum</strong></span> <span class='ocrx_word' id='word_1_150' title='bbox 952 1274 1104 1339; x_wconf 81' lang='lat' dir='ltr'><strong>Christum</strong></span> <span class='ocrx_word' id='word_1_151' title='bbox 1119 1276 1324 1340; x_wconf 79' lang='lat' dir='ltr'><strong>lucrifaceret.</strong></span> <span class='ocrx_word' id='word_1_152' title='bbox 1351 1275 1449 1356; x_wconf 84' lang='lat' dir='ltr'><strong>(Phil.</strong></span> <span class='ocrx_word' id='word_1_153' title='bbox 1466 1274 1513 1358; x_wconf 85' lang='lat'><strong>3.)</strong></span> <span class='ocrx_word' id='word_1_154' title='bbox 1528 1276 1635 1341; x_wconf 84' lang='lat' dir='ltr'><strong>Contra</strong></span> <span class='ocrx_word' id='word_1_155' title='bbox 1652 1293 1724 1340; x_wconf 85' lang='lat' dir='ltr'><strong>reru</strong></span> <span class='ocrx_word' id='word_1_156' title='bbox 1739 1292 1810 1340; x_wconf 89' lang='lat' dir='ltr'><strong>san·</strong></span> 
     </span>
     <span class='ocr_line' id='line_1_14' title="bbox 33 1357 1811 1441; baseline 0.002 -21"><span class='ocrx_word' id='word_1_157' title='bbox 33 1357 93 1434; x_wconf 84' lang='lat' dir='ltr'><strong>aui</strong></span> <span class='ocrx_word' id='word_1_158' title='bbox 111 1366 161 1422; x_wconf 92' lang='grc' dir='ltr'><strong>εει</strong></span> <span class='ocrx_word' id='word_1_159' title='bbox 175 1360 223 1423; x_wconf 89' lang='lat' dir='ltr'><strong>sol</strong></span> <span class='ocrx_word' id='word_1_160' title='bbox 241 1362 408 1440; x_wconf 91' lang='lat' dir='ltr'><strong>increatus;</strong></span> <span class='ocrx_word' id='word_1_161' title='bbox 427 1364 457 1422; x_wconf 91' lang='lat' dir='ltr'><strong>et</strong></span> <span class='ocrx_word' id='word_1_162' title='bbox 472 1361 544 1422; x_wconf 88' lang='lat' dir='ltr'><strong>ideo</strong></span> <span class='ocrx_word' id='word_1_163' title='bbox 559 1359 671 1421; x_wconf 83' lang='lat' dir='ltr'><strong>dicitur</strong></span> <span class='ocrx_word' id='word_1_164' title='bbox 687 1362 717 1420; x_wconf 92' lang='lat' dir='ltr'><strong>in</strong></span> <span class='ocrx_word' id='word_1_165' title='bbox 735 1357 882 1438; x_wconf 74' lang='lat' dir='ltr'><strong>Symbola</strong></span> <span class='ocrx_word' id='word_1_166' title='bbox 897 1403 905 1429; x_wconf 93' lang='lat'><strong>.</strong></span> <span class='ocrx_word' id='word_1_167' title='bbox 952 1364 1020 1422; x_wconf 91' lang='lat' dir='ltr'><strong>ctus</strong></span> <span class='ocrx_word' id='word_1_168' title='bbox 1035 1361 1224 1440; x_wconf 83' lang='lat' dir='ltr'><strong>Augustinus</strong></span> <span class='ocrx_word' id='word_1_169' title='bbox 1240 1360 1277 1422; x_wconf 92' lang='lat' dir='ltr'><strong>ab</strong></span> <span class='ocrx_word' id='word_1_170' title='bbox 1293 1360 1360 1440; x_wconf 92' lang='lat' dir='ltr'><strong>ipsa</strong></span> <span class='ocrx_word' id='word_1_171' title='bbox 1375 1361 1584 1424; x_wconf 85' lang='lat' dir='ltr'><strong>adolescentia</strong></span> <span class='ocrx_word' id='word_1_172' title='bbox 1596 1361 1727 1441; x_wconf 85' lang='lat' dir='ltr'><strong>flagrare</strong></span> <span class='ocrx_word' id='word_1_173' title='bbox 1740 1374 1811 1424; x_wconf 89' lang='lat' dir='ltr'><strong>coe-</strong></span> 
     </span>
     <span class='ocr_line' id='line_1_15' title="bbox 35 1439 1813 1524; baseline 0.001 -21"><span class='ocrx_word' id='word_1_174' title='bbox 35 1441 158 1506; x_wconf 83' lang='lat' dir='ltr'><strong>lumen</strong></span> <span class='ocrx_word' id='word_1_175' title='bbox 175 1445 215 1506; x_wconf 89' lang='lat' dir='ltr'><strong>de</strong></span> <span class='ocrx_word' id='word_1_176' title='bbox 232 1442 381 1516; x_wconf 79' lang='lat' dir='ltr'><strong>lauriae,</strong></span> <span class='ocrx_word' id='word_1_177' title='bbox 405 1441 488 1508; x_wconf 81' lang='lat' dir='ltr'><strong>Deus</strong></span> <span class='ocrx_word' id='word_1_178' title='bbox 502 1458 598 1506; x_wconf 82' lang='lat' dir='ltr'><strong>ueras</strong></span> <span class='ocrx_word' id='word_1_179' title='bbox 621 1443 660 1504; x_wconf 90' lang='lat' dir='ltr'><strong>de</strong></span> <span class='ocrx_word' id='word_1_180' title='bbox 681 1443 746 1507; x_wconf 85' lang='lat' dir='ltr'><strong>Deo</strong></span> <span class='ocrx_word' id='word_1_181' title='bbox 761 1458 848 1506; x_wconf 83' lang='lat' dir='ltr'><strong>uero.</strong></span> <span class='ocrx_word' id='word_1_182' title='bbox 870 1439 908 1504; x_wconf 85' lang='lat' dir='ltr'><strong>lit</strong></span> <span class='ocrx_word' id='word_1_183' title='bbox 952 1443 997 1521; x_wconf 93' lang='lat' dir='ltr'><strong>pit</strong></span> <span class='ocrx_word' id='word_1_184' title='bbox 1012 1444 1169 1508; x_wconf 89' lang='lat' dir='ltr'><strong>desiderio</strong></span> <span class='ocrx_word' id='word_1_185' title='bbox 1186 1442 1362 1507; x_wconf 81' lang='lat' dir='ltr'><strong>inveniendi</strong></span> <span class='ocrx_word' id='word_1_186' title='bbox 1379 1447 1546 1522; x_wconf 82' lang='lat' dir='ltr'><strong>pretiosam</strong></span> <span class='ocrx_word' id='word_1_187' title='bbox 1562 1446 1767 1524; x_wconf 88' lang='lat' dir='ltr'><strong>margaritam,</strong></span> <span class='ocrx_word' id='word_1_188' title='bbox 1781 1443 1813 1508; x_wconf 94' lang='lat' dir='ltr'><strong>id</strong></span> 
     </span>
     <span class='ocr_line' id='line_1_16' title="bbox 35 1525 1810 1608; baseline 0.002 -22"><span class='ocrx_word' id='word_1_189' title='bbox 35 1526 126 1588; x_wconf 88' lang='lat' dir='ltr'><strong>idem</strong></span> <span class='ocrx_word' id='word_1_190' title='bbox 145 1525 286 1590; x_wconf 79' lang='lat' dir='ltr'><strong>Christus</strong></span> <span class='ocrx_word' id='word_1_191' title='bbox 297 1529 473 1591; x_wconf 89' lang='lat' dir='ltr'><strong>secundum</strong></span> <span class='ocrx_word' id='word_1_192' title='bbox 486 1525 708 1589; x_wconf 87' lang='lat' dir='ltr'><strong>humanitatem</strong></span> <span class='ocrx_word' id='word_1_193' title='bbox 720 1527 845 1607; x_wconf 89' lang='lat' dir='ltr'><strong>genitus</strong></span> <span class='ocrx_word' id='word_1_194' title='bbox 861 1529 909 1588; x_wconf 91' lang='lat' dir='ltr'><strong>esi</strong></span> <span class='ocrx_word' id='word_1_195' title='bbox 952 1531 1110 1593; x_wconf 77' lang='lat' dir='ltr'><strong>astaram</strong></span> <span class='ocrx_word' id='word_1_196' title='bbox 1127 1529 1309 1608; x_wconf 90' lang='lat' dir='ltr'><strong>sapientiam</strong></span> <span class='ocrx_word' id='word_1_197' title='bbox 1326 1534 1418 1606; x_wconf 85' lang='lat' dir='ltr'><strong>atque</strong></span> <span class='ocrx_word' id='word_1_198' title='bbox 1440 1532 1596 1592; x_wconf 87' lang='lat' dir='ltr'><strong>aeternam</strong></span> <span class='ocrx_word' id='word_1_199' title='bbox 1620 1527 1810 1592; x_wconf 78' lang='lat' dir='ltr'><strong>felicitatem.</strong></span> 
     </span>
     <span class='ocr_line' id='line_1_17' title="bbox 36 1609 1812 1691; baseline 0.001 -19"><span class='ocrx_word' id='word_1_200' title='bbox 36 1625 79 1672; x_wconf 87' lang='lat' dir='ltr'><strong>ex</strong></span> <span class='ocrx_word' id='word_1_201' title='bbox 92 1627 166 1674; x_wconf 90' lang='lat' dir='ltr'><strong>rore</strong></span> <span class='ocrx_word' id='word_1_202' title='bbox 181 1609 271 1678; x_wconf 91' lang='lat' dir='ltr'><strong>caeli.</strong></span> <span class='ocrx_word' id='word_1_203' title='bbox 283 1612 398 1691; x_wconf 88' lang='lat' dir='ltr'><strong>quippe</strong></span> <span class='ocrx_word' id='word_1_204' title='bbox 414 1618 585 1689; x_wconf 88' lang='lat' dir='ltr'><strong>conceptus</strong></span> <span class='ocrx_word' id='word_1_205' title='bbox 601 1610 640 1671; x_wconf 91' lang='lat' dir='ltr'><strong>de</strong></span> <span class='ocrx_word' id='word_1_206' title='bbox 656 1609 772 1690; x_wconf 83' lang='lat' dir='ltr'><strong>Spiritu</strong></span> <span class='ocrx_word' id='word_1_207' title='bbox 787 1617 907 1686; x_wconf 87' lang='lat' dir='ltr'><strong>sancto,</strong></span> <span class='ocrx_word' id='word_1_208' title='bbox 953 1609 1014 1673; x_wconf 86' lang='lat' dir='ltr'><strong>Sed</strong></span> <span class='ocrx_word' id='word_1_209' title='bbox 1032 1628 1101 1674; x_wconf 89' lang='lat' dir='ltr'><strong>cum</strong></span> <span class='ocrx_word' id='word_1_210' title='bbox 1114 1611 1274 1676; x_wconf 89' lang='lat' dir='ltr'><strong>incidisset</strong></span> <span class='ocrx_word' id='word_1_211' title='bbox 1288 1611 1319 1672; x_wconf 92' lang='lat' dir='ltr'><strong>iu</strong></span> <span class='ocrx_word' id='word_1_212' title='bbox 1330 1619 1449 1674; x_wconf 67' lang='lat' dir='ltr'><strong>,sentam</strong></span> <span class='ocrx_word' id='word_1_213' title='bbox 1463 1611 1710 1676; x_wconf 80' lang='lat' dir='ltr'><strong>Manichaeorum</strong></span> <span class='ocrx_word' id='word_1_214' title='bbox 1725 1657 1735 1689; x_wconf 89' lang='lat'><strong>,</strong></span> <span class='ocrx_word' id='word_1_215' title='bbox 1759 1611 1812 1674; x_wconf 92' lang='lat' dir='ltr'><strong>diu</strong></span> 
     </span>
     <span class='ocr_line' id='line_1_18' title="bbox 36 1693 1815 1775; baseline 0.001 -20"><span class='ocrx_word' id='word_1_216' title='bbox 36 1710 105 1756; x_wconf 93' lang='lat' dir='ltr'><strong>nou</strong></span> <span class='ocrx_word' id='word_1_217' title='bbox 124 1697 299 1760; x_wconf 80' lang='lat' dir='ltr'><strong>exsemine</strong></span> <span class='ocrx_word' id='word_1_218' title='bbox 315 1695 382 1757; x_wconf 88' lang='lat' dir='ltr'><strong>riri.</strong></span> <span class='ocrx_word' id='word_1_219' title='bbox 404 1693 548 1775; x_wconf 88' lang='lat' dir='ltr'><strong>Denique</strong></span> <span class='ocrx_word' id='word_1_220' title='bbox 569 1693 730 1774; x_wconf 87' lang='lat' dir='ltr'><strong>margarita</strong></span> <span class='ocrx_word' id='word_1_221' title='bbox 754 1693 908 1769; x_wconf 89' lang='lat' dir='ltr'><strong>candida,</strong></span> <span class='ocrx_word' id='word_1_222' title='bbox 953 1695 1149 1775; x_wconf 83' lang='lat' dir='ltr'><strong>moltumque</strong></span> <span class='ocrx_word' id='word_1_223' title='bbox 1166 1696 1313 1758; x_wconf 84' lang='lat' dir='ltr'><strong>laborarit</strong></span> <span class='ocrx_word' id='word_1_224' title='bbox 1326 1699 1357 1757; x_wconf 92' lang='grc' dir='ltr'><strong>ει</strong></span> <span class='ocrx_word' id='word_1_225' title='bbox 1370 1711 1476 1758; x_wconf 86' lang='lat' dir='ltr'><strong>seeum</strong></span> <span class='ocrx_word' id='word_1_226' title='bbox 1499 1696 1567 1775; x_wconf 89' lang='lat' dir='ltr'><strong>ipse</strong></span> <span class='ocrx_word' id='word_1_227' title='bbox 1583 1697 1761 1773; x_wconf 78' lang='lat' dir='ltr'><strong>quaerendo</strong></span> <span class='ocrx_word' id='word_1_228' title='bbox 1783 1700 1815 1757; x_wconf 91' lang='lat' dir='ltr'><strong>et</strong></span> 
     </span>
     <span class='ocr_line' id='line_1_19' title="bbox 34 1774 1813 1859; baseline 0.001 -21"><span class='ocrx_word' id='word_1_229' title='bbox 34 1774 158 1846; x_wconf 91' lang='lat' dir='ltr'><strong>lucida.</strong></span> <span class='ocrx_word' id='word_1_230' title='bbox 176 1780 288 1858; x_wconf 90' lang='lat' dir='ltr'><strong>solida,</strong></span> <span class='ocrx_word' id='word_1_231' title='bbox 305 1795 393 1859; x_wconf 88' lang='lat' dir='ltr'><strong>pura,</strong></span> <span class='ocrx_word' id='word_1_232' title='bbox 410 1779 518 1851; x_wconf 83' lang='lat' dir='ltr'><strong>laevis,</strong></span> <span class='ocrx_word' id='word_1_233' title='bbox 536 1781 665 1841; x_wconf 91' lang='lat' dir='ltr'><strong>rotunda</strong></span> <span class='ocrx_word' id='word_1_234' title='bbox 683 1783 742 1841; x_wconf 89' lang='lat' dir='ltr'><strong>est:</strong></span> <span class='ocrx_word' id='word_1_235' title='bbox 759 1785 790 1841; x_wconf 93' lang='lat' dir='ltr'><strong>ei</strong></span> <span class='ocrx_word' id='word_1_236' title='bbox 802 1776 909 1838; x_wconf 92' lang='lat' dir='ltr'><strong>huma·</strong></span> <span class='ocrx_word' id='word_1_237' title='bbox 954 1792 1024 1844; x_wconf 88' lang='lat' dir='ltr'><strong>cum</strong></span> <span class='ocrx_word' id='word_1_238' title='bbox 1041 1779 1111 1842; x_wconf 91' lang='lat' dir='ltr'><strong>aliis</strong></span> <span class='ocrx_word' id='word_1_239' title='bbox 1133 1779 1342 1859; x_wconf 89' lang='lat' dir='ltr'><strong>disputando,</strong></span> <span class='ocrx_word' id='word_1_240' title='bbox 1370 1783 1404 1840; x_wconf 87' lang='lat' dir='ltr'><strong>ui</strong></span> <span class='ocrx_word' id='word_1_241' title='bbox 1424 1781 1578 1842; x_wconf 82' lang='lat' dir='ltr'><strong>inveniret</strong></span> <span class='ocrx_word' id='word_1_242' title='bbox 1598 1779 1813 1858; x_wconf 83' lang='lat' dir='ltr'><strong>Evangelicatn</strong></span> 
     </span>
     <span class='ocr_line' id='line_1_20' title="bbox 36 1859 1812 1946; baseline 0 -23"><span class='ocrx_word' id='word_1_243' title='bbox 36 1863 124 1924; x_wconf 91' lang='lat' dir='ltr'><strong>nitas</strong></span> <span class='ocrx_word' id='word_1_244' title='bbox 140 1861 263 1938; x_wconf 80' lang='lat' dir='ltr'><strong>Christi,</strong></span> <span class='ocrx_word' id='word_1_245' title='bbox 278 1869 309 1926; x_wconf 89' lang='lat' dir='ltr'><strong>et</strong></span> <span class='ocrx_word' id='word_1_246' title='bbox 321 1864 417 1924; x_wconf 93' lang='lat' dir='ltr'><strong>multo</strong></span> <span class='ocrx_word' id='word_1_247' title='bbox 431 1862 528 1946; x_wconf 89' lang='lat' dir='ltr'><strong>magis</strong></span> <span class='ocrx_word' id='word_1_248' title='bbox 543 1865 612 1925; x_wconf 90' lang='lat' dir='ltr'><strong>sino</strong></span> <span class='ocrx_word' id='word_1_249' title='bbox 628 1863 689 1924; x_wconf 93' lang='lat' dir='ltr'><strong>ulla</strong></span> <span class='ocrx_word' id='word_1_250' title='bbox 706 1859 908 1940; x_wconf 90' lang='lat' dir='ltr'><strong>comparatio·</strong></span> <span class='ocrx_word' id='word_1_251' title='bbox 954 1863 1127 1925; x_wconf 80' lang='lat' dir='ltr'><strong>ceritatem:</strong></span> <span class='ocrx_word' id='word_1_252' title='bbox 1143 1881 1213 1928; x_wconf 91' lang='lat' dir='ltr'><strong>curn</strong></span> <span class='ocrx_word' id='word_1_253' title='bbox 1231 1865 1261 1926; x_wconf 93' lang='lat' dir='ltr'><strong>in</strong></span> <span class='ocrx_word' id='word_1_254' title='bbox 1283 1877 1318 1925; x_wconf 89' lang='lat' dir='ltr'><strong>ea</strong></span> <span class='ocrx_word' id='word_1_255' title='bbox 1346 1868 1430 1926; x_wconf 89' lang='lat' dir='ltr'><strong>secta</strong></span> <span class='ocrx_word' id='word_1_256' title='bbox 1455 1863 1540 1926; x_wconf 89' lang='lat' dir='ltr'><strong>nibil.</strong></span> <span class='ocrx_word' id='word_1_257' title='bbox 1557 1869 1727 1942; x_wconf 87' lang='lat' dir='ltr'><strong>reperisset</strong></span> <span class='ocrx_word' id='word_1_258' title='bbox 1752 1861 1812 1924; x_wconf 90' lang='lat' dir='ltr'><strong>uisi</strong></span> 
     </span>
     <span class='ocr_line' id='line_1_21' title="bbox 38 1943 1815 2028; baseline 0.002 -22"><span class='ocrx_word' id='word_1_259' title='bbox 38 1961 83 2008; x_wconf 92' lang='lat' dir='ltr'><strong>ne</strong></span> <span class='ocrx_word' id='word_1_260' title='bbox 100 1945 268 2020; x_wconf 82' lang='lat' dir='ltr'><strong>divinitas,</strong></span> <span class='ocrx_word' id='word_1_261' title='bbox 292 1947 422 2028; x_wconf 89' lang='lat' dir='ltr'><strong>eandida</strong></span> <span class='ocrx_word' id='word_1_262' title='bbox 439 1954 486 2009; x_wconf 90' lang='lat' dir='ltr'><strong>est</strong></span> <span class='ocrx_word' id='word_1_263' title='bbox 502 1944 541 2007; x_wconf 93' lang='lat' dir='ltr'><strong>ob</strong></span> <span class='ocrx_word' id='word_1_264' title='bbox 557 1947 766 2008; x_wconf 90' lang='lat' dir='ltr'><strong>innocentiam</strong></span> <span class='ocrx_word' id='word_1_265' title='bbox 781 1991 789 2022; x_wconf 93' lang='lat'><strong>,</strong></span> <span class='ocrx_word' id='word_1_266' title='bbox 805 1943 909 2008; x_wconf 86' lang='lat' dir='ltr'><strong>lucida</strong></span> <span class='ocrx_word' id='word_1_267' title='bbox 932 1955 934 1961; x_wconf 84' lang='lat'>·</span> <span class='ocrx_word' id='word_1_268' title='bbox 954 1947 1146 2011; x_wconf 85' lang='lat' dir='ltr'><strong>narrationes</strong></span> <span class='ocrx_word' id='word_1_269' title='bbox 1161 1948 1319 2012; x_wconf 89' lang='lat' dir='ltr'><strong>iahulosas</strong></span> <span class='ocrx_word' id='word_1_270' title='bbox 1335 1953 1427 2024; x_wconf 83' lang='lat' dir='ltr'><strong>atque</strong></span> <span class='ocrx_word' id='word_1_271' title='bbox 1442 1949 1632 2020; x_wconf 88' lang='lat' dir='ltr'><strong>mendaces,</strong></span> <span class='ocrx_word' id='word_1_272' title='bbox 1659 1947 1717 2011; x_wconf 90' lang='lat' dir='ltr'><strong>iam</strong></span> <span class='ocrx_word' id='word_1_273' title='bbox 1734 1960 1815 2024; x_wconf 85' lang='lat' dir='ltr'><strong>peno</strong></span> 
     </span>
     <span class='ocr_line' id='line_1_22' title="bbox 38 2027 1815 2109; baseline 0.001 -19"><span class='ocrx_word' id='word_1_274' title='bbox 38 2027 84 2092; x_wconf 92' lang='lat' dir='ltr'><strong>ob</strong></span> <span class='ocrx_word' id='word_1_275' title='bbox 102 2029 300 2109; x_wconf 87' lang='lat' dir='ltr'><strong>sapientiam,</strong></span> <span class='ocrx_word' id='word_1_276' title='bbox 317 2031 416 2092; x_wconf 90' lang='lat' dir='ltr'><strong>solida</strong></span> <span class='ocrx_word' id='word_1_277' title='bbox 432 2029 473 2094; x_wconf 92' lang='lat' dir='ltr'><strong>oh</strong></span> <span class='ocrx_word' id='word_1_278' title='bbox 489 2029 714 2107; x_wconf 88' lang='lat' dir='ltr'><strong>constantiam,</strong></span> <span class='ocrx_word' id='word_1_279' title='bbox 738 2045 814 2109; x_wconf 89' lang='lat' dir='ltr'><strong>pura</strong></span> <span class='ocrx_word' id='word_1_280' title='bbox 837 2029 909 2107; x_wconf 87' lang='lat' dir='ltr'><strong>quia</strong></span> <span class='ocrx_word' id='word_1_281' title='bbox 955 2027 1143 2107; x_wconf 83' lang='lat' dir='ltr'><strong>desperabat</strong></span> <span class='ocrx_word' id='word_1_282' title='bbox 1163 2034 1202 2096; x_wconf 91' lang='grc' dir='ltr'><strong>ιε</strong></span> <span class='ocrx_word' id='word_1_283' title='bbox 1217 2030 1342 2094; x_wconf 86' lang='lat' dir='ltr'><strong>recitate</strong></span> <span class='ocrx_word' id='word_1_284' title='bbox 1364 2031 1562 2102; x_wconf 82' lang='lat' dir='ltr'><strong>invenienda.</strong></span> <span class='ocrx_word' id='word_1_285' title='bbox 1578 2048 1646 2094; x_wconf 88' lang='lat' dir='ltr'><strong>aum</strong></span> <span class='ocrx_word' id='word_1_286' title='bbox 1664 2031 1815 2109; x_wconf 89' lang='lat' dir='ltr'><strong>plurimos</strong></span> 
     </span>
     <span class='ocr_line' id='line_1_23' title="bbox 38 2112 1815 2194; baseline 0 -18"><span class='ocrx_word' id='word_1_287' title='bbox 38 2112 115 2176; x_wconf 88' lang='lat' dir='ltr'><strong>sine</strong></span> <span class='ocrx_word' id='word_1_288' title='bbox 133 2115 265 2188; x_wconf 87' lang='lat' dir='ltr'><strong>macula,</strong></span> <span class='ocrx_word' id='word_1_289' title='bbox 290 2113 386 2176; x_wconf 87' lang='lat' dir='ltr'><strong>laevis</strong></span> <span class='ocrx_word' id='word_1_290' title='bbox 402 2117 472 2192; x_wconf 83' lang='lat' dir='ltr'><strong>auia</strong></span> <span class='ocrx_word' id='word_1_291' title='bbox 488 2116 592 2178; x_wconf 84' lang='lat' dir='ltr'><strong>suanis</strong></span> <span class='ocrx_word' id='word_1_292' title='bbox 608 2119 640 2178; x_wconf 88' lang='grc' dir='ltr'><strong>ει</strong></span> <span class='ocrx_word' id='word_1_293' title='bbox 656 2112 763 2190; x_wconf 92' lang='lat' dir='ltr'><strong>mitis,</strong></span> <span class='ocrx_word' id='word_1_294' title='bbox 779 2112 910 2176; x_wconf 86' lang='lat' dir='ltr'><strong>rotunda</strong></span> <span class='ocrx_word' id='word_1_295' title='bbox 954 2127 1054 2176; x_wconf 90' lang='lat' dir='ltr'><strong>anuos</strong></span> <span class='ocrx_word' id='word_1_296' title='bbox 1072 2114 1257 2194; x_wconf 83' lang='lat' dir='ltr'><strong>inquirendo</strong></span> <span class='ocrx_word' id='word_1_297' title='bbox 1272 2117 1533 2192; x_wconf 86' lang='lat' dir='ltr'><strong>consumpsisset.</strong></span> <span class='ocrx_word' id='word_1_298' title='bbox 1558 2113 1610 2178; x_wconf 88' lang='lat' dir='ltr'><strong>Sic</strong></span> <span class='ocrx_word' id='word_1_299' title='bbox 1636 2116 1718 2178; x_wconf 89' lang='lat' dir='ltr'><strong>enim</strong></span> <span class='ocrx_word' id='word_1_300' title='bbox 1746 2115 1815 2192; x_wconf 89' lang='lat' dir='ltr'><strong>ipse</strong></span> 
     </span>
     <span class='ocr_line' id='line_1_24' title="bbox 38 2195 1814 2277; baseline 0.002 -20"><span class='ocrx_word' id='word_1_301' title='bbox 38 2195 117 2276; x_wconf 85' lang='lat' dir='ltr'><strong>quia</strong></span> <span class='ocrx_word' id='word_1_302' title='bbox 135 2197 273 2260; x_wconf 85' lang='lat' dir='ltr'><strong>exomni</strong></span> <span class='ocrx_word' id='word_1_303' title='bbox 291 2205 376 2277; x_wconf 91' lang='lat' dir='ltr'><strong>parte</strong></span> <span class='ocrx_word' id='word_1_304' title='bbox 399 2199 559 2276; x_wconf 87' lang='lat' dir='ltr'><strong>perlecta..</strong></span> <span class='ocrx_word' id='word_1_305' title='bbox 648 2240 650 2244; x_wconf 29' lang='grc' dir='ltr'><em>ψ</em></span> <span class='ocrx_word' id='word_1_306' title='bbox 954 2195 1089 2271; x_wconf 81' lang='lat' dir='ltr'><strong>loquitur</strong></span> <span class='ocrx_word' id='word_1_307' title='bbox 1103 2199 1183 2262; x_wconf 89' lang='lat' dir='ltr'><strong>libro</strong></span> <span class='ocrx_word' id='word_1_308' title='bbox 1195 2202 1281 2262; x_wconf 85' lang='lat' dir='ltr'><strong>sexto</strong></span> <span class='ocrx_word' id='word_1_309' title='bbox 1297 2196 1546 2262; x_wconf 76' lang='lat' dir='ltr'><strong>confessionum:</strong></span> <span class='ocrx_word' id='word_1_310' title='bbox 1575 2199 1751 2272; x_wconf 81' lang='lat' dir='ltr'><strong>Veneram,</strong></span> <span class='ocrx_word' id='word_1_311' title='bbox 1768 2201 1814 2260; x_wconf 91' lang='lat' dir='ltr'><strong>in·</strong></span> 
     </span>
     <span class='ocr_line' id='line_1_25' title="bbox 85 2277 1814 2363; baseline 0.001 -21"><span class='ocrx_word' id='word_1_312' title='bbox 85 2279 151 2343; x_wconf 89' lang='lat' dir='ltr'><strong>lam</strong></span> <span class='ocrx_word' id='word_1_313' title='bbox 168 2297 240 2345; x_wconf 90' lang='lat' dir='ltr'><strong>rero</strong></span> <span class='ocrx_word' id='word_1_314' title='bbox 256 2281 416 2362; x_wconf 90' lang='lat' dir='ltr'><strong>margarita</strong></span> <span class='ocrx_word' id='word_1_315' title='bbox 440 2299 501 2345; x_wconf 93' lang='lat' dir='ltr'><strong>non</strong></span> <span class='ocrx_word' id='word_1_316' title='bbox 526 2299 598 2344; x_wconf 90' lang='lat' dir='ltr'><strong>casu</strong></span> <span class='ocrx_word' id='word_1_317' title='bbox 622 2279 797 2356; x_wconf 82' lang='lat' dir='ltr'><strong>invenitur,</strong></span> <span class='ocrx_word' id='word_1_318' title='bbox 821 2277 911 2342; x_wconf 89' lang='lat' dir='ltr'><strong>seda</strong></span> <span class='ocrx_word' id='word_1_319' title='bbox 955 2281 1032 2359; x_wconf 89' lang='lat' dir='ltr'><strong>quit,</strong></span> <span class='ocrx_word' id='word_1_320' title='bbox 1050 2283 1086 2344; x_wconf 91' lang='lat' dir='ltr'><strong>in</strong></span> <span class='ocrx_word' id='word_1_321' title='bbox 1099 2283 1304 2363; x_wconf 78' lang='lat' dir='ltr'><strong>profundam</strong></span> <span class='ocrx_word' id='word_1_322' title='bbox 1319 2284 1433 2356; x_wconf 82' lang='lat' dir='ltr'><strong>maria,</strong></span> <span class='ocrx_word' id='word_1_323' title='bbox 1450 2286 1479 2346; x_wconf 87' lang='lat' dir='ltr'><strong>ai</strong></span> <span class='ocrx_word' id='word_1_324' title='bbox 1494 2280 1691 2363; x_wconf 76' lang='lat' dir='ltr'><strong>diffidebam.</strong></span> <span class='ocrx_word' id='word_1_325' title='bbox 1716 2287 1746 2344; x_wconf 89' lang='grc' dir='ltr'><strong>ει</strong></span> <span class='ocrx_word' id='word_1_326' title='bbox 1759 2282 1814 2344; x_wconf 83' lang='lat' dir='ltr'><strong>de·</strong></span> 
     </span>
     <span class='ocr_line' id='line_1_26' title="bbox 39 2359 1814 2447; baseline 0.001 -21"><span class='ocrx_word' id='word_1_327' title='bbox 39 2365 201 2444; x_wconf 87' lang='lat' dir='ltr'><strong>prudente</strong></span> <span class='ocrx_word' id='word_1_328' title='bbox 217 2368 409 2446; x_wconf 85' lang='lat' dir='ltr'><strong>negotiatore</strong></span> <span class='ocrx_word' id='word_1_329' title='bbox 425 2365 590 2446; x_wconf 86' lang='lat' dir='ltr'><strong>diligenter</strong></span> <span class='ocrx_word' id='word_1_330' title='bbox 612 2365 781 2445; x_wconf 85' lang='lat' dir='ltr'><strong>quaeritur.</strong></span> <span class='ocrx_word' id='word_1_331' title='bbox 804 2362 911 2442; x_wconf 81' lang='lat' dir='ltr'><strong>ltaque</strong></span> <span class='ocrx_word' id='word_1_332' title='bbox 953 2365 1126 2442; x_wconf 82' lang='lat' dir='ltr'><strong>sperabam</strong></span> <span class='ocrx_word' id='word_1_333' title='bbox 1141 2359 1814 2447; x_wconf 73' lang='lat' dir='ltr'><strong>deincautioneueri.(bib.d.Cap.l.Goai.)</strong></span> 
     </span>
     <span class='ocr_line' id='line_1_27' title="bbox 39 2445 1813 2528; baseline 0.001 -20"><span class='ocrx_word' id='word_1_334' title='bbox 39 2455 148 2511; x_wconf 88' lang='lat' dir='ltr'><strong>tamen</strong></span> <span class='ocrx_word' id='word_1_335' title='bbox 166 2450 317 2512; x_wconf 84' lang='lat' dir='ltr'><strong>contrariu</strong></span> <span class='ocrx_word' id='word_1_336' title='bbox 341 2455 389 2512; x_wconf 89' lang='lat' dir='ltr'><strong>est</strong></span> <span class='ocrx_word' id='word_1_337' title='bbox 409 2448 488 2512; x_wconf 88' lang='lat' dir='ltr'><strong>baec</strong></span> <span class='ocrx_word' id='word_1_338' title='bbox 511 2449 656 2527; x_wconf 88' lang='lat' dir='ltr'><strong>parabola</strong></span> <span class='ocrx_word' id='word_1_339' title='bbox 681 2448 858 2526; x_wconf 84' lang='lat' dir='ltr'><strong>superiori,</strong></span> <span class='ocrx_word' id='word_1_340' title='bbox 877 2446 909 2510; x_wconf 92' lang='lat' dir='ltr'><strong>in</strong></span> <span class='ocrx_word' id='word_1_341' title='bbox 954 2445 1070 2512; x_wconf 91' lang='lat' dir='ltr'><strong>Placuit</strong></span> <span class='ocrx_word' id='word_1_342' title='bbox 1084 2457 1185 2513; x_wconf 84' lang='lat' dir='ltr'><strong>tamen</strong></span> <span class='ocrx_word' id='word_1_343' title='bbox 1202 2452 1278 2524; x_wconf 87' lang='lat' dir='ltr'><strong>Deo,</strong></span> <span class='ocrx_word' id='word_1_344' title='bbox 1302 2451 1513 2528; x_wconf 82' lang='lat' dir='ltr'><strong>utaliquando</strong></span> <span class='ocrx_word' id='word_1_345' title='bbox 1529 2451 1683 2512; x_wconf 84' lang='lat' dir='ltr'><strong>inueniret</strong></span> <span class='ocrx_word' id='word_1_346' title='bbox 1700 2452 1813 2527; x_wconf 87' lang='lat' dir='ltr'><strong>pretio·</strong></span> 
     </span>
     <span class='ocr_line' id='line_1_28' title="bbox 38 2530 1815 2615; baseline 0 -21"><span class='ocrx_word' id='word_1_347' title='bbox 38 2549 103 2611; x_wconf 89' lang='lat' dir='ltr'><strong>qua</strong></span> <span class='ocrx_word' id='word_1_348' title='bbox 122 2532 289 2597; x_wconf 89' lang='lat' dir='ltr'><strong>thesaurus</strong></span> <span class='ocrx_word' id='word_1_349' title='bbox 303 2531 427 2596; x_wconf 88' lang='lat' dir='ltr'><strong>ioriuito</strong></span> <span class='ocrx_word' id='word_1_350' title='bbox 439 2533 569 2595; x_wconf 82' lang='lat' dir='ltr'><strong>inueniri</strong></span> <span class='ocrx_word' id='word_1_351' title='bbox 583 2533 780 2610; x_wconf 81' lang='lat' dir='ltr'><strong>dicitur3nam</strong></span> <span class='ocrx_word' id='word_1_352' title='bbox 795 2539 910 2595; x_wconf 91' lang='lat' dir='ltr'><strong>utrum·</strong></span> <span class='ocrx_word' id='word_1_353' title='bbox 955 2547 1020 2594; x_wconf 90' lang='lat' dir='ltr'><strong>sam</strong></span> <span class='ocrx_word' id='word_1_354' title='bbox 1035 2534 1239 2615; x_wconf 87' lang='lat' dir='ltr'><strong>margaritam:</strong></span> <span class='ocrx_word' id='word_1_355' title='bbox 1257 2538 1288 2599; x_wconf 88' lang='lat' dir='ltr'><strong>et</strong></span> <span class='ocrx_word' id='word_1_356' title='bbox 1301 2538 1364 2596; x_wconf 90' lang='lat' dir='ltr'><strong>tum</strong></span> <span class='ocrx_word' id='word_1_357' title='bbox 1380 2536 1449 2596; x_wconf 88' lang='lat' dir='ltr'><strong>sine</strong></span> <span class='ocrx_word' id='word_1_358' title='bbox 1471 2534 1531 2596; x_wconf 92' lang='lat' dir='ltr'><strong>ulla</strong></span> <span class='ocrx_word' id='word_1_359' title='bbox 1549 2549 1654 2608; x_wconf 89' lang='lat' dir='ltr'><strong>mora,</strong></span> <span class='ocrx_word' id='word_1_360' title='bbox 1679 2530 1815 2614; x_wconf 81' lang='lat' dir='ltr'><strong>uenditis</strong></span> 
     </span>
     <span class='ocr_line' id='line_1_29' title="bbox 39 2615 1814 2697; baseline -0.001 -19"><span class='ocrx_word' id='word_1_361' title='bbox 39 2631 107 2694; x_wconf 84' lang='lat' dir='ltr'><strong>que</strong></span> <span class='ocrx_word' id='word_1_362' title='bbox 124 2633 229 2680; x_wconf 88' lang='lat' dir='ltr'><strong>rerum</strong></span> <span class='ocrx_word' id='word_1_363' title='bbox 247 2622 294 2680; x_wconf 90' lang='lat' dir='ltr'><strong>est</strong></span> <span class='ocrx_word' id='word_1_364' title='bbox 310 2663 318 2691; x_wconf 93' lang='lat'><strong>,</strong></span> <span class='ocrx_word' id='word_1_365' title='bbox 335 2617 434 2680; x_wconf 92' lang='lat' dir='ltr'><strong>sedin</strong></span> <span class='ocrx_word' id='word_1_366' title='bbox 452 2615 584 2680; x_wconf 90' lang='lat' dir='ltr'><strong>dirersis</strong></span> <span class='ocrx_word' id='word_1_367' title='bbox 605 2620 763 2697; x_wconf 89' lang='lat' dir='ltr'><strong>personis:</strong></span> <span class='ocrx_word' id='word_1_368' title='bbox 788 2623 817 2679; x_wconf 92' lang='lat' dir='ltr'><strong>et</strong></span> <span class='ocrx_word' id='word_1_369' title='bbox 840 2615 911 2680; x_wconf 88' lang='lat' dir='ltr'><strong>ideo</strong></span> <span class='ocrx_word' id='word_1_370' title='bbox 955 2618 1100 2681; x_wconf 91' lang='lat' dir='ltr'><strong>omnibus</strong></span> <span class='ocrx_word' id='word_1_371' title='bbox 1115 2619 1176 2682; x_wconf 93' lang='lat' dir='ltr'><strong>hoc</strong></span> <span class='ocrx_word' id='word_1_372' title='bbox 1192 2625 1240 2683; x_wconf 90' lang='lat' dir='ltr'><strong>est</strong></span> <span class='ocrx_word' id='word_1_373' title='bbox 1254 2617 1369 2682; x_wconf 87' lang='lat' dir='ltr'><strong>reiecto</strong></span> <span class='ocrx_word' id='word_1_374' title='bbox 1390 2615 1547 2680; x_wconf 88' lang='lat' dir='ltr'><strong>desiderio</strong></span> <span class='ocrx_word' id='word_1_375' title='bbox 1569 2616 1727 2696; x_wconf 88' lang='lat' dir='ltr'><strong>coniugii,</strong></span> <span class='ocrx_word' id='word_1_376' title='bbox 1752 2629 1814 2695; x_wconf 90' lang='lat' dir='ltr'><strong>quo</strong></span> 
     </span>
     <span class='ocr_line' id='line_1_30' title="bbox 39 2696 1812 2780; baseline 0.001 -20"><span class='ocrx_word' id='word_1_377' title='bbox 39 2696 199 2764; x_wconf 90' lang='lat' dir='ltr'><strong>Dominus</strong></span> <span class='ocrx_word' id='word_1_378' title='bbox 215 2700 318 2763; x_wconf 82' lang='lat' dir='ltr'><strong>divina</strong></span> <span class='ocrx_word' id='word_1_379' title='bbox 333 2700 495 2780; x_wconf 89' lang='lat' dir='ltr'><strong>prudentia</strong></span> <span class='ocrx_word' id='word_1_380' title='bbox 511 2699 688 2780; x_wconf 90' lang='lat' dir='ltr'><strong>parabolam</strong></span> <span class='ocrx_word' id='word_1_381' title='bbox 712 2699 793 2764; x_wconf 91' lang='lat' dir='ltr'><strong>banc</strong></span> <span class='ocrx_word' id='word_1_382' title='bbox 807 2706 912 2780; x_wconf 89' lang='lat' dir='ltr'><strong>poste·</strong></span> <span class='ocrx_word' id='word_1_383' title='bbox 956 2701 1086 2770; x_wconf 83' lang='lat' dir='ltr'><strong>maxime</strong></span> <span class='ocrx_word' id='word_1_384' title='bbox 1100 2703 1272 2776; x_wconf 90' lang='lat' dir='ltr'><strong>tenebatur,</strong></span> <span class='ocrx_word' id='word_1_385' title='bbox 1288 2707 1318 2764; x_wconf 91' lang='grc' dir='ltr'><strong>ει</strong></span> <span class='ocrx_word' id='word_1_386' title='bbox 1330 2703 1443 2780; x_wconf 84' lang='grc' dir='ltr'>εριειιε</span> <span class='ocrx_word' id='word_1_387' title='bbox 1458 2702 1555 2764; x_wconf 90' lang='lat' dir='ltr'><strong>lucris</strong></span> <span class='ocrx_word' id='word_1_388' title='bbox 1571 2707 1602 2762; x_wconf 91' lang='lat' dir='ltr'><strong>ct</strong></span> <span class='ocrx_word' id='word_1_389' title='bbox 1617 2700 1812 2774; x_wconf 88' lang='lat' dir='ltr'><strong>honoribus,</strong></span> 
     </span>
     <span class='ocr_line' id='line_1_31' title="bbox 39 2783 1815 2868; baseline 0.002 -25"><span class='ocrx_word' id='word_1_390' title='bbox 39 2783 160 2846; x_wconf 86' lang='lat' dir='ltr'><strong>riorem</strong></span> <span class='ocrx_word' id='word_1_391' title='bbox 177 2785 331 2866; x_wconf 88' lang='lat' dir='ltr'><strong>superiori</strong></span> <span class='ocrx_word' id='word_1_392' title='bbox 347 2784 505 2858; x_wconf 85' lang='lat' dir='ltr'><strong>adiunxit,</strong></span> <span class='ocrx_word' id='word_1_393' title='bbox 527 2800 567 2848; x_wconf 88' lang='lat' dir='ltr'><strong>ne</strong></span> <span class='ocrx_word' id='word_1_394' title='bbox 583 2787 654 2864; x_wconf 83' lang='lat' dir='ltr'><strong>qais</strong></span> <span class='ocrx_word' id='word_1_395' title='bbox 669 2785 860 2849; x_wconf 84' lang='lat' dir='ltr'><strong>existimaret</strong></span> <span class='ocrx_word' id='word_1_396' title='bbox 879 2800 912 2847; x_wconf 92' lang='lat' dir='ltr'><strong>o·</strong></span> <span class='ocrx_word' id='word_1_397' title='bbox 938 2821 940 2830; x_wconf 30' lang='grc' dir='ltr'>κ</span> <span class='ocrx_word' id='word_1_398' title='bbox 956 2784 1083 2862; x_wconf 85' lang='lat' dir='ltr'><strong>quihus,</strong></span> <span class='ocrx_word' id='word_1_399' title='bbox 1100 2792 1134 2850; x_wconf 89' lang='lat' dir='ltr'><strong>ut</strong></span> <span class='ocrx_word' id='word_1_400' title='bbox 1154 2787 1223 2868; x_wconf 90' lang='lat' dir='ltr'><strong>ipse</strong></span> <span class='ocrx_word' id='word_1_401' title='bbox 1238 2788 1346 2860; x_wconf 87' lang='lat' dir='ltr'><strong>latetur</strong></span> <span class='ocrx_word' id='word_1_402' title='bbox 1360 2787 1391 2848; x_wconf 94' lang='lat' dir='ltr'><strong>iu</strong></span> <span class='ocrx_word' id='word_1_403' title='bbox 1406 2785 1487 2848; x_wconf 88' lang='lat' dir='ltr'><strong>libro</strong></span> <span class='ocrx_word' id='word_1_404' title='bbox 1503 2785 1630 2858; x_wconf 83' lang='lat' dir='ltr'><strong>eodem,</strong></span> <span class='ocrx_word' id='word_1_405' title='bbox 1647 2785 1815 2847; x_wconf 84' lang='lat' dir='ltr'><strong>rabamon-</strong></span> 
     </span>
     <span class='ocr_line' id='line_1_32' title="bbox 37 2866 1814 2950; baseline 0.001 -22"><span class='ocrx_word' id='word_1_406' title='bbox 37 2866 171 2931; x_wconf 91' lang='lat' dir='ltr'><strong>mnibus</strong></span> <span class='ocrx_word' id='word_1_407' title='bbox 186 2869 216 2929; x_wconf 94' lang='lat' dir='ltr'><strong>id</strong></span> <span class='ocrx_word' id='word_1_408' title='bbox 232 2868 425 2950; x_wconf 88' lang='lat' dir='ltr'><strong>contingere,</strong></span> <span class='ocrx_word' id='word_1_409' title='bbox 444 2876 476 2932; x_wconf 92' lang='lat' dir='ltr'><strong>ut</strong></span> <span class='ocrx_word' id='word_1_410' title='bbox 491 2868 530 2932; x_wconf 89' lang='lat' dir='ltr'><strong>de</strong></span> <span class='ocrx_word' id='word_1_411' title='bbox 548 2869 714 2949; x_wconf 73' lang='lat' dir='ltr'><strong>improviso</strong></span> <span class='ocrx_word' id='word_1_412' title='bbox 730 2869 761 2930; x_wconf 93' lang='lat' dir='ltr'><strong>in</strong></span> <span class='ocrx_word' id='word_1_413' title='bbox 778 2869 908 2930; x_wconf 88' lang='lat' dir='ltr'><strong>thesau·</strong></span> <span class='ocrx_word' id='word_1_414' title='bbox 954 2871 1003 2930; x_wconf 90' lang='lat' dir='ltr'><strong>ter</strong></span> <span class='ocrx_word' id='word_1_415' title='bbox 1018 2870 1169 2946; x_wconf 87' lang='lat' dir='ltr'><strong>inhiabat,</strong></span> <span class='ocrx_word' id='word_1_416' title='bbox 1187 2887 1222 2934; x_wconf 89' lang='lat' dir='ltr'><strong>se</strong></span> <span class='ocrx_word' id='word_1_417' title='bbox 1238 2877 1333 2934; x_wconf 92' lang='lat' dir='ltr'><strong>tatum</strong></span> <span class='ocrx_word' id='word_1_418' title='bbox 1350 2870 1448 2932; x_wconf 89' lang='lat' dir='ltr'><strong>soiius</strong></span> <span class='ocrx_word' id='word_1_419' title='bbox 1463 2869 1518 2932; x_wconf 88' lang='lat' dir='ltr'><strong>llci</strong></span> <span class='ocrx_word' id='word_1_420' title='bbox 1534 2869 1686 2947; x_wconf 85' lang='lat' dir='ltr'><strong>obsequio</strong></span> <span class='ocrx_word' id='word_1_421' title='bbox 1703 2883 1814 2947; x_wconf 88' lang='lat' dir='ltr'><strong>perpe-</strong></span> 
     </span>
     <span class='ocr_line' id='line_1_33' title="bbox 39 2947 1816 3034; baseline 0.001 -22"><span class='ocrx_word' id='word_1_422' title='bbox 39 2965 112 3012; x_wconf 88' lang='lat' dir='ltr'><strong>rum</strong></span> <span class='ocrx_word' id='word_1_423' title='bbox 138 2951 288 3016; x_wconf 91' lang='lat' dir='ltr'><strong>incidant.</strong></span> <span class='ocrx_word' id='word_1_424' title='bbox 311 2954 396 3018; x_wconf 87' lang='lat' dir='ltr'><strong>illias</strong></span> <span class='ocrx_word' id='word_1_425' title='bbox 419 2952 501 3014; x_wconf 91' lang='lat' dir='ltr'><strong>enim</strong></span> <span class='ocrx_word' id='word_1_426' title='bbox 523 2951 609 3016; x_wconf 87' lang='lat' dir='ltr'><strong>Deus</strong></span> <span class='ocrx_word' id='word_1_427' title='bbox 635 2952 784 3033; x_wconf 89' lang='lat' dir='ltr'><strong>singulari</strong></span> <span class='ocrx_word' id='word_1_428' title='bbox 813 2953 909 3032; x_wconf 88' lang='lat' dir='ltr'><strong>gratia</strong></span> <span class='ocrx_word' id='word_1_429' title='bbox 956 2956 1010 3014; x_wconf 86' lang='lat' dir='ltr'><strong>tuo</strong></span> <span class='ocrx_word' id='word_1_430' title='bbox 1026 2955 1221 3034; x_wconf 89' lang='lat' dir='ltr'><strong>manciparit.</strong></span> <span class='ocrx_word' id='word_1_431' title='bbox 1238 2947 1320 3016; x_wconf 84' lang='lat' dir='ltr'><strong>Maec</strong></span> <span class='ocrx_word' id='word_1_432' title='bbox 1337 2955 1428 3033; x_wconf 90' lang='lat' dir='ltr'><strong>igitur</strong></span> <span class='ocrx_word' id='word_1_433' title='bbox 1443 2969 1534 3016; x_wconf 88' lang='lat' dir='ltr'><strong>causa</strong></span> <span class='ocrx_word' id='word_1_434' title='bbox 1551 2960 1610 3020; x_wconf 90' lang='lat' dir='ltr'><strong>esi.</strong></span> <span class='ocrx_word' id='word_1_435' title='bbox 1626 2968 1689 3018; x_wconf 75' lang='lat' dir='ltr'><strong>‚our</strong></span> <span class='ocrx_word' id='word_1_436' title='bbox 1711 2951 1816 3014; x_wconf 85' lang='lat' dir='ltr'><strong>Domi·</strong></span> 
     </span>
     <span class='ocr_line' id='line_1_34' title="bbox 39 3033 1816 3118; baseline -0.001 -22"><span class='ocrx_word' id='word_1_437' title='bbox 39 3033 145 3096; x_wconf 91' lang='lat' dir='ltr'><strong>statim</strong></span> <span class='ocrx_word' id='word_1_438' title='bbox 162 3035 329 3108; x_wconf 89' lang='lat' dir='ltr'><strong>illuminat,</strong></span> <span class='ocrx_word' id='word_1_439' title='bbox 345 3041 379 3100; x_wconf 88' lang='lat' dir='ltr'><strong>ut</strong></span> <span class='ocrx_word' id='word_1_440' title='bbox 395 3052 498 3118; x_wconf 88' lang='lat' dir='ltr'><strong>nequo</strong></span> <span class='ocrx_word' id='word_1_441' title='bbox 513 3045 719 3116; x_wconf 85' lang='lat' dir='ltr'><strong>quaerentes,</strong></span> <span class='ocrx_word' id='word_1_442' title='bbox 738 3052 842 3113; x_wconf 85' lang='lat' dir='ltr'><strong>neque</strong></span> <span class='ocrx_word' id='word_1_443' title='bbox 859 3053 909 3100; x_wconf 90' lang='lat' dir='ltr'><strong>aa·</strong></span> <span class='ocrx_word' id='word_1_444' title='bbox 957 3051 1017 3108; x_wconf 86' lang='lat' dir='ltr'><strong>uus</strong></span> <span class='ocrx_word' id='word_1_445' title='bbox 1032 3038 1062 3098; x_wconf 92' lang='lat' dir='ltr'><strong>in</strong></span> <span class='ocrx_word' id='word_1_446' title='bbox 1076 3041 1219 3115; x_wconf 88' lang='lat' dir='ltr'><strong>parabola</strong></span> <span class='ocrx_word' id='word_1_447' title='bbox 1237 3037 1339 3117; x_wconf 86' lang='lat' dir='ltr'><strong>priore</strong></span> <span class='ocrx_word' id='word_1_448' title='bbox 1354 3037 1575 3114; x_wconf 83' lang='lat' dir='ltr'><strong>comparaverit</strong></span> <span class='ocrx_word' id='word_1_449' title='bbox 1594 3035 1733 3115; x_wconf 87' lang='lat' dir='ltr'><strong>Regnum</strong></span> <span class='ocrx_word' id='word_1_450' title='bbox 1746 3051 1816 3098; x_wconf 92' lang='lat' dir='ltr'><strong>cae·.</strong></span> 
     </span>
     <span class='ocr_line' id='line_1_35' title="bbox 38 3117 1812 3201; baseline 0.001 -22"><span class='ocrx_word' id='word_1_451' title='bbox 38 3117 181 3196; x_wconf 88' lang='lat' dir='ltr'><strong>pientes,</strong></span> <span class='ocrx_word' id='word_1_452' title='bbox 196 3135 298 3200; x_wconf 89' lang='lat' dir='ltr'><strong>neque</strong></span> <span class='ocrx_word' id='word_1_453' title='bbox 316 3122 512 3201; x_wconf 87' lang='lat' dir='ltr'><strong>cogitantes,</strong></span> <span class='ocrx_word' id='word_1_454' title='bbox 535 3121 572 3182; x_wconf 91' lang='lat' dir='ltr'><strong>ad</strong></span> <span class='ocrx_word' id='word_1_455' title='bbox 596 3118 667 3184; x_wconf 89' lang='lat' dir='ltr'><strong>iidei</strong></span> <span class='ocrx_word' id='word_1_456' title='bbox 683 3120 839 3183; x_wconf 87' lang='lat' dir='ltr'><strong>veritatem</strong></span> <span class='ocrx_word' id='word_1_457' title='bbox 854 3164 864 3194; x_wconf 95' lang='lat'><strong>,</strong></span> <span class='ocrx_word' id='word_1_458' title='bbox 881 3124 912 3182; x_wconf 90' lang='lat' dir='ltr'><strong>et</strong></span> <span class='ocrx_word' id='word_1_459' title='bbox 954 3117 1052 3182; x_wconf 90' lang='lat' dir='ltr'><strong>lorum</strong></span> <span class='ocrx_word' id='word_1_460' title='bbox 1069 3123 1211 3186; x_wconf 88' lang='lat' dir='ltr'><strong>thesauro</strong></span> <span class='ocrx_word' id='word_1_461' title='bbox 1227 3125 1294 3184; x_wconf 88' lang='lat' dir='ltr'><strong>sino</strong></span> <span class='ocrx_word' id='word_1_462' title='bbox 1309 3121 1416 3184; x_wconf 89' lang='lat' dir='ltr'><strong>labore</strong></span> <span class='ocrx_word' id='word_1_463' title='bbox 1432 3126 1461 3182; x_wconf 90' lang='lat' dir='ltr'><strong>et</strong></span> <span class='ocrx_word' id='word_1_464' title='bbox 1475 3136 1550 3184; x_wconf 90' lang='lat' dir='ltr'><strong>casu</strong></span> <span class='ocrx_word' id='word_1_465' title='bbox 1573 3125 1709 3196; x_wconf 87' lang='lat' dir='ltr'><strong>reperto,</strong></span> <span class='ocrx_word' id='word_1_466' title='bbox 1727 3123 1757 3180; x_wconf 88' lang='lat' dir='ltr'><strong>et</strong></span> <span class='ocrx_word' id='word_1_467' title='bbox 1778 3119 1812 3181; x_wconf 93' lang='lat' dir='ltr'><strong>in</strong></span> 
     </span>
     <span class='ocr_line' id='line_1_36' title="bbox 39 3201 1815 3283; baseline -0.001 -17"><span class='ocrx_word' id='word_1_468' title='bbox 39 3201 297 3266; x_wconf 88' lang='lat' dir='ltr'><strong>ardentissimam</strong></span> <span class='ocrx_word' id='word_1_469' title='bbox 320 3203 513 3278; x_wconf 90' lang='lat' dir='ltr'><strong>charitatem,</strong></span> <span class='ocrx_word' id='word_1_470' title='bbox 535 3211 628 3281; x_wconf 84' lang='lat' dir='ltr'><strong>atauo</strong></span> <span class='ocrx_word' id='word_1_471' title='bbox 644 3204 723 3267; x_wconf 91' lang='lat' dir='ltr'><strong>adeo</strong></span> <span class='ocrx_word' id='word_1_472' title='bbox 739 3203 776 3266; x_wconf 90' lang='lat' dir='ltr'><strong>ad</strong></span> <span class='ocrx_word' id='word_1_473' title='bbox 794 3210 910 3266; x_wconf 90' lang='lat' dir='ltr'><strong>certam</strong></span> <span class='ocrx_word' id='word_1_474' title='bbox 957 3206 1130 3280; x_wconf 89' lang='lat' dir='ltr'><strong>posteriore</strong></span> <span class='ocrx_word' id='word_1_475' title='bbox 1144 3207 1244 3270; x_wconf 89' lang='lat' dir='ltr'><strong>simile</strong></span> <span class='ocrx_word' id='word_1_476' title='bbox 1260 3221 1330 3268; x_wconf 88' lang='lat' dir='ltr'><strong>esse</strong></span> <span class='ocrx_word' id='word_1_477' title='bbox 1357 3204 1467 3267; x_wconf 84' lang='lat' dir='ltr'><strong>dixerit</strong></span> <span class='ocrx_word' id='word_1_478' title='bbox 1492 3203 1671 3281; x_wconf 89' lang='lat' dir='ltr'><strong>margaritae</strong></span> <span class='ocrx_word' id='word_1_479' title='bbox 1687 3219 1703 3264; x_wconf 90' lang='lat' dir='ltr'><strong>a</strong></span> <span class='ocrx_word' id='word_1_480' title='bbox 1718 3218 1815 3283; x_wconf 90' lang='lat' dir='ltr'><strong>nego·</strong></span> 
     </span>
     <span class='ocr_line' id='line_1_37' title="bbox 39 3285 1793 3369; baseline -0.002 -19"><span class='ocrx_word' id='word_1_481' title='bbox 39 3285 911 3366; x_wconf 85' lang='lat' dir='ltr'><strong>spemritaeaeternaenbttnendaeperveniant:atque</strong></span> <span class='ocrx_word' id='word_1_482' title='bbox 955 3286 1688 3369; x_wconf 83' lang='lat' dir='ltr'><strong>tiatoremagnolaboreetstudioconquisitae.</strong></span> <span class='ocrx_word' id='word_1_483' title='bbox 1723 3333 1726 3344; x_wconf 92' lang='lat'><strong>.</strong></span> <span class='ocrx_word' id='word_1_484' title='bbox 1790 3341 1793 3350; x_wconf 61' lang='lat'><strong>.</strong></span> 
     </span>
     <span class='ocr_line' id='line_1_38' title="bbox 40 3369 1814 3452; baseline 0 -20"><span class='ocrx_word' id='word_1_485' title='bbox 40 3369 98 3432; x_wconf 85' lang='lat' dir='ltr'><strong>isti</strong></span> <span class='ocrx_word' id='word_1_486' title='bbox 116 3370 400 3450; x_wconf 82' lang='lat' dir='ltr'><strong>thesaurum,auod</strong></span> <span class='ocrx_word' id='word_1_487' title='bbox 416 3371 452 3434; x_wconf 93' lang='lat' dir='ltr'><strong>ad</strong></span> <span class='ocrx_word' id='word_1_488' title='bbox 469 3388 505 3436; x_wconf 88' lang='lat' dir='ltr'><strong>se</strong></span> <span class='ocrx_word' id='word_1_489' title='bbox 519 3370 715 3444; x_wconf 87' lang='lat' dir='ltr'><strong>aitinei,casu</strong></span> <span class='ocrx_word' id='word_1_490' title='bbox 733 3369 911 3452; x_wconf 81' lang='lat' dir='ltr'><strong>inueniunt3</strong></span> <span class='ocrx_word' id='word_1_491' title='bbox 958 3439 961 3444; x_wconf 59' lang='grc'><strong>,</strong></span> <span class='ocrx_word' id='word_1_492' title='bbox 998 3369 1076 3434; x_wconf 90' lang='lat' dir='ltr'><strong>illud</strong></span> <span class='ocrx_word' id='word_1_493' title='bbox 1093 3378 1342 3451; x_wconf 86' lang='lat' dir='ltr'><strong>nnncsupcrost.</strong></span> <span class='ocrx_word' id='word_1_494' title='bbox 1360 3378 1393 3433; x_wconf 90' lang='lat' dir='ltr'><strong>nt</strong></span> <span class='ocrx_word' id='word_1_495' title='bbox 1405 3369 1506 3434; x_wconf 89' lang='lat' dir='ltr'><strong>anima</strong></span> <span class='ocrx_word' id='word_1_496' title='bbox 1522 3370 1691 3432; x_wconf 87' lang='lat' dir='ltr'><strong>Christiana</strong></span> <span class='ocrx_word' id='word_1_497' title='bbox 1707 3385 1814 3432; x_wconf 90' lang='lat' dir='ltr'><strong>secum</strong></span> 
     </span>
     <span class='ocr_line' id='line_1_39' title="bbox 40 3451 1814 3534; baseline -0.001 -18"><span class='ocrx_word' id='word_1_498' title='bbox 40 3456 187 3534; x_wconf 79' lang='lat' dir='ltr'><strong>quamvis</strong></span> <span class='ocrx_word' id='word_1_499' title='bbox 204 3451 290 3518; x_wconf 87' lang='lat' dir='ltr'><strong>Dans</strong></span> <span class='ocrx_word' id='word_1_500' title='bbox 306 3473 367 3520; x_wconf 93' lang='lat' dir='ltr'><strong>non</strong></span> <span class='ocrx_word' id='word_1_501' title='bbox 384 3472 481 3532; x_wconf 89' lang='lat' dir='ltr'><strong>casu,</strong></span> <span class='ocrx_word' id='word_1_502' title='bbox 504 3457 560 3519; x_wconf 90' lang='lat' dir='ltr'><strong>sed</strong></span> <span class='ocrx_word' id='word_1_503' title='bbox 593 3464 717 3518; x_wconf 91' lang='lat' dir='ltr'><strong>aeterna</strong></span> <span class='ocrx_word' id='word_1_504' title='bbox 750 3457 913 3532; x_wconf 82' lang='lat' dir='ltr'><strong>prouiden·</strong></span> <span class='ocrx_word' id='word_1_505' title='bbox 957 3453 1036 3533; x_wconf 79' lang='lat' dir='ltr'><strong>ipsa&#39;.</strong></span> <span class='ocrx_word' id='word_1_506' title='bbox 1054 3461 1086 3518; x_wconf 89' lang='lat' dir='ltr'><strong>et</strong></span> <span class='ocrx_word' id='word_1_507' title='bbox 1097 3473 1200 3520; x_wconf 88' lang='lat' dir='ltr'><strong>coram</strong></span> <span class='ocrx_word' id='word_1_508' title='bbox 1217 3456 1292 3528; x_wconf 88' lang='lat' dir='ltr'><strong>ileo,</strong></span> <span class='ocrx_word' id='word_1_509' title='bbox 1310 3456 1438 3519; x_wconf 89' lang='lat' dir='ltr'><strong>semotis</strong></span> <span class='ocrx_word' id='word_1_510' title='bbox 1453 3454 1490 3514; x_wconf 91' lang='lat' dir='ltr'><strong>ad</strong></span> <span class='ocrx_word' id='word_1_511' title='bbox 1505 3460 1627 3532; x_wconf 88' lang='lat' dir='ltr'><strong>tempus</strong></span> <span class='ocrx_word' id='word_1_512' title='bbox 1640 3454 1814 3532; x_wconf 90' lang='lat' dir='ltr'><strong>occupatio·</strong></span> 
     </span>
     <span class='ocr_line' id='line_1_40' title="bbox 37 3537 1816 3620; baseline 0.001 -20"><span class='ocrx_word' id='word_1_513' title='bbox 37 3539 82 3600; x_wconf 89' lang='lat' dir='ltr'><strong>tia</strong></span> <span class='ocrx_word' id='word_1_514' title='bbox 107 3554 162 3600; x_wconf 87' lang='lat' dir='ltr'><strong>sua</strong></span> <span class='ocrx_word' id='word_1_515' title='bbox 190 3539 228 3600; x_wconf 91' lang='lat' dir='ltr'><strong>ad</strong></span> <span class='ocrx_word' id='word_1_516' title='bbox 256 3538 338 3602; x_wconf 90' lang='lat' dir='ltr'><strong>hunc</strong></span> <span class='ocrx_word' id='word_1_517' title='bbox 368 3541 495 3620; x_wconf 91' lang='lat' dir='ltr'><strong>gratiam</strong></span> <span class='ocrx_word' id='word_1_518' title='bbox 519 3545 550 3601; x_wconf 90' lang='lat' dir='ltr'><strong>ot</strong></span> <span class='ocrx_word' id='word_1_519' title='bbox 572 3537 702 3602; x_wconf 90' lang='lat' dir='ltr'><strong>iutnram</strong></span> <span class='ocrx_word' id='word_1_520' title='bbox 719 3538 848 3619; x_wconf 88' lang='lat' dir='ltr'><strong>gloriam</strong></span> <span class='ocrx_word' id='word_1_521' title='bbox 877 3538 911 3599; x_wconf 90' lang='lat' dir='ltr'><strong>il·</strong></span> <span class='ocrx_word' id='word_1_522' title='bbox 957 3537 1051 3601; x_wconf 91' lang='lat' dir='ltr'><strong>uihns</strong></span> <span class='ocrx_word' id='word_1_523' title='bbox 1076 3541 1145 3604; x_wconf 90' lang='lat' dir='ltr'><strong>aliis</strong></span> <span class='ocrx_word' id='word_1_524' title='bbox 1160 3587 1168 3619; x_wconf 87' lang='lat'><strong>‚</strong></span> <span class='ocrx_word' id='word_1_525' title='bbox 1185 3541 1268 3604; x_wconf 83' lang='lat' dir='ltr'><strong>serio</strong></span> <span class='ocrx_word' id='word_1_526' title='bbox 1290 3543 1429 3617; x_wconf 88' lang='lat' dir='ltr'><strong>reputet,</strong></span> <span class='ocrx_word' id='word_1_527' title='bbox 1447 3544 1477 3601; x_wconf 95' lang='lat' dir='ltr'><strong>et</strong></span> <span class='ocrx_word' id='word_1_528' title='bbox 1492 3538 1653 3618; x_wconf 80' lang='lat' dir='ltr'><strong>¹pualissit</strong></span> <span class='ocrx_word' id='word_1_529' title='bbox 1668 3537 1746 3600; x_wconf 89' lang='lat' dir='ltr'><strong>haec</strong></span> <span class='ocrx_word' id='word_1_530' title='bbox 1760 3552 1816 3616; x_wconf 54' lang='lat' dir='ltr'><strong>ue&lt;</strong></span> 
     </span>
     <span class='ocr_line' id='line_1_41' title="bbox 39 3619 1814 3702; baseline -0.001 -18"><span class='ocrx_word' id='word_1_531' title='bbox 39 3619 95 3684; x_wconf 89' lang='lat' dir='ltr'><strong>los</strong></span> <span class='ocrx_word' id='word_1_532' title='bbox 111 3621 350 3702; x_wconf 81' lang='lat' dir='ltr'><strong>praeordinavit.</strong></span> <span class='ocrx_word' id='word_1_533' title='bbox 366 3621 453 3686; x_wconf 81' lang='lat' dir='ltr'><strong>Alios</strong></span> <span class='ocrx_word' id='word_1_534' title='bbox 470 3639 542 3686; x_wconf 86' lang='lat' dir='ltr'><strong>sero</strong></span> <span class='ocrx_word' id='word_1_535' title='bbox 558 3623 641 3686; x_wconf 89' lang='lat' dir='ltr'><strong>beas</strong></span> <span class='ocrx_word' id='word_1_536' title='bbox 664 3622 823 3701; x_wconf 86' lang='lat' dir='ltr'><strong>praevenit</strong></span> <span class='ocrx_word' id='word_1_537' title='bbox 842 3621 909 3702; x_wconf 91' lang='lat' dir='ltr'><strong>qui·</strong></span> <span class='ocrx_word' id='word_1_538' title='bbox 956 3621 1094 3701; x_wconf 91' lang='lat' dir='ltr'><strong>gotiatio,</strong></span> <span class='ocrx_word' id='word_1_539' title='bbox 1111 3641 1201 3700; x_wconf 87' lang='lat' dir='ltr'><strong>auam</strong></span> <span class='ocrx_word' id='word_1_540' title='bbox 1217 3623 1302 3687; x_wconf 86' lang='lat' dir='ltr'><strong>atriis</strong></span> <span class='ocrx_word' id='word_1_541' title='bbox 1318 3628 1349 3686; x_wconf 91' lang='lat' dir='ltr'><strong>et</strong></span> <span class='ocrx_word' id='word_1_542' title='bbox 1364 3639 1455 3699; x_wconf 84' lang='lat' dir='ltr'><strong>auam</strong></span> <span class='ocrx_word' id='word_1_543' title='bbox 1471 3620 1569 3688; x_wconf 90' lang='lat' dir='ltr'><strong>iacilis</strong></span> <span class='ocrx_word' id='word_1_544' title='bbox 1585 3621 1644 3684; x_wconf 88' lang='lat' dir='ltr'><strong>hoa</strong></span> <span class='ocrx_word' id='word_1_545' title='bbox 1661 3627 1814 3702; x_wconf 86' lang='lat' dir='ltr'><strong>tempore;</strong></span> 
     </span>
     <span class='ocr_line' id='line_1_42' title="bbox 40 3703 1816 3787; baseline 0 -19"><span class='ocrx_word' id='word_1_546' title='bbox 40 3703 116 3768; x_wconf 90' lang='lat' dir='ltr'><strong>dem</strong></span> <span class='ocrx_word' id='word_1_547' title='bbox 136 3708 232 3787; x_wconf 89' lang='lat' dir='ltr'><strong>gratia</strong></span> <span class='ocrx_word' id='word_1_548' title='bbox 247 3723 315 3786; x_wconf 91' lang='lat' dir='ltr'><strong>sua,</strong></span> <span class='ocrx_word' id='word_1_549' title='bbox 332 3709 388 3770; x_wconf 88' lang='grc' dir='ltr'><strong>εει</strong></span> <span class='ocrx_word' id='word_1_550' title='bbox 404 3722 466 3770; x_wconf 89' lang='lat' dir='ltr'><strong>non</strong></span> <span class='ocrx_word' id='word_1_551' title='bbox 484 3707 631 3771; x_wconf 89' lang='lat' dir='ltr'><strong>continuo</strong></span> <span class='ocrx_word' id='word_1_552' title='bbox 654 3707 833 3770; x_wconf 89' lang='lat' dir='ltr'><strong>thesaurum</strong></span> <span class='ocrx_word' id='word_1_553' title='bbox 850 3707 911 3772; x_wconf 88' lang='lat' dir='ltr'><strong>illis</strong></span> <span class='ocrx_word' id='word_1_554' title='bbox 957 3710 988 3769; x_wconf 91' lang='lat' dir='ltr'><strong>et</strong></span> <span class='ocrx_word' id='word_1_555' title='bbox 1002 3723 1092 3782; x_wconf 86' lang='lat' dir='ltr'><strong>auam</strong></span> <span class='ocrx_word' id='word_1_556' title='bbox 1106 3705 1253 3783; x_wconf 86' lang='lat' dir='ltr'><strong>difficilis,</strong></span> <span class='ocrx_word' id='word_1_557' title='bbox 1271 3707 1318 3769; x_wconf 89' lang='lat' dir='ltr'><strong>rel</strong></span> <span class='ocrx_word' id='word_1_558' title='bbox 1335 3709 1438 3786; x_wconf 91' lang='lat' dir='ltr'><strong>potins</strong></span> <span class='ocrx_word' id='word_1_559' title='bbox 1455 3704 1669 3784; x_wconf 90' lang='lat' dir='ltr'><strong>impossibilis.</strong></span> <span class='ocrx_word' id='word_1_560' title='bbox 1682 3708 1708 3768; x_wconf 91' lang='lat' dir='ltr'><strong>si</strong></span> <span class='ocrx_word' id='word_1_561' title='bbox 1727 3721 1816 3784; x_wconf 84' lang='lat' dir='ltr'><strong>prae·</strong></span> 
     </span>
     <span class='ocr_line' id='line_1_43' title="bbox 40 3788 1814 3871; baseline -0.001 -19"><span class='ocrx_word' id='word_1_562' title='bbox 40 3789 195 3866; x_wconf 89' lang='lat' dir='ltr'><strong>ostendit,</strong></span> <span class='ocrx_word' id='word_1_563' title='bbox 206 3793 267 3854; x_wconf 81' lang='grc' dir='ltr'><strong>ἐει</strong></span> <span class='ocrx_word' id='word_1_564' title='bbox 285 3790 413 3871; x_wconf 88' lang='lat' dir='ltr'><strong>inspirat</strong></span> <span class='ocrx_word' id='word_1_565' title='bbox 429 3789 617 3855; x_wconf 90' lang='lat' dir='ltr'><strong>desideriam</strong></span> <span class='ocrx_word' id='word_1_566' title='bbox 639 3789 844 3870; x_wconf 83' lang='lat' dir='ltr'><strong>inquirendae</strong></span> <span class='ocrx_word' id='word_1_567' title='bbox 859 3805 909 3854; x_wconf 85' lang='lat' dir='ltr'><strong>re·</strong></span> <span class='ocrx_word' id='word_1_568' title='bbox 956 3791 1090 3854; x_wconf 89' lang='lat' dir='ltr'><strong>sentium</strong></span> <span class='ocrx_word' id='word_1_569' title='bbox 1107 3793 1312 3854; x_wconf 91' lang='lat' dir='ltr'><strong>nundinarum</strong></span> <span class='ocrx_word' id='word_1_570' title='bbox 1328 3791 1483 3866; x_wconf 85' lang='lat' dir='ltr'><strong>amittatur</strong></span> <span class='ocrx_word' id='word_1_571' title='bbox 1495 3793 1632 3854; x_wconf 88' lang='lat' dir='ltr'><strong>occasio.</strong></span> <span class='ocrx_word' id='word_1_572' title='bbox 1657 3789 1744 3852; x_wconf 80' lang='lat' dir='ltr'><strong>Certe</strong></span> <span class='ocrx_word' id='word_1_573' title='bbox 1757 3788 1814 3853; x_wconf 89' lang='lat' dir='ltr'><strong>tilii</strong></span> 
     </span>
     <span class='ocr_line' id='line_1_44' title="bbox 39 3871 1813 3955; baseline -0.001 -17"><span class='ocrx_word' id='word_1_574' title='bbox 39 3874 155 3946; x_wconf 82' lang='lat' dir='ltr'><strong>nitatis,</strong></span> <span class='ocrx_word' id='word_1_575' title='bbox 173 3890 292 3952; x_wconf 81' lang='lat' dir='ltr'><strong>eosque</strong></span> <span class='ocrx_word' id='word_1_576' title='bbox 307 3874 378 3938; x_wconf 90' lang='lat' dir='ltr'><strong>iacit</strong></span> <span class='ocrx_word' id='word_1_577' title='bbox 393 3875 547 3938; x_wconf 88' lang='lat' dir='ltr'><strong>sollicitos</strong></span> <span class='ocrx_word' id='word_1_578' title='bbox 562 3873 792 3955; x_wconf 89' lang='lat' dir='ltr'><strong>negotiatores,</strong></span> <span class='ocrx_word' id='word_1_579' title='bbox 819 3881 911 3951; x_wconf 83' lang='lat' dir='ltr'><strong>atque</strong></span> <span class='ocrx_word' id='word_1_580' title='bbox 953 3871 1047 3938; x_wconf 92' lang='lat' dir='ltr'><strong>buius</strong></span> <span class='ocrx_word' id='word_1_581' title='bbox 1075 3877 1192 3938; x_wconf 91' lang='lat' dir='ltr'><strong>saeculi</strong></span> <span class='ocrx_word' id='word_1_582' title='bbox 1218 3891 1280 3938; x_wconf 92' lang='lat' dir='ltr'><strong>non</strong></span> <span class='ocrx_word' id='word_1_583' title='bbox 1304 3873 1586 3954; x_wconf 88' lang='lat' dir='ltr'><strong>praetermitterent</strong></span> <span class='ocrx_word' id='word_1_584' title='bbox 1614 3875 1813 3938; x_wconf 87' lang='lat' dir='ltr'><strong>occasionem</strong></span> 
     </span>
     <span class='ocr_line' id='line_1_45' title="bbox 42 3956 1814 4039; baseline -0.002 -17"><span class='ocrx_word' id='word_1_585' title='bbox 42 3959 172 4022; x_wconf 86' lang='lat' dir='ltr'><strong>adiurat</strong></span> <span class='ocrx_word' id='word_1_586' title='bbox 186 3964 217 4020; x_wconf 89' lang='lat' dir='ltr'><strong>et</strong></span> <span class='ocrx_word' id='word_1_587' title='bbox 229 3957 343 4039; x_wconf 89' lang='lat' dir='ltr'><strong>dirigit,</strong></span> <span class='ocrx_word' id='word_1_588' title='bbox 360 3957 459 4023; x_wconf 90' lang='lat' dir='ltr'><strong>donec</strong></span> <span class='ocrx_word' id='word_1_589' title='bbox 471 3957 631 4022; x_wconf 83' lang='lat' dir='ltr'><strong>inveniant</strong></span> <span class='ocrx_word' id='word_1_590' title='bbox 648 3959 812 4036; x_wconf 89' lang='lat' dir='ltr'><strong>pretiosam</strong></span> <span class='ocrx_word' id='word_1_591' title='bbox 830 3973 908 4020; x_wconf 90' lang='lat' dir='ltr'><strong>mar·</strong></span> <span class='ocrx_word' id='word_1_592' title='bbox 953 3959 1077 4020; x_wconf 88' lang='lat' dir='ltr'><strong>emendi</strong></span> <span class='ocrx_word' id='word_1_593' title='bbox 1093 3961 1381 4038; x_wconf 85' lang='lat' dir='ltr'><strong>margaritam,quae</strong></span> <span class='ocrx_word' id='word_1_594' title='bbox 1399 3957 1508 4020; x_wconf 90' lang='lat' dir='ltr'><strong>multis</strong></span> <span class='ocrx_word' id='word_1_595' title='bbox 1520 3956 1658 4020; x_wconf 89' lang='lat' dir='ltr'><strong>millibus</strong></span> <span class='ocrx_word' id='word_1_596' title='bbox 1675 3973 1814 4021; x_wconf 90' lang='lat' dir='ltr'><strong>nummo·</strong></span> 
     </span>
     <span class='ocr_line' id='line_1_46' title="bbox 40 4039 1816 4122; baseline 0.001 -20"><span class='ocrx_word' id='word_1_597' title='bbox 40 4039 187 4122; x_wconf 89' lang='lat' dir='ltr'><strong>gariiam.</strong></span> <span class='ocrx_word' id='word_1_598' title='bbox 209 4041 360 4121; x_wconf 82' lang='lat' dir='ltr'><strong>Exemplo</strong></span> <span class='ocrx_word' id='word_1_599' title='bbox 377 4042 467 4106; x_wconf 92' lang='lat' dir='ltr'><strong>nobis</strong></span> <span class='ocrx_word' id='word_1_600' title='bbox 489 4049 580 4105; x_wconf 91' lang='lat' dir='ltr'><strong>erunt</strong></span> <span class='ocrx_word' id='word_1_601' title='bbox 603 4049 730 4106; x_wconf 91' lang='lat' dir='ltr'><strong>sanctus</strong></span> <span class='ocrx_word' id='word_1_602' title='bbox 752 4040 863 4104; x_wconf 80' lang='lat' dir='ltr'><strong>Paulus</strong></span> <span class='ocrx_word' id='word_1_603' title='bbox 879 4048 909 4106; x_wconf 88' lang='grc' dir='ltr'><strong>ει</strong></span> <span class='ocrx_word' id='word_1_604' title='bbox 953 4056 1021 4104; x_wconf 87' lang='lat' dir='ltr'><strong>rum</strong></span> <span class='ocrx_word' id='word_1_605' title='bbox 1035 4059 1197 4107; x_wconf 87' lang='lat' dir='ltr'><strong>aureorum</strong></span> <span class='ocrx_word' id='word_1_606' title='bbox 1213 4043 1303 4105; x_wconf 86' lang='lat' dir='ltr'><strong>rendi</strong></span> <span class='ocrx_word' id='word_1_607' title='bbox 1320 4043 1443 4122; x_wconf 90' lang='lat' dir='ltr'><strong>poterit,</strong></span> <span class='ocrx_word' id='word_1_608' title='bbox 1460 4048 1490 4104; x_wconf 88' lang='lat' dir='ltr'><strong>et</strong></span> <span class='ocrx_word' id='word_1_609' title='bbox 1506 4057 1588 4104; x_wconf 87' lang='lat' dir='ltr'><strong>nunc</strong></span> <span class='ocrx_word' id='word_1_610' title='bbox 1601 4042 1632 4102; x_wconf 93' lang='lat' dir='ltr'><strong>in</strong></span> <span class='ocrx_word' id='word_1_611' title='bbox 1645 4041 1816 4120; x_wconf 85' lang='lat' dir='ltr'><strong>praesenti·</strong></span> 
     </span>
     <span class='ocr_line' id='line_1_47' title="bbox 42 4122 1817 4206; baseline 0.001 -19"><span class='ocrx_word' id='word_1_612' title='bbox 42 4125 179 4188; x_wconf 88' lang='lat' dir='ltr'><strong>Sanctus</strong></span> <span class='ocrx_word' id='word_1_613' title='bbox 193 4125 396 4206; x_wconf 79' lang='lat' dir='ltr'><strong>Augustinus.</strong></span> <span class='ocrx_word' id='word_1_614' title='bbox 414 4125 545 4190; x_wconf 88' lang='lat' dir='ltr'><strong>Sanctus</strong></span> <span class='ocrx_word' id='word_1_615' title='bbox 561 4123 675 4189; x_wconf 89' lang='lat' dir='ltr'><strong>Paulus</strong></span> <span class='ocrx_word' id='word_1_616' title='bbox 698 4142 760 4188; x_wconf 90' lang='lat' dir='ltr'><strong>non</strong></span> <span class='ocrx_word' id='word_1_617' title='bbox 779 4141 908 4203; x_wconf 84' lang='lat' dir='ltr'><strong>quaere·</strong></span> <span class='ocrx_word' id='word_1_618' title='bbox 953 4122 1014 4188; x_wconf 93' lang='lat' dir='ltr'><strong>bus</strong></span> <span class='ocrx_word' id='word_1_619' title='bbox 1032 4125 1181 4190; x_wconf 90' lang='lat' dir='ltr'><strong>nundinis</strong></span> <span class='ocrx_word' id='word_1_620' title='bbox 1195 4132 1319 4190; x_wconf 89' lang='lat' dir='ltr'><strong>centum</strong></span> <span class='ocrx_word' id='word_1_621' title='bbox 1338 4125 1474 4188; x_wconf 90' lang='lat' dir='ltr'><strong>nummis</strong></span> <span class='ocrx_word' id='word_1_622' title='bbox 1495 4127 1652 4206; x_wconf 89' lang='lat' dir='ltr'><strong>argenteis</strong></span> <span class='ocrx_word' id='word_1_623' title='bbox 1677 4127 1738 4188; x_wconf 89' lang='lat' dir='ltr'><strong>emi</strong></span> <span class='ocrx_word' id='word_1_624' title='bbox 1761 4140 1817 4205; x_wconf 88' lang='lat' dir='ltr'><strong>po·</strong></span> 
     </span>
     <span class='ocr_line' id='line_1_48' title="bbox 40 4205 1816 4291; baseline -0.001 -17"><span class='ocrx_word' id='word_1_625' title='bbox 40 4207 98 4274; x_wconf 90' lang='lat' dir='ltr'><strong>bat</strong></span> <span class='ocrx_word' id='word_1_626' title='bbox 113 4208 293 4272; x_wconf 86' lang='lat' dir='ltr'><strong>thesaurum</strong></span> <span class='ocrx_word' id='word_1_627' title='bbox 309 4227 428 4289; x_wconf 89' lang='lat' dir='ltr'><strong>rerum,</strong></span> <span class='ocrx_word' id='word_1_628' title='bbox 453 4211 505 4288; x_wconf 84' lang='lat' dir='ltr'><strong>aui</strong></span> <span class='ocrx_word' id='word_1_629' title='bbox 523 4214 571 4274; x_wconf 89' lang='lat' dir='ltr'><strong>est</strong></span> <span class='ocrx_word' id='word_1_630' title='bbox 586 4205 738 4283; x_wconf 87' lang='lat' dir='ltr'><strong>Christus,</strong></span> <span class='ocrx_word' id='word_1_631' title='bbox 762 4210 817 4272; x_wconf 89' lang='lat' dir='ltr'><strong>sed</strong></span> <span class='ocrx_word' id='word_1_632' title='bbox 841 4225 909 4288; x_wconf 89' lang='lat' dir='ltr'><strong>per·</strong></span> <span class='ocrx_word' id='word_1_633' title='bbox 953 4213 1026 4285; x_wconf 88' lang='lat' dir='ltr'><strong>lest,</strong></span> <span class='ocrx_word' id='word_1_634' title='bbox 1040 4209 1161 4291; x_wconf 83' lang='lat' dir='ltr'><strong>etiamsi</strong></span> <span class='ocrx_word' id='word_1_635' title='bbox 1175 4226 1255 4285; x_wconf 89' lang='lat' dir='ltr'><strong>opus</strong></span> <span class='ocrx_word' id='word_1_636' title='bbox 1279 4209 1340 4273; x_wconf 93' lang='lat' dir='ltr'><strong>iltis</strong></span> <span class='ocrx_word' id='word_1_637' title='bbox 1366 4213 1451 4272; x_wconf 89' lang='lat' dir='ltr'><strong>esset</strong></span> <span class='ocrx_word' id='word_1_638' title='bbox 1472 4210 1509 4270; x_wconf 89' lang='lat' dir='ltr'><strong>ad</strong></span> <span class='ocrx_word' id='word_1_639' title='bbox 1526 4224 1649 4272; x_wconf 90' lang='lat' dir='ltr'><strong>usuram</strong></span> <span class='ocrx_word' id='word_1_640' title='bbox 1671 4209 1816 4288; x_wconf 80' lang='lat' dir='ltr'><strong>gravissi·</strong></span> 
     </span>
     <span class='ocr_line' id='line_1_49' title="bbox 41 4290 1816 4372; baseline -0.001 -16"><span class='ocrx_word' id='word_1_641' title='bbox 41 4293 236 4372; x_wconf 88' lang='lat' dir='ltr'><strong>sequebatur</strong></span> <span class='ocrx_word' id='word_1_642' title='bbox 252 4290 407 4358; x_wconf 84' lang='lat' dir='ltr'><strong>Christum</strong></span> <span class='ocrx_word' id='word_1_643' title='bbox 430 4301 464 4357; x_wconf 91' lang='lat' dir='ltr'><strong>ut</strong></span> <span class='ocrx_word' id='word_1_644' title='bbox 477 4293 688 4370; x_wconf 88' lang='lat' dir='ltr'><strong>seductorem,</strong></span> <span class='ocrx_word' id='word_1_645' title='bbox 712 4299 744 4358; x_wconf 90' lang='grc' dir='ltr'><strong>ει</strong></span> <span class='ocrx_word' id='word_1_646' title='bbox 765 4290 909 4356; x_wconf 83' lang='lat' dir='ltr'><strong>Christia-</strong></span> <span class='ocrx_word' id='word_1_647' title='bbox 955 4309 1034 4354; x_wconf 91' lang='lat' dir='ltr'><strong>mam</strong></span> <span class='ocrx_word' id='word_1_648' title='bbox 1051 4300 1174 4356; x_wconf 87' lang='lat' dir='ltr'><strong>centurn</strong></span> <span class='ocrx_word' id='word_1_649' title='bbox 1190 4295 1260 4357; x_wconf 88' lang='lat' dir='ltr'><strong>ilios</strong></span> <span class='ocrx_word' id='word_1_650' title='bbox 1273 4309 1417 4356; x_wconf 89' lang='lat' dir='ltr'><strong>nummos</strong></span> <span class='ocrx_word' id='word_1_651' title='bbox 1432 4299 1597 4370; x_wconf 88' lang='lat' dir='ltr'><strong>argenteas</strong></span> <span class='ocrx_word' id='word_1_652' title='bbox 1612 4292 1768 4371; x_wconf 87' lang='lat' dir='ltr'><strong>accipere:</strong></span> <span class='ocrx_word' id='word_1_653' title='bbox 1784 4297 1816 4355; x_wconf 88' lang='grc' dir='ltr'><strong>ει</strong></span> 
     </span>
     <span class='ocr_line' id='line_1_50' title="bbox 41 4374 1814 4456; baseline -0.001 -16"><span class='ocrx_word' id='word_1_654' title='bbox 41 4393 103 4440; x_wconf 91' lang='lat' dir='ltr'><strong>nos</strong></span> <span class='ocrx_word' id='word_1_655' title='bbox 119 4380 153 4440; x_wconf 91' lang='lat' dir='ltr'><strong>ut</strong></span> <span class='ocrx_word' id='word_1_656' title='bbox 167 4376 337 4441; x_wconf 87' lang='lat' dir='ltr'><strong>seductos:</strong></span> <span class='ocrx_word' id='word_1_657' title='bbox 356 4383 469 4440; x_wconf 92' lang='lat' dir='ltr'><strong>etcum</strong></span> <span class='ocrx_word' id='word_1_658' title='bbox 486 4383 571 4441; x_wconf 90' lang='lat' dir='ltr'><strong>esset</strong></span> <span class='ocrx_word' id='word_1_659' title='bbox 588 4379 618 4439; x_wconf 92' lang='lat' dir='ltr'><strong>in</strong></span> <span class='ocrx_word' id='word_1_660' title='bbox 644 4379 753 4440; x_wconf 90' lang='lat' dir='ltr'><strong>itinere</strong></span> <span class='ocrx_word' id='word_1_661' title='bbox 775 4377 908 4454; x_wconf 83' lang='lat' dir='ltr'><strong>spirans</strong></span> <span class='ocrx_word' id='word_1_662' title='bbox 953 4374 1010 4437; x_wconf 90' lang='lat' dir='ltr'><strong>illii</strong></span> <span class='ocrx_word' id='word_1_663' title='bbox 1026 4376 1104 4440; x_wconf 90' lang='lat' dir='ltr'><strong>lucis</strong></span> <span class='ocrx_word' id='word_1_664' title='bbox 1120 4384 1180 4440; x_wconf 79' lang='lat' dir='ltr'><strong>mm</strong></span> <span class='ocrx_word' id='word_1_665' title='bbox 1196 4377 1409 4456; x_wconf 89' lang='lat' dir='ltr'><strong>imprudentes</strong></span> <span class='ocrx_word' id='word_1_666' title='bbox 1422 4382 1523 4446; x_wconf 88' lang='lat' dir='ltr'><strong>erunt.</strong></span> <span class='ocrx_word' id='word_1_667' title='bbox 1547 4382 1580 4438; x_wconf 94' lang='lat' dir='ltr'><strong>ut</strong></span> <span class='ocrx_word' id='word_1_668' title='bbox 1596 4376 1694 4438; x_wconf 90' lang='lat' dir='ltr'><strong>nolint</strong></span> <span class='ocrx_word' id='word_1_669' title='bbox 1708 4391 1814 4440; x_wconf 87' lang='lat' dir='ltr'><strong>eruere</strong></span> 
     </span>
     <span class='ocr_line' id='line_1_51' title="bbox 40 4456 1813 4543; baseline 0 -19"><span class='ocrx_word' id='word_1_670' title='bbox 40 4462 259 4526; x_wconf 72' lang='lat' dir='ltr'><strong>mecummet</strong></span> <span class='ocrx_word' id='word_1_671' title='bbox 274 4463 384 4526; x_wconf 82' lang='grc' dir='ltr'>εαειιε</span> <span class='ocrx_word' id='word_1_672' title='bbox 397 4463 435 4526; x_wconf 85' lang='lat' dir='ltr'><strong>ia</strong></span> <span class='ocrx_word' id='word_1_673' title='bbox 447 4459 626 4540; x_wconf 86' lang='lat' dir='ltr'><strong>discipulos</strong></span> <span class='ocrx_word' id='word_1_674' title='bbox 639 4456 907 4543; x_wconf 64' lang='lat' dir='ltr'><strong>appreciatum.</strong></span> <span class='ocrx_word' id='word_1_675' title='bbox 954 4459 1161 4540; x_wconf 85' lang='lat' dir='ltr'><strong>margaritam,</strong></span> <span class='ocrx_word' id='word_1_676' title='bbox 1175 4478 1257 4538; x_wconf 65' lang='lat' dir='ltr'><strong>,quae</strong></span> <span class='ocrx_word' id='word_1_677' title='bbox 1268 4462 1339 4524; x_wconf 91' lang='lat' dir='ltr'><strong>illos</strong></span> <span class='ocrx_word' id='word_1_678' title='bbox 1354 4465 1386 4522; x_wconf 91' lang='lat' dir='ltr'><strong>in</strong></span> <span class='ocrx_word' id='word_1_679' title='bbox 1401 4464 1561 4522; x_wconf 90' lang='lat' dir='ltr'><strong>aeteruum</strong></span> <span class='ocrx_word' id='word_1_680' title='bbox 1576 4458 1685 4522; x_wconf 84' lang='lat' dir='ltr'><strong>diuites</strong></span> <span class='ocrx_word' id='word_1_681' title='bbox 1700 4467 1730 4522; x_wconf 88' lang='lat' dir='ltr'><strong>et</strong></span> <span class='ocrx_word' id='word_1_682' title='bbox 1742 4460 1813 4524; x_wconf 89' lang='lat' dir='ltr'><strong>bea·</strong></span> 
     </span>
     <span class='ocr_line' id='line_1_52' title="bbox 42 4541 1815 4628; baseline -0.001 -20"><span class='ocrx_word' id='word_1_683' title='bbox 42 4541 92 4628; x_wconf 86' lang='grc'><strong>9.)</strong></span> <span class='ocrx_word' id='word_1_684' title='bbox 109 4543 249 4608; x_wconf 79' lang='lat' dir='ltr'><strong>cbristus</strong></span> <span class='ocrx_word' id='word_1_685' title='bbox 266 4545 309 4608; x_wconf 92' lang='lat' dir='ltr'><strong>illi</strong></span> <span class='ocrx_word' id='word_1_686' title='bbox 325 4546 477 4627; x_wconf 88' lang='lat' dir='ltr'><strong>apparuit,</strong></span> <span class='ocrx_word' id='word_1_687' title='bbox 495 4550 526 4608; x_wconf 90' lang='lat' dir='ltr'><strong>et</strong></span> <span class='ocrx_word' id='word_1_688' title='bbox 540 4544 632 4608; x_wconf 91' lang='lat' dir='ltr'><strong>simul</strong></span> <span class='ocrx_word' id='word_1_689' title='bbox 650 4549 823 4608; x_wconf 79' lang='lat' dir='ltr'><strong>excaecarit</strong></span> <span class='ocrx_word' id='word_1_690' title='bbox 835 4561 908 4608; x_wconf 88' lang='lat' dir='ltr'><strong>ocu·</strong></span> <span class='ocrx_word' id='word_1_691' title='bbox 956 4549 1003 4606; x_wconf 92' lang='lat' dir='ltr'><strong>tos</strong></span> <span class='ocrx_word' id='word_1_692' title='bbox 1019 4543 1140 4618; x_wconf 86' lang='lat' dir='ltr'><strong>efficiet,</strong></span> <span class='ocrx_word' id='word_1_693' title='bbox 1158 4562 1227 4608; x_wconf 91' lang='lat' dir='ltr'><strong>cum</strong></span> <span class='ocrx_word' id='word_1_694' title='bbox 1244 4560 1346 4622; x_wconf 86' lang='lat' dir='ltr'><strong>ucauo</strong></span> <span class='ocrx_word' id='word_1_695' title='bbox 1362 4546 1511 4621; x_wconf 88' lang='lat' dir='ltr'><strong>pecunias</strong></span> <span class='ocrx_word' id='word_1_696' title='bbox 1533 4543 1571 4605; x_wconf 89' lang='lat' dir='ltr'><strong>ad</strong></span> <span class='ocrx_word' id='word_1_697' title='bbox 1593 4559 1717 4606; x_wconf 89' lang='lat' dir='ltr'><strong>usuram</strong></span> <span class='ocrx_word' id='word_1_698' title='bbox 1734 4544 1815 4608; x_wconf 90' lang='lat' dir='ltr'><strong>acci·</strong></span> 
     </span>
     <span class='ocr_line' id='line_1_53' title="bbox 41 4626 1815 4708; baseline -0.001 -18"><span class='ocrx_word' id='word_1_699' title='bbox 41 4628 91 4692; x_wconf 93' lang='lat' dir='ltr'><strong>los</strong></span> <span class='ocrx_word' id='word_1_700' title='bbox 107 4629 267 4706; x_wconf 91' lang='lat' dir='ltr'><strong>corporis,</strong></span> <span class='ocrx_word' id='word_1_701' title='bbox 289 4634 321 4692; x_wconf 89' lang='lat' dir='ltr'><strong>et</strong></span> <span class='ocrx_word' id='word_1_702' title='bbox 335 4628 517 4693; x_wconf 87' lang='lat' dir='ltr'><strong>illuminarit</strong></span> <span class='ocrx_word' id='word_1_703' title='bbox 532 4629 639 4693; x_wconf 89' lang='lat' dir='ltr'><strong>oculos</strong></span> <span class='ocrx_word' id='word_1_704' title='bbox 654 4629 758 4692; x_wconf 89' lang='lat' dir='ltr'><strong>cordis</strong></span> <span class='ocrx_word' id='word_1_705' title='bbox 785 4634 844 4691; x_wconf 90' lang='lat' dir='ltr'><strong>tam</strong></span> <span class='ocrx_word' id='word_1_706' title='bbox 861 4630 909 4690; x_wconf 88' lang='lat' dir='ltr'><strong>in·</strong></span> <span class='ocrx_word' id='word_1_707' title='bbox 955 4642 1031 4708; x_wconf 90' lang='lat' dir='ltr'><strong>pere</strong></span> <span class='ocrx_word' id='word_1_708' title='bbox 1047 4636 1206 4708; x_wconf 90' lang='lat' dir='ltr'><strong>cogantur,</strong></span> <span class='ocrx_word' id='word_1_709' title='bbox 1224 4644 1326 4707; x_wconf 85' lang='lat' dir='ltr'><strong>neque</strong></span> <span class='ocrx_word' id='word_1_710' title='bbox 1341 4628 1404 4691; x_wconf 91' lang='lat' dir='ltr'><strong>buc</strong></span> <span class='ocrx_word' id='word_1_711' title='bbox 1418 4630 1471 4690; x_wconf 88' lang='lat' dir='ltr'><strong>aut</strong></span> <span class='ocrx_word' id='word_1_712' title='bbox 1486 4627 1561 4690; x_wconf 89' lang='lat' dir='ltr'><strong>illuc</strong></span> <span class='ocrx_word' id='word_1_713' title='bbox 1582 4626 1760 4691; x_wconf 89' lang='lat' dir='ltr'><strong>discurrere</strong></span> <span class='ocrx_word' id='word_1_714' title='bbox 1776 4627 1815 4692; x_wconf 91' lang='lat' dir='ltr'><strong>ad</strong></span> 
     </span>
     <span class='ocr_line' id='line_1_54' title="bbox 41 4709 1814 4796; baseline -0.001 -20"><span class='ocrx_word' id='word_1_715' title='bbox 41 4713 127 4794; x_wconf 83' lang='lat' dir='ltr'><strong>genti</strong></span> <span class='ocrx_word' id='word_1_716' title='bbox 145 4712 276 4788; x_wconf 87' lang='lat' dir='ltr'><strong>lumine,</strong></span> <span class='ocrx_word' id='word_1_717' title='bbox 292 4718 326 4775; x_wconf 89' lang='lat' dir='ltr'><strong>nt</strong></span> <span class='ocrx_word' id='word_1_718' title='bbox 340 4712 599 4796; x_wconf 11' lang='lat' dir='ltr'><strong>contiuuoplactus</strong></span> <span class='ocrx_word' id='word_1_719' title='bbox 615 4713 655 4775; x_wconf 92' lang='lat' dir='ltr'><strong>sit</strong></span> <span class='ocrx_word' id='word_1_720' title='bbox 666 4711 859 4792; x_wconf 88' lang='lat' dir='ltr'><strong>praedicator</strong></span> <span class='ocrx_word' id='word_1_721' title='bbox 871 4727 909 4776; x_wconf 84' lang='lat' dir='ltr'><strong>ex</strong></span> <span class='ocrx_word' id='word_1_722' title='bbox 954 4714 1164 4788; x_wconf 80' lang='lat' dir='ltr'><strong>quaerendum</strong></span> <span class='ocrx_word' id='word_1_723' title='bbox 1182 4713 1312 4791; x_wconf 89' lang='lat' dir='ltr'><strong>pretium</strong></span> <span class='ocrx_word' id='word_1_724' title='bbox 1329 4727 1461 4775; x_wconf 89' lang='lat' dir='ltr'><strong>neccsse</strong></span> <span class='ocrx_word' id='word_1_725' title='bbox 1473 4709 1525 4788; x_wconf 91' lang='lat' dir='ltr'><strong>sit;</strong></span> <span class='ocrx_word' id='word_1_726' title='bbox 1538 4712 1594 4774; x_wconf 89' lang='lat' dir='ltr'><strong>sad</strong></span> <span class='ocrx_word' id='word_1_727' title='bbox 1608 4713 1735 4777; x_wconf 92' lang='lat' dir='ltr'><strong>omuino</strong></span> <span class='ocrx_word' id='word_1_728' title='bbox 1751 4709 1814 4774; x_wconf 86' lang='lat' dir='ltr'><strong>sui·</strong></span> 
     </span>
     <span class='ocr_line' id='line_1_55' title="bbox 42 4793 1812 4876; baseline -0.001 -18"><span class='ocrx_word' id='word_1_729' title='bbox 42 4803 260 4876; x_wconf 85' lang='lat' dir='ltr'><strong>persecutore.</strong></span> <span class='ocrx_word' id='word_1_730' title='bbox 277 4795 313 4858; x_wconf 85' lang='lat' dir='ltr'><strong>lit</strong></span> <span class='ocrx_word' id='word_1_731' title='bbox 327 4799 468 4875; x_wconf 83' lang='lat' dir='ltr'><strong>quamvis</strong></span> <span class='ocrx_word' id='word_1_732' title='bbox 483 4796 514 4859; x_wconf 94' lang='lat' dir='ltr'><strong>id</strong></span> <span class='ocrx_word' id='word_1_733' title='bbox 532 4794 612 4858; x_wconf 89' lang='lat' dir='ltr'><strong>ielini</strong></span> <span class='ocrx_word' id='word_1_734' title='bbox 629 4813 703 4860; x_wconf 90' lang='lat' dir='ltr'><strong>casu</strong></span> <span class='ocrx_word' id='word_1_735' title='bbox 721 4797 780 4859; x_wconf 89' lang='lat' dir='ltr'><strong>hoc</strong></span> <span class='ocrx_word' id='word_1_736' title='bbox 802 4794 848 4858; x_wconf 94' lang='lat' dir='ltr'><strong>ilii</strong></span> <span class='ocrx_word' id='word_1_737' title='bbox 860 4812 909 4858; x_wconf 90' lang='lat' dir='ltr'><strong>aa·</strong></span> <span class='ocrx_word' id='word_1_738' title='bbox 952 4794 1035 4858; x_wconf 86' lang='lat' dir='ltr'><strong>liciat</strong></span> <span class='ocrx_word' id='word_1_739' title='bbox 1051 4797 1123 4858; x_wconf 86' lang='lat' dir='ltr'><strong>dare</strong></span> <span class='ocrx_word' id='word_1_740' title='bbox 1141 4796 1271 4860; x_wconf 88' lang='lat' dir='ltr'><strong>libenter</strong></span> <span class='ocrx_word' id='word_1_741' title='bbox 1287 4795 1341 4872; x_wconf 90' lang='lat' dir='ltr'><strong>id,</strong></span> <span class='ocrx_word' id='word_1_742' title='bbox 1360 4797 1441 4872; x_wconf 80' lang='lat' dir='ltr'><strong>guod</strong></span> <span class='ocrx_word' id='word_1_743' title='bbox 1458 4793 1575 4857; x_wconf 89' lang='lat' dir='ltr'><strong>babent</strong></span> <span class='ocrx_word' id='word_1_744' title='bbox 1589 4839 1598 4866; x_wconf 91' lang='lat'><strong>,</strong></span> <span class='ocrx_word' id='word_1_745' title='bbox 1614 4793 1736 4857; x_wconf 88' lang='lat' dir='ltr'><strong>etiamsi</strong></span> <span class='ocrx_word' id='word_1_746' title='bbox 1750 4797 1812 4859; x_wconf 92' lang='lat' dir='ltr'><strong>duo</strong></span> 
     </span>
     <span class='ocr_line' id='line_1_56' title="bbox 43 4875 1814 4959; baseline -0.002 -15"><span class='ocrx_word' id='word_1_747' title='bbox 43 4879 165 4951; x_wconf 83' lang='lat' dir='ltr'><strong>alaerit.</strong></span> <span class='ocrx_word' id='word_1_748' title='bbox 189 4885 293 4944; x_wconf 86' lang='lat' dir='ltr'><strong>tumen</strong></span> <span class='ocrx_word' id='word_1_749' title='bbox 310 4882 392 4959; x_wconf 83' lang='lat' dir='ltr'><strong>qiiod</strong></span> <span class='ocrx_word' id='word_1_750' title='bbox 407 4880 452 4943; x_wconf 91' lang='lat' dir='ltr'><strong>illi</strong></span> <span class='ocrx_word' id='word_1_751' title='bbox 466 4897 557 4944; x_wconf 90' lang='lat' dir='ltr'><strong>casus</strong></span> <span class='ocrx_word' id='word_1_752' title='bbox 573 4879 650 4954; x_wconf 87' lang='lat' dir='ltr'><strong>luit,</strong></span> <span class='ocrx_word' id='word_1_753' title='bbox 674 4881 705 4942; x_wconf 93' lang='lat' dir='ltr'><strong>iu</strong></span> <span class='ocrx_word' id='word_1_754' title='bbox 730 4880 792 4942; x_wconf 83' lang='lat' dir='ltr'><strong>lieo</strong></span> <span class='ocrx_word' id='word_1_755' title='bbox 808 4879 910 4958; x_wconf 81' lang='lat' dir='ltr'><strong>provi·</strong></span> <span class='ocrx_word' id='word_1_756' title='bbox 954 4879 1054 4940; x_wconf 91' lang='lat' dir='ltr'><strong>sulum</strong></span> <span class='ocrx_word' id='word_1_757' title='bbox 1073 4881 1187 4944; x_wconf 83' lang='lat' dir='ltr'><strong>minuta</strong></span> <span class='ocrx_word' id='word_1_758' title='bbox 1204 4881 1235 4942; x_wconf 95' lang='lat' dir='ltr'><strong>in</strong></span> <span class='ocrx_word' id='word_1_759' title='bbox 1251 4879 1448 4943; x_wconf 86' lang='lat' dir='ltr'><strong>inanitatibus</strong></span> <span class='ocrx_word' id='word_1_760' title='bbox 1470 4878 1632 4941; x_wconf 77' lang='lat' dir='ltr'><strong>habeant?</strong></span> <span class='ocrx_word' id='word_1_761' title='bbox 1647 4877 1739 4955; x_wconf 82' lang='lat' dir='ltr'><strong>linga,</strong></span> <span class='ocrx_word' id='word_1_762' title='bbox 1756 4875 1814 4942; x_wconf 85' lang='lat' dir='ltr'><strong>Ilo·</strong></span> 
     </span>
     <span class='ocr_line' id='line_1_57' title="bbox 42 4960 1816 5043; baseline -0.001 -19"><span class='ocrx_word' id='word_1_763' title='bbox 42 4964 148 5027; x_wconf 91' lang='lat' dir='ltr'><strong>dentia</strong></span> <span class='ocrx_word' id='word_1_764' title='bbox 165 4960 232 5042; x_wconf 89' lang='lat' dir='ltr'><strong>luit,</strong></span> <span class='ocrx_word' id='word_1_765' title='bbox 249 4963 301 5026; x_wconf 89' lang='lat' dir='ltr'><strong>Sic</strong></span> <span class='ocrx_word' id='word_1_766' title='bbox 317 4968 399 5027; x_wconf 90' lang='lat' dir='ltr'><strong>enim</strong></span> <span class='ocrx_word' id='word_1_767' title='bbox 418 4966 485 5043; x_wconf 92' lang='lat' dir='ltr'><strong>ipse</strong></span> <span class='ocrx_word' id='word_1_768' title='bbox 508 4966 643 5041; x_wconf 82' lang='lat' dir='ltr'><strong>loquitur</strong></span> <span class='ocrx_word' id='word_1_769' title='bbox 664 4962 695 5025; x_wconf 91' lang='lat' dir='ltr'><strong>in</strong></span> <span class='ocrx_word' id='word_1_770' title='bbox 713 4961 850 5042; x_wconf 83' lang='lat' dir='ltr'><strong>Epistola</strong></span> <span class='ocrx_word' id='word_1_771' title='bbox 868 4962 907 5025; x_wconf 92' lang='lat' dir='ltr'><strong>ad</strong></span> <span class='ocrx_word' id='word_1_772' title='bbox 947 4965 1036 5038; x_wconf 85' lang='lat' dir='ltr'><strong>¹uriuo</strong></span> <span class='ocrx_word' id='word_1_773' title='bbox 1052 4962 1145 5038; x_wconf 84' lang='lat' dir='ltr'><strong>Deus,</strong></span> <span class='ocrx_word' id='word_1_774' title='bbox 1163 4963 1264 5026; x_wconf 89' lang='lat' dir='ltr'><strong>luceat</strong></span> <span class='ocrx_word' id='word_1_775' title='bbox 1278 4963 1331 5028; x_wconf 83' lang='lat' dir='ltr'><strong>lux</strong></span> <span class='ocrx_word' id='word_1_776' title='bbox 1346 4968 1394 5024; x_wconf 93' lang='lat' dir='ltr'><strong>tua</strong></span> <span class='ocrx_word' id='word_1_777' title='bbox 1413 4963 1442 5022; x_wconf 92' lang='lat' dir='ltr'><strong>in</strong></span> <span class='ocrx_word' id='word_1_778' title='bbox 1461 4961 1608 5025; x_wconf 87' lang='lat' dir='ltr'><strong>cordibus</strong></span> <span class='ocrx_word' id='word_1_779' title='bbox 1632 4964 1759 5040; x_wconf 87' lang='lat' dir='ltr'><strong>nostris,</strong></span> <span class='ocrx_word' id='word_1_780' title='bbox 1776 4961 1816 5026; x_wconf 88' lang='lat' dir='ltr'><strong>da</strong></span> 
     </span>
     <span class='ocr_line' id='line_1_58' title="bbox 43 5043 1814 5127; baseline -0.001 -17"><span class='ocrx_word' id='word_1_781' title='bbox 43 5045 181 5110; x_wconf 74' lang='lat' dir='ltr'><strong>Galatas:</strong></span> <span class='ocrx_word' id='word_1_782' title='bbox 195 5043 352 5120; x_wconf 80' lang='lat' dir='ltr'><strong>Audistis,</strong></span> <span class='ocrx_word' id='word_1_783' title='bbox 369 5047 483 5126; x_wconf 84' lang='lat' dir='ltr'><strong>innuit,</strong></span> <span class='ocrx_word' id='word_1_784' title='bbox 507 5047 786 5112; x_wconf 70' lang='lat' dir='ltr'><strong>comessationem</strong></span> <span class='ocrx_word' id='word_1_785' title='bbox 801 5063 908 5114; x_wconf 87' lang='lat' dir='ltr'><strong>meam</strong></span> <span class='ocrx_word' id='word_1_786' title='bbox 951 5062 1142 5127; x_wconf 88' lang='lat' dir='ltr'><strong>cognoscere</strong></span> <span class='ocrx_word' id='word_1_787' title='bbox 1158 5048 1290 5124; x_wconf 88' lang='lat' dir='ltr'><strong>pretium</strong></span> <span class='ocrx_word' id='word_1_788' title='bbox 1307 5045 1512 5124; x_wconf 87' lang='lat' dir='ltr'><strong>impretiabile</strong></span> <span class='ocrx_word' id='word_1_789' title='bbox 1528 5046 1711 5126; x_wconf 88' lang='lat' dir='ltr'><strong>margaritae</strong></span> <span class='ocrx_word' id='word_1_790' title='bbox 1731 5053 1814 5120; x_wconf 86' lang='lat' dir='ltr'><strong>tuae,</strong></span> 
     </span>
     <span class='ocr_line' id='line_1_59' title="bbox 45 5129 1816 5214; baseline -0.002 -18"><span class='ocrx_word' id='word_1_791' title='bbox 45 5131 230 5212; x_wconf 82' lang='lat' dir='ltr'><strong>aliquomdo</strong></span> <span class='ocrx_word' id='word_1_792' title='bbox 246 5129 636 5214; x_wconf 83' lang='lat' dir='ltr'><strong>inludaismo.pnoniam</strong></span> <span class='ocrx_word' id='word_1_793' title='bbox 653 5131 906 5210; x_wconf 85' lang='lat' dir='ltr'><strong>supramodum</strong></span> <span class='ocrx_word' id='word_1_794' title='bbox 952 5136 983 5192; x_wconf 92' lang='grc' dir='ltr'><strong>ει</strong></span> <span class='ocrx_word' id='word_1_795' title='bbox 998 5133 1090 5193; x_wconf 88' lang='lat' dir='ltr'><strong>simul</strong></span> <span class='ocrx_word' id='word_1_796' title='bbox 1107 5131 1254 5195; x_wconf 83' lang='lat' dir='ltr'><strong>vilitatem</strong></span> <span class='ocrx_word' id='word_1_797' title='bbox 1271 5133 1372 5210; x_wconf 81' lang='lat' dir='ltr'><strong>pretii,</strong></span> <span class='ocrx_word' id='word_1_798' title='bbox 1391 5131 1471 5208; x_wconf 83' lang='lat' dir='ltr'><strong>quod</strong></span> <span class='ocrx_word' id='word_1_799' title='bbox 1488 5147 1503 5190; x_wconf 90' lang='lat' dir='ltr'><strong>a</strong></span> <span class='ocrx_word' id='word_1_800' title='bbox 1518 5129 1608 5192; x_wconf 87' lang='lat' dir='ltr'><strong>nobis</strong></span> <span class='ocrx_word' id='word_1_801' title='bbox 1625 5130 1767 5208; x_wconf 84' lang='lat' dir='ltr'><strong>exigitur,</strong></span> <span class='ocrx_word' id='word_1_802' title='bbox 1783 5133 1816 5193; x_wconf 90' lang='lat' dir='ltr'><strong>ut</strong></span> 
     </span>
     <span class='ocr_line' id='line_1_60' title="bbox 44 5211 1817 5295; baseline -0.001 -17"><span class='ocrx_word' id='word_1_803' title='bbox 44 5211 267 5295; x_wconf 82' lang='lat' dir='ltr'><strong>persequebar</strong></span> <span class='ocrx_word' id='word_1_804' title='bbox 282 5213 459 5278; x_wconf 73' lang='lat' dir='ltr'><strong>Ecclesiam</strong></span> <span class='ocrx_word' id='word_1_805' title='bbox 470 5215 552 5288; x_wconf 85' lang='lat' dir='ltr'><strong>Dei,</strong></span> <span class='ocrx_word' id='word_1_806' title='bbox 574 5222 603 5279; x_wconf 90' lang='grc' dir='ltr'><strong>ει</strong></span> <span class='ocrx_word' id='word_1_807' title='bbox 626 5214 857 5294; x_wconf 84' lang='lat' dir='ltr'><strong>capugoabom</strong></span> <span class='ocrx_word' id='word_1_808' title='bbox 872 5213 924 5276; x_wconf 73' lang='grc' dir='ltr'><strong>ιι·</strong></span> <span class='ocrx_word' id='word_1_809' title='bbox 953 5213 1036 5276; x_wconf 90' lang='lat' dir='ltr'><strong>illam</strong></span> <span class='ocrx_word' id='word_1_810' title='bbox 1053 5215 1194 5278; x_wconf 89' lang='lat' dir='ltr'><strong>obtinere</strong></span> <span class='ocrx_word' id='word_1_811' title='bbox 1212 5218 1381 5293; x_wconf 87' lang='lat' dir='ltr'><strong>possimus.</strong></span> <span class='ocrx_word' id='word_1_812' title='bbox 1396 5211 1494 5288; x_wconf 80' lang='lat' dir='ltr'><strong>Adde,</strong></span> <span class='ocrx_word' id='word_1_813' title='bbox 1512 5211 1653 5289; x_wconf 87' lang='lat' dir='ltr'><strong>Domine,</strong></span> <span class='ocrx_word' id='word_1_814' title='bbox 1666 5214 1704 5277; x_wconf 91' lang='lat' dir='ltr'><strong>ad</strong></span> <span class='ocrx_word' id='word_1_815' title='bbox 1723 5219 1817 5276; x_wconf 89' lang='lat' dir='ltr'><strong>misc·</strong></span> 
     </span>
     <span class='ocr_line' id='line_1_61' title="bbox 47 5296 1816 5377; baseline -0.003 -15"><span class='ocrx_word' id='word_1_816' title='bbox 47 5299 133 5368; x_wconf 88' lang='lat' dir='ltr'><strong>lam.</strong></span> <span class='ocrx_word' id='word_1_817' title='bbox 151 5307 181 5361; x_wconf 90' lang='lat' dir='ltr'><strong>et</strong></span> <span class='ocrx_word' id='word_1_818' title='bbox 195 5296 404 5377; x_wconf 73' lang='lat' dir='ltr'><strong>proficiebam</strong></span> <span class='ocrx_word' id='word_1_819' title='bbox 418 5302 456 5364; x_wconf 85' lang='lat' dir='ltr'><strong>in</strong></span> <span class='ocrx_word' id='word_1_820' title='bbox 475 5297 646 5363; x_wconf 77' lang='lat' dir='ltr'><strong>ludaismo</strong></span> <span class='ocrx_word' id='word_1_821' title='bbox 665 5315 769 5377; x_wconf 86' lang='lat' dir='ltr'><strong>supra</strong></span> <span class='ocrx_word' id='word_1_822' title='bbox 792 5298 910 5360; x_wconf 87' lang='lat' dir='ltr'><strong>maltos</strong></span> <span class='ocrx_word' id='word_1_823' title='bbox 955 5303 1092 5362; x_wconf 89' lang='lat' dir='ltr'><strong>rationes</strong></span> <span class='ocrx_word' id='word_1_824' title='bbox 1109 5306 1225 5376; x_wconf 90' lang='lat' dir='ltr'><strong>tuas‚ut</strong></span> <span class='ocrx_word' id='word_1_825' title='bbox 1240 5315 1300 5360; x_wconf 92' lang='lat' dir='ltr'><strong>non</strong></span> <span class='ocrx_word' id='word_1_826' title='bbox 1317 5297 1425 5361; x_wconf 86' lang='lat' dir='ltr'><strong>irustra</strong></span> <span class='ocrx_word' id='word_1_827' title='bbox 1444 5303 1502 5358; x_wconf 92' lang='lat' dir='ltr'><strong>tam</strong></span> <span class='ocrx_word' id='word_1_828' title='bbox 1517 5300 1816 5376; x_wconf 86' lang='lat' dir='ltr'><strong>pretiosammarga·</strong></span> 
     </span>
     <span class='ocr_line' id='line_1_62' title="bbox 46 5379 1815 5464; baseline -0.002 -18"><span class='ocrx_word' id='word_1_829' title='bbox 46 5390 241 5446; x_wconf 84' lang='lat' dir='ltr'><strong>coaetaneos</strong></span> <span class='ocrx_word' id='word_1_830' title='bbox 256 5399 344 5445; x_wconf 88' lang='lat' dir='ltr'><strong>meos</strong></span> <span class='ocrx_word' id='word_1_831' title='bbox 365 5383 404 5446; x_wconf 85' lang='lat' dir='ltr'><strong>ia</strong></span> <span class='ocrx_word' id='word_1_832' title='bbox 424 5398 541 5464; x_wconf 80' lang='lat' dir='ltr'><strong>periere</strong></span> <span class='ocrx_word' id='word_1_833' title='bbox 561 5399 656 5461; x_wconf 86' lang='lat' dir='ltr'><strong>meo,</strong></span> <span class='ocrx_word' id='word_1_834' title='bbox 684 5381 911 5446; x_wconf 85' lang='lat' dir='ltr'><strong>abundantius</strong></span> <span class='ocrx_word' id='word_1_835' title='bbox 956 5383 1044 5444; x_wconf 80' lang='lat' dir='ltr'><strong>uitam</strong></span> <span class='ocrx_word' id='word_1_836' title='bbox 1065 5383 1154 5446; x_wconf 91' lang='lat' dir='ltr'><strong>nobis</strong></span> <span class='ocrx_word' id='word_1_837' title='bbox 1169 5383 1359 5452; x_wconf 67' lang='lat' dir='ltr'><strong>ostenderim</strong></span> <span class='ocrx_word' id='word_1_838' title='bbox 1383 5389 1413 5444; x_wconf 90' lang='grc' dir='ltr'><strong>ει</strong></span> <span class='ocrx_word' id='word_1_839' title='bbox 1428 5385 1459 5444; x_wconf 84' lang='grc' dir='ltr'><strong>ιιι</strong></span> <span class='ocrx_word' id='word_1_840' title='bbox 1476 5383 1528 5457; x_wconf 82' lang='lat' dir='ltr'><strong>qui</strong></span> <span class='ocrx_word' id='word_1_841' title='bbox 1546 5380 1660 5442; x_wconf 89' lang='lat' dir='ltr'><strong>dixisti:</strong></span> <span class='ocrx_word' id='word_1_842' title='bbox 1682 5379 1727 5442; x_wconf 79' lang='lat' dir='ltr'><strong>tta</strong></span> <span class='ocrx_word' id='word_1_843' title='bbox 1743 5382 1815 5444; x_wconf 85' lang='lat' dir='ltr'><strong>mit·</strong></span> 
     </span>
     <span class='ocr_line' id='line_1_63' title="bbox 49 5461 1815 5548; baseline -0.002 -18"><span class='ocrx_word' id='word_1_844' title='bbox 49 5467 238 5530; x_wconf 82' lang='lat' dir='ltr'><strong>aemulator</strong></span> <span class='ocrx_word' id='word_1_845' title='bbox 253 5467 395 5530; x_wconf 69' lang='lat' dir='ltr'><strong>assistens</strong></span> <span class='ocrx_word' id='word_1_846' title='bbox 410 5471 625 5544; x_wconf 85' lang='lat' dir='ltr'><strong>paternarum</strong></span> <span class='ocrx_word' id='word_1_847' title='bbox 639 5482 787 5530; x_wconf 85' lang='lat' dir='ltr'><strong>mearam</strong></span> <span class='ocrx_word' id='word_1_848' title='bbox 812 5465 910 5529; x_wconf 80' lang='lat' dir='ltr'><strong>tradi·</strong></span> <span class='ocrx_word' id='word_1_849' title='bbox 957 5467 1033 5528; x_wconf 87' lang='lat' dir='ltr'><strong>tatis</strong></span> <span class='ocrx_word' id='word_1_850' title='bbox 1047 5466 1244 5542; x_wconf 78' lang='lat' dir='ltr'><strong>marpocitos</strong></span> <span class='ocrx_word' id='word_1_851' title='bbox 1259 5471 1380 5529; x_wconf 85' lang='lat' dir='ltr'><strong>uestras</strong></span> <span class='ocrx_word' id='word_1_852' title='bbox 1395 5467 1471 5528; x_wconf 88' lang='lat' dir='ltr'><strong>ante</strong></span> <span class='ocrx_word' id='word_1_853' title='bbox 1484 5480 1611 5542; x_wconf 83' lang='lat' dir='ltr'><strong>porcos,</strong></span> <span class='ocrx_word' id='word_1_854' title='bbox 1627 5467 1637 5540; x_wconf 93' lang='lat'>(</span> <span class='ocrx_word' id='word_1_855' title='bbox 1652 5462 1740 5526; x_wconf 86' lang='lat' dir='ltr'><strong>Moti.</strong></span> <span class='ocrx_word' id='word_1_856' title='bbox 1756 5461 1815 5548; x_wconf 88' lang='lat' dir='ltr'><strong>l.)</strong></span> 
     </span>
     <span class='ocr_line' id='line_1_64' title="bbox 48 5547 1816 5631; baseline -0.003 -17"><span class='ocrx_word' id='word_1_857' title='bbox 48 5550 188 5614; x_wconf 83' lang='lat' dir='ltr'><strong>lionam.</strong></span> <span class='ocrx_word' id='word_1_858' title='bbox 205 5548 283 5614; x_wconf 81' lang='lat' dir='ltr'><strong>dum</strong></span> <span class='ocrx_word' id='word_1_859' title='bbox 298 5559 407 5614; x_wconf 71' lang='lat' dir='ltr'><strong>auam</strong></span> <span class='ocrx_word' id='word_1_860' title='bbox 420 5550 548 5630; x_wconf 84' lang='lat' dir='ltr'><strong>placuit</strong></span> <span class='ocrx_word' id='word_1_861' title='bbox 560 5551 602 5622; x_wconf 87' lang='lat' dir='ltr'><strong>ei,</strong></span> <span class='ocrx_word' id='word_1_862' title='bbox 625 5551 684 5631; x_wconf 83' lang='lat' dir='ltr'><strong>pai</strong></span> <span class='ocrx_word' id='word_1_863' title='bbox 696 5566 747 5612; x_wconf 88' lang='lat' dir='ltr'><strong>me</strong></span> <span class='ocrx_word' id='word_1_864' title='bbox 761 5565 909 5629; x_wconf 85' lang='lat' dir='ltr'><strong>seprepa·</strong></span> <span class='ocrx_word' id='word_1_865' title='bbox 956 5547 1002 5612; x_wconf 90' lang='lat' dir='ltr'><strong>iao</strong></span> <span class='ocrx_word' id='word_1_866' title='bbox 1019 5550 1215 5629; x_wconf 88' lang='lat' dir='ltr'><strong>pergratiam</strong></span> <span class='ocrx_word' id='word_1_867' title='bbox 1232 5556 1365 5624; x_wconf 83' lang='lat' dir='ltr'><strong>tuanr,ut</strong></span> <span class='ocrx_word' id='word_1_868' title='bbox 1377 5550 1402 5612; x_wconf 89' lang='lat' dir='ltr'><strong>si</strong></span> <span class='ocrx_word' id='word_1_869' title='bbox 1421 5550 1524 5626; x_wconf 88' lang='lat' dir='ltr'><strong>porcis</strong></span> <span class='ocrx_word' id='word_1_870' title='bbox 1539 5547 1659 5610; x_wconf 88' lang='lat' dir='ltr'><strong>similes</strong></span> <span class='ocrx_word' id='word_1_871' title='bbox 1673 5548 1816 5625; x_wconf 80' lang='lat' dir='ltr'><strong>aliquan·</strong></span> 
     </span>
     <span class='ocr_line' id='line_1_65' title="bbox 46 5629 1813 5714; baseline 0 -18"><span class='ocrx_word' id='word_1_872' title='bbox 46 5636 90 5698; x_wconf 85' lang='lat' dir='ltr'><strong>oit</strong></span> <span class='ocrx_word' id='word_1_873' title='bbox 105 5651 149 5698; x_wconf 79' lang='lat' dir='ltr'><strong>eac</strong></span> <span class='ocrx_word' id='word_1_874' title='bbox 159 5637 253 5696; x_wconf 88' lang='lat' dir='ltr'><strong>utero</strong></span> <span class='ocrx_word' id='word_1_875' title='bbox 267 5635 383 5697; x_wconf 88' lang='lat' dir='ltr'><strong>matris</strong></span> <span class='ocrx_word' id='word_1_876' title='bbox 396 5650 500 5706; x_wconf 88' lang='lat' dir='ltr'><strong>meae,</strong></span> <span class='ocrx_word' id='word_1_877' title='bbox 517 5637 547 5698; x_wconf 84' lang='lat' dir='ltr'><strong>et</strong></span> <span class='ocrx_word' id='word_1_878' title='bbox 560 5635 754 5714; x_wconf 86' lang='lat' dir='ltr'><strong>uocauitper</strong></span> <span class='ocrx_word' id='word_1_879' title='bbox 764 5636 909 5714; x_wconf 78' lang='lat' dir='ltr'><strong>pontiam</strong></span> <span class='ocrx_word' id='word_1_880' title='bbox 954 5631 994 5696; x_wconf 95' lang='lat' dir='ltr'><strong>do</strong></span> <span class='ocrx_word' id='word_1_881' title='bbox 1008 5630 1134 5707; x_wconf 90' lang='lat' dir='ltr'><strong>inimus.</strong></span> <span class='ocrx_word' id='word_1_882' title='bbox 1149 5634 1325 5714; x_wconf 89' lang='lat' dir='ltr'><strong>ignorantes</strong></span> <span class='ocrx_word' id='word_1_883' title='bbox 1341 5629 1715 5713; x_wconf 88' lang='lat' dir='ltr'><strong>dignitatemmorgariiaa</strong></span> <span class='ocrx_word' id='word_1_884' title='bbox 1732 5639 1813 5712; x_wconf 86' lang='lat' dir='ltr'><strong>tuac,</strong></span> 
     </span>
     <span class='ocr_line' id='line_1_66' title="bbox 47 5715 1813 5800; baseline -0.001 -15"><span class='ocrx_word' id='word_1_885' title='bbox 47 5735 153 5796; x_wconf 77' lang='lat' dir='ltr'><strong>mom,</strong></span> <span class='ocrx_word' id='word_1_886' title='bbox 167 5717 372 5785; x_wconf 85' lang='lat' dir='ltr'><strong>atreuclcret</strong></span> <span class='ocrx_word' id='word_1_887' title='bbox 382 5717 505 5786; x_wconf 72' lang='lat' dir='ltr'><strong>baiam</strong></span> <span class='ocrx_word' id='word_1_888' title='bbox 515 5733 614 5784; x_wconf 86' lang='lat' dir='ltr'><strong>saum</strong></span> <span class='ocrx_word' id='word_1_889' title='bbox 628 5718 666 5784; x_wconf 88' lang='lat' dir='ltr'><strong>ia</strong></span> <span class='ocrx_word' id='word_1_890' title='bbox 679 5733 747 5798; x_wconf 89' lang='lat' dir='ltr'><strong>me,</strong></span> <span class='ocrx_word' id='word_1_891' title='bbox 758 5721 795 5782; x_wconf 86' lang='lat' dir='ltr'><strong>ut</strong></span> <span class='ocrx_word' id='word_1_892' title='bbox 811 5731 909 5786; x_wconf 84' lang='lat' dir='ltr'><strong>enau-</strong></span> <span class='ocrx_word' id='word_1_893' title='bbox 952 5721 987 5781; x_wconf 92' lang='lat' dir='ltr'><strong>ut</strong></span> <span class='ocrx_word' id='word_1_894' title='bbox 997 5732 1064 5784; x_wconf 88' lang='lat' dir='ltr'><strong>eam</strong></span> <span class='ocrx_word' id='word_1_895' title='bbox 1079 5717 1247 5800; x_wconf 86' lang='lat' dir='ltr'><strong>glandibus</strong></span> <span class='ocrx_word' id='word_1_896' title='bbox 1261 5724 1293 5784; x_wconf 89' lang='grc' dir='ltr'><strong>ει</strong></span> <span class='ocrx_word' id='word_1_897' title='bbox 1305 5715 1429 5798; x_wconf 88' lang='lat' dir='ltr'><strong>siliquis</strong></span> <span class='ocrx_word' id='word_1_898' title='bbox 1444 5721 1680 5800; x_wconf 83' lang='lat' dir='ltr'><strong>postponentes,</strong></span> <span class='ocrx_word' id='word_1_899' title='bbox 1697 5731 1813 5784; x_wconf 83' lang='lat' dir='ltr'><strong>nuncu</strong></span> 
     </span>
    </p>
   </div>
   <div class='ocr_carea' id='block_1_5' title="bbox 0 0 2045 6260">
    <p class='ocr_par' dir='ltr' id='par_1_5' title="bbox 0 0 2045 6260">
     <span class='ocr_line' id='line_1_67' title="bbox 0 0 2045 6260; baseline 0 0"><span class='ocrx_word' id='word_1_900' title='bbox 0 0 2045 6260; x_wconf 95' lang='lat' dir='ltr'><strong> </strong></span> 
     </span>
    </p>
   </div>
  </div>
 </body>
</html>
