4048 6242
735 333 875 400 ualuas
894 333 1107 403 abodoritos
1678 341 1730 403 eta
1795 409 1797 416 ,

50 466 127 534 dant
142 471 282 550 arbores,
299 471 372 536 lant
386 471 562 546 intrantia,
577 473 651 538 ilani
665 474 818 544 homines.
837 475 910 539 itant
957 477 1023 542 salo
1045 478 1138 544 verbo
1160 482 1190 541 et
1211 477 1341 556 imperio
1362 477 1462 544 lactat.
1486 478 1556 560 lpaa
1577 478 1686 556 diali,
1704 473 1803 556 tnouil

51 555 176 635 angeli,
187 569 217 622 et
227 559 304 621 lacta
319 563 391 621 sunt
405 559 518 620 omnia.
534 557 716 638 Addeamd
733 560 813 622 idam
827 560 911 624 Deus
956 561 1119 640 Propitiis,
1137 571 1165 625 at
1178 561 1264 640 facta
1275 569 1364 642 sana
1378 566 1446 643 ipsa
1460 563 1639 640 mandauit,
1653 570 1681 625 ei
1695 569 1805 625 arcula

52 641 204 718 posset,si
220 644 323 716 uellet,
338 645 392 706 isia
404 645 558 714 omnia,at
574 643 721 706 mundum
735 648 909 721 universum
957 647 1098 710 eant.le
1112 648 1233 725 ouibus.
1249 648 1359 725 siquid
1376 650 1471 726 sapis,
1488 647 1627 726 colliges,
1640 648 1744 724 quattti
1756 661 1804 709 re·

53 739 117 785 uno
135 733 210 787 nuta
228 728 343 801 datare,
360 730 393 788 ut
407 726 539 805 legimus
564 727 593 787 in
611 728 698 790 libris
713 727 908 791 machabaea·
958 731 1044 800 ierat,
1068 743 1167 792 utram
1190 746 1260 791 eom
1284 736 1404 806 tratum,
1428 732 1474 792 ret
1491 733 1653 810 placatam,
1669 729 1802 803 hastam,

51 822 135 868 runi.
154 809 214 872 Sed
230 809 473 872 atilladaaoauit
487 809 766 888 protundumqood
780 813 835 874 ista
848 830 911 874 om·
958 814 1004 873 rai
1021 813 1150 875 anticam
1166 815 1302 888 habeas,
1321 831 1389 876 nam
1406 817 1565 896 sibostem
1583 820 1612 875 ει
1629 817 1735 875 iratum
1753 812 1804 874 ha·

50 891 100 950 nia
117 895 178 954 tam
196 894 406 971 multa,ettam
424 909 544 971 magna,
559 902 588 955 at
601 913 637 957 ει
649 900 740 956 tantis
753 896 909 968 premaris,
957 896 1044 968 beas,
1062 905 1162 975 potest
1178 904 1206 960 ta
1221 899 1323 958 subito
1339 899 1483 960 omnibus
1499 897 1590 960 bonis
1605 900 1750 976 spoliare,
1774 899 1804 957 et

48 976 245 1050 culpantibus
256 976 515 1054 compositalieus
528 985 682 1040 niuntenio
695 977 908 1057 leocritdpud
958 981 1103 1042 omnibus
1118 983 1237 1059 rapiere
1254 983 1397 1048 misertis.
1414 997 1513 1060 nequa
1531 982 1611 1043 ultus
1627 987 1684 1052 est,
1699 979 1750 1055 aui
1767 978 1805 1041 de

50 1071 111 1118 nos
125 1075 177 1121 ars
193 1067 224 1121 at
240 1066 345 1123 natura
362 1061 454 1138 longo
471 1061 617 1137 temporis
632 1066 729 1139 spatio
745 1072 856 1140 agent,
879 1069 912 1124 nt
958 1063 1099 1125 manibus
1115 1063 1182 1126 ains
1205 1070 1233 1126 te
1256 1062 1386 1128 liberare
1409 1067 1527 1142 possit,
1552 1081 1621 1146 quis
1637 1064 1804 1144 enimcum

53 1154 149 1216 opera
167 1159 222 1204 sua
239 1143 411 1220 parllciant,
435 1142 574 1206 uidemus
598 1145 709 1207 ltarbas
724 1151 819 1208 mulio
841 1154 911 1208 ante
957 1143 1174 1223 Omnipotanta
1190 1148 1377 1209 contendere
1392 1147 1518 1212 audeat?
1532 1148 1557 1210 si
1581 1148 1688 1219 solus,
1706 1150 1736 1208 ei
1749 1162 1806 1208 nu·

49 1227 213 1288 seminari.
230 1243 320 1303 uuam
337 1227 434 1295 nasci,
451 1227 576 1288 arbitres
593 1229 696 1289 multis
711 1244 805 1306 saepe
821 1231 911 1292 aunis
958 1234 1015 1290 dus
1031 1245 1211 1292 occurreres
1223 1231 1347 1292 inimico
1361 1238 1412 1293 tna
1426 1229 1624 1309 implacabili,
1643 1232 1722 1292 latro
1734 1245 1806 1291 acu·

50 1319 159 1384 egare,
178 1317 209 1371 ut
224 1309 346 1372 radices
361 1309 475 1387 ligant,
501 1314 534 1371 ni
555 1325 655 1374 ramos
670 1314 856 1382 extendant,
880 1319 911 1374 ut
958 1313 1075 1373 tissima
1093 1319 1120 1374 te
1137 1313 1272 1390 petendi.
1290 1315 1362 1390 quid
1380 1314 1503 1394 aganas?
1516 1331 1604 1391 quarn
1622 1313 1761 1391 sudores,
1775 1316 1807 1375 ai

51 1388 172 1455 tructus
187 1399 374 1469 producant:
391 1395 554 1454 animantia
572 1395 670 1456 iaetus
687 1395 778 1476 longo
796 1402 911 1475 tempo·
957 1396 1101 1472 polleres,
1119 1399 1149 1458 ei
1164 1405 1333 1472 tremores,
1351 1405 1381 1458 et
1398 1404 1425 1458 in
1443 1414 1541 1477 genua
1559 1398 1735 1476 provolutus
1751 1396 1806 1458 mi·

50 1488 84 1534 re
100 1474 132 1535 in
148 1483 236 1537 atara
252 1491 369 1551 parare.
387 1492 421 1535 ac
438 1485 542 1554 pastea
560 1475 651 1554 longo
666 1480 755 1540 etiam
773 1488 911 1557 tempora
957 1479 1153 1542 sericardtam
1179 1467 1387 1556 implorares?
1408 1487 1439 1542 et
1455 1489 1554 1543 tomen
1572 1482 1623 1543 ilia
1639 1479 1730 1543 hoino
1746 1484 1805 1555 est,

48 1559 312 1636 alere,aoteauam
326 1561 502 1621 adolescant
513 1560 552 1620 dc
565 1568 628 1622 urle
641 1562 911 1641 nlaitdtaaraaua·
957 1571 987 1624 et
1003 1563 1078 1624 ιοιιε
1096 1578 1204 1639 ροειεε
1220 1567 1265 1625 ιιι
1281 1561 1441 1641 fugiendo,
1465 1568 1511 1626 rel
1535 1567 1751 1643 repugnando,
1776 1566 1808 1625 al

50 1640 130 1702 uiam
149 1643 343 1704 notissimum
360 1648 418 1710 est.
433 1640 561 1719 apillces
577 1651 699 1706 nostros
713 1644 789 1709 ιιιιι
805 1647 861 1708 nisi
878 1646 909 1708 la
956 1645 1068 1706 lerruin
1086 1645 1124 1708 de
1140 1647 1281 1710 manibus
1297 1647 1507 1724 extorquendo
1523 1654 1552 1710 ta
1568 1651 1634 1726 ipse
1649 1647 1687 1708 ab
1704 1647 1806 1708 interl·

50 1728 206 1802 ternpore,
224 1741 323 1805 eoque
338 1731 412 1788 suits
430 1727 521 1804 lungo
538 1727 698 1804 parlloere.
958 1735 988 1790 tu
1006 1727 1147 1792 liberare.
1170 1730 1229 1792 Sed
1247 1747 1314 1792 cum
1331 1731 1407 1790 irato
1425 1732 1486 1791 lieo
1503 1729 1574 1806 auid
1598 1749 1670 1811 ages
1683 1729 1698 1790 i
1713 1747 1729 1792 ι
1746 1744 1806 1807 aaa

91 1808 211 1880 Quanta
228 1825 302 1886 erpo
320 1815 348 1869 in
365 1809 430 1870 llau
448 1811 580 1886 potantia
598 1817 656 1883 esi,
675 1827 753 1888 auae
768 1812 851 1875 dicto
868 1813 911 1875 al·
957 1827 1013 1874 aaa
1031 1812 1135 1889 lugere
1151 1817 1249 1890 poles.
1266 1828 1335 1875 cunr
1352 1811 1390 1875 sit
1407 1814 1532 1893 abique,
1545 1830 1603 1876 aaa
1620 1812 1662 1875 tlli
1679 1811 1802 1876 resiste·

50 1895 113 1954 ltus
131 1908 184 1954 res
201 1909 348 1954 maximas
365 1892 512 1968 perticat
534 1891 594 1954 lica
610 1895 734 1969 disputo
749 1941 756 1965 ,
774 1913 811 1956 ιι
829 1896 910 1959 Deus
955 1910 1000 1964 re.
1017 1910 1085 1957 oum
1101 1899 1140 1956 sit
1154 1896 1361 1974 amnipotens,
1380 1913 1436 1959 nac
1452 1914 1552 1959 moras
1570 1908 1693 1959 nectara
1708 1943 1715 1968 ,
1733 1911 1803 1957 cum

48 1992 112 2037 uno
130 1983 287 2037 momento
304 1977 425 2037 coelum
442 1983 471 2036 et
488 1982 611 2050 terram,
627 1984 656 2038 et
672 1977 770 2040 omnia
787 1985 909 2056 quaein
954 1987 1110 2040 momentu
1126 1988 1155 2040 ei
1170 1981 1235 2040 solo
1254 1979 1383 2054 imperio
1398 1979 1483 2058 agat?
1498 1997 1556 2043 non
1574 1984 1641 2043 sine
1655 1996 1746 2042 causa
1760 1978 1805 2041 di·

51 2062 99 2120 eis
117 2068 188 2120 sunt
206 2059 384 2122 absolverit:
401 2076 438 2120 an
454 2057 592 2137 integros
608 2075 663 2123 sex
676 2064 745 2124 dies
759 2061 790 2123 ln
808 2079 908 2125 rerum
954 2060 1180 2137 aitdposiolas:
1197 2063 1403 2124 domandam
1417 2069 1461 2127 ast
1475 2063 1621 2127 incidere
1635 2065 1672 2127 in
1687 2076 1806 2126 manati

50 2141 151 2217 prima
180 2143 336 2204 creatione
360 2146 611 2220 consumpserit,
635 2145 793 2206 nonenim
817 2162 896 2219 auae
953 2143 1171 2207 Deiotoaatc‘a.
1188 2145 1295 2208 Guoira
1324 2162 1394 2207 uero
1409 2153 1433 2208 si
1452 2150 1601 2224 placatum
1627 2156 1657 2210 at
1672 2151 1805 2208 amioum

48 2229 171 2287 stiones
189 2226 400 2305 explicandas,
418 2229 473 2288 sed
491 2230 693 2289 ascensiones
709 2229 741 2288 in
757 2229 851 2289 baum
873 2245 910 2292 er
955 2227 1070 2290 habeas
1090 2228 1201 2302 Deum,
1225 2231 1294 2307 quis
1318 2234 1345 2290 ιε
1369 2227 1514 2292 laiiciori
1537 2237 1637 2307 potest
1659 2229 1754 2307 anim,
1778 2227 1806 2291 sl

50 2325 153 2370 rarum
179 2309 428 2371 consideratione
453 2308 645 2372 fabricandas
667 2315 803 2390 suscepi.
828 2311 908 2376 Illud
954 2312 1028 2388 nult,
1046 2319 1075 2373 et
1093 2313 1165 2384 ruli,
1183 2313 1208 2373 ει
1226 2313 1343 2374 amicus
1359 2321 1405 2374 esi
1421 2361 1427 2380 .
1444 2315 1535 2378 bonis
1552 2314 1696 2377 omnibus
1712 2318 1741 2376 ie
1757 2325 1805 2374 re·

51 2393 146 2472 igitur
169 2399 227 2458 est.
254 2394 336 2472 quod
361 2399 476 2464 ιειιιο,
501 2396 531 2453 ιι
545 2393 689 2460 admiror.
706 2411 756 2456 ras
771 2394 908 2474 singulas
955 2395 1051 2472 plara.
1069 2399 1128 2456 ειι
1154 2395 1241 2456 malis
1256 2397 1400 2458 amnibus
1423 2397 1565 2463 liberare.
1583 2397 1687 2460 Utrum
1704 2402 1806 2481 autem

51 2478 89 2536 ab
107 2475 471 2553 omnipotenieCrenture
484 2480 639 2538 momento
650 2476 746 2540 luisse
759 2479 909 2555 perlectas
953 2479 1062 2541 iratam
1086 2478 1263 2550 othomam,
1280 2496 1317 2540 an
1335 2482 1484 2558 placatum
1501 2487 1532 2545 ei
1545 2481 1676 2542 amicum
1692 2480 1809 2552 habeas

51 2575 85 2620 ac
101 2563 141 2621 de
158 2565 250 2632 tarra,
268 2568 298 2621 et
314 2575 402 2635 cauo,
421 2565 452 2620 el
467 2574 549 2634 aere,
573 2565 603 2618 at
619 2561 690 2639 igne
706 2577 797 2624 nemu
813 2561 907 2624 ambi·
954 2560 1064 2639 Deum,
1087 2563 1118 2622 iu
1142 2578 1232 2624 manu
1256 2569 1303 2623 ιιι
1327 2572 1385 2637 ast,
1408 2564 1480 2627 dum
1503 2567 1592 2627 uitam
1611 2565 1689 2626 banc
1705 2565 1807 2627 ducis.

49 2641 104 2721 git.
129 2646 204 2716 auin
221 2643 333 2714 simul,
356 2647 386 2704 et
408 2641 438 2703 ιι
462 2648 629 2710 momentu.
647 2651 678 2705 ot
695 2643 783 2706 etiam
799 2661 908 2708 amnas
953 2644 1037 2707 Deus
1052 2645 1146 2718 enim,
1161 2653 1190 2708 at
1203 2661 1257 2724 per
1270 2645 1448 2726 Prophetas,
1462 2656 1492 2710 et
1505 2647 1617 2712 deinde
1630 2645 1806 2726 perFtiium

49 2727 156 2805 ingali
170 2727 279 2790 eodem
293 2731 448 2788 momento
461 2725 583 2788 condita
596 2725 668 2787 sini.
680 2725 723 2788 lle
736 2727 908 2790 damaman·
954 2743 1057 2798 suum,
1074 2744 1109 2790 ιι
1125 2745 1179 2804 ρει
1194 2727 1358 2805 Apostolos
1378 2731 1445 2794 aius
1461 2733 1491 2794 in
1509 2731 1676 2809 Scripturts
1691 2731 1808 2793 sanctis

51 2814 93 2883 to,
111 2817 142 2870 et
164 2812 317 2872 divisione
341 2823 512 2886 aquarum
536 2815 642 2870 notum
664 2816 712 2871 εει
733 2814 836 2873 omnia
859 2811 908 2873 illa
954 2819 1103 2890 perpetuo
1119 2812 1227 2874 cismai
1243 2813 1372 2876 inritans
1389 2820 1566 2893 peccatores
1591 2816 1628 2876 ad
1646 2815 1806 2892 poeniten·

49 2895 125 2952 taeta
142 2908 213 2956 esse
227 2910 282 2970 per
294 2895 390 2955 sulam
407 2891 496 2953 Verbi
511 2892 663 2963 virtutem,
678 2893 821 2957 dicentis:
834 2895 910 2959 reat
955 2898 1038 2970 itam,
1056 2902 1087 2956 at
1101 2895 1198 2958 iustos
1221 2894 1258 2956 nd
1275 2897 1497 2960 observantiam
1525 2899 1750 2974 mandatorum,
1774 2900 1809 2960 ui

48 2973 291 3050 destamentum
311 2977 349 3038 in
364 2975 473 3038 medlo
488 2989 666 3055 aquarum,
683 2981 715 3038 ct
729 2977 853 3054 quidem
876 2981 908 3040 in
954 2978 999 3040 sic
1015 2986 1174 3056 utrosque3
1191 2979 1301 3040 habeat
1316 2981 1441 3053 amicos,
1460 2983 1505 3044 rel
1522 2984 1624 3060 potius
1642 2981 1722 3043 tilios
1738 2980 1810 3042 aba·

50 3067 220 3137 momento,
245 3065 385 3136 sequitur
407 3065 503 3126 enim,
522 3064 551 3120 ει
564 3058 687 3135 sactum
703 3062 830 3134 calita,
848 3077 908 3141 aaa
953 3061 1105 3132 risstmos,
1128 3068 1159 3123 at
1181 3063 1330 3124 haeredes
1352 3063 1468 3125 aeterni
1493 3069 1578 3142 regni
1597 3067 1657 3126 ειι.
1675 3063 1754 3131 ludi
1770 3061 1808 3124 Ε·

50 3142 121 3204 luco
136 3160 162 3204 ε.
179 3143 312 3206 ιιιιιεε
331 3141 589 3220 chrysostomus:
606 3141 708 3212 Diali,
733 3144 842 3221 inquit,
859 3161 908 3208 so·
953 3144 1145 3206 rechialem:
1166 3145 1237 3206 Vino
1254 3160 1323 3222 epo,
1341 3147 1419 3209 dicit
1434 3145 1609 3222 Dominus,
1633 3146 1709 3209 nalo
1723 3161 1810 3209 mor·

49 3224 130 3299 lam,
147 3230 178 3288 ιι
191 3243 273 3306 apua
287 3231 458 3306 aequatam
472 3231 530 3303 ast,
544 3226 589 3287 sic
602 3226 691 3288 ailam
707 3227 788 3290 idem
804 3234 909 3290 auctor
953 3233 1016 3288 tam
1028 3226 1136 3306 impii,
1149 3229 1206 3290 aad
1220 3234 1256 3290 ai
1267 3237 1482 3304 concertator,
1497 3237 1526 3293 at
1536 3235 1634 3294 atoal.
1649 3229 1809 3311 Conaerti·

49 3310 87 3370 ad
104 3310 157 3370 illa
175 3311 277 3376 narba.
296 3309 459 3372 Garminet
481 3314 568 3370 terra
582 3307 714 3371 lterbam
728 3311 906 3392 nirentam3
952 3309 1507 3378 minicanaartiminiaaiiaoeatris
1519 3315 1715 3393 praaeminet
1727 3329 1808 3394 qua·

48 3399 78 3455 at
92 3393 217 3472 [actam
239 3399 285 3456 ast
297 3396 366 3467 ita3
386 3389 474 3468 Quia,
492 3393 591 3466 innuit
604 3437 612 3467 ,
627 3408 696 3455 aaa
710 3393 909 3470 obstupescat
950 3410 988 3455 re
1008 3394 1196 3458 moriamini
1216 3394 1331 3459 domus
1352 3396 1480 3460 lsrael?
1496 3403 1526 3460 at
1541 3398 1615 3459 inira
1631 3416 1639 3458 ι
1656 3395 1808 3475 lmpietas

48 3481 207 3555 ιιριιιιι.
221 3477 382 3557 qaoncodo
392 3474 526 3538 narbam
538 3473 670 3538 Domini
679 3477 837 3554 permiscet
849 3484 909 3542 ier·
952 3478 1048 3554 impii
1060 3492 1130 3539 aaa
1143 3477 1266 3540 nocebit
1282 3481 1322 3548 ai.
1339 3482 1375 3542 in
1390 3495 1596 3562 paucumque
1610 3481 1664 3544 die
1678 3496 1808 3544 conaer-

50 3573 102 3634 ra,
122 3562 221 3638 qnasi
235 3559 426 3625 admirabili
446 3558 541 3637 peplo
557 3565 662 3621 terrae
675 3559 794 3637 faciam
805 3563 908 3625 carita
952 3575 1007 3623 eas
1021 3559 1118 3636 [aemi
1133 3562 1174 3624 ab
1185 3564 1348 3640 impietate
1362 3577 1435 3642 aaa,
1452 3571 1544 3642 atone
1559 3566 1617 3626 lroc
1632 3564 1713 3643 quod
1731 3563 1805 3627 Eze-

47 3641 185 3720 llaribae
211 3643 524 3706 adametiaidtssee
537 3641 642 3704 sabito
658 3647 799 3721 terram,
823 3661 908 3724 qaae
952 3643 1033 3707 oblat
1057 3642 1176 3717 clamat,
1200 3645 1295 3710 Isaias
1318 3663 1453 3725 quaqua,
1471 3655 1501 3710 ει
1516 3645 1675 3720 Ieremias,
1692 3651 1723 3718 ei
1736 3647 1808 3710 Pro·

48 3731 151 3790 antea
167 3728 320 3806 deformis
335 3733 364 3789 el
378 3725 504 3789 incubo
519 3731 600 3794 aral,
614 3727 727 3790 decora
741 3745 799 3791 aaa
813 3736 842 3791 et
856 3746 907 3793 oc·
951 3729 1063 3808 ριιιιιι
1079 3729 1190 3790 caeteri
1206 3729 1350 3805 clamant,
1369 3747 1448 3793 unus
1464 3732 1545 3794 enim
1560 3738 1624 3793 erat
1635 3732 1762 3808 spiritus
1774 3729 1808 3794 ia

47 3818 131 3872 nain
146 3855 155 3887 ,
172 3812 269 3889 qnasi
285 3827 359 3873 cam
375 3809 462 3873 coelo
478 3810 693 3884 contendere,
717 3818 748 3873 et
766 3817 850 3889 post,
867 3813 904 3874 ad
952 3811 1108 3888 omnibus,
1133 3817 1163 3873 et
1185 3810 1265 3874 idem
1289 3831 1344 3893 per
1365 3828 1474 3876 amnas
1497 3815 1657 3877 clamabat.
1673 3813 1751 3878 ilodt
1775 3813 1809 3876 ll·

50 3893 100 3955 illa
119 3896 223 3964 narba,
240 3894 339 3956 Fiant
362 3894 555 3968 luminaria,
573 3895 619 3952 sic
637 3893 791 3970 loquitur:
814 3894 907 3959 diali
950 3894 1025 3956 lium
1042 3893 1096 3956 Ilei
1114 3896 1322 3972 exordientem
1340 3897 1598 3974 praedicationem
1615 3915 1714 3963 suam.
1733 3896 1807 3978 θοις

47 3979 166 4054 solnm,
184 3984 213 4040 ei
226 3980 422 4056 prodactam
433 3983 478 4038 ast
493 3975 551 4038 ιιιι
565 3975 760 4041 admirabile
772 3979 908 4042 aaran·
952 3977 1000 4056 pit
1013 3975 1114 4050 laena,
1132 3976 1409 4057 ιιιιιιιιιιιιιιιε,
1425 3982 1627 4060 praedicare.
1643 3987 1672 4044 al
1684 3982 1805 4046 aicae.-

48 4065 140 4136 ium,
159 4059 264 4124 Salam
280 4061 375 4127 dico.
400 4059 483 4138 qaid
503 4062 533 4122 si
548 4061 676 4130 addua,
693 4062 782 4139 paud
796 4065 908 4126 eodem
953 4059 1189 4125 Paenitentiam
1215 4069 1321 4143 opita,
1349 4067 1625 4146 appropinquavit
1650 4067 1739 4128 caim¹
1762 4081 1812 4130 re·

47 4151 231 4211 momento.
250 4154 278 4207 at
300 4145 412 4208 andam
426 4143 521 4206 aerbo
536 4189 543 4208 .
560 4142 688 4206 Lamum
703 4149 732 4205 et
746 4145 854 4210 atellae
877 4161 909 4209 a·
954 4160 1056 4224 anam
1081 4145 1254 4210 coelomm.
1277 4149 1354 4211 dudi
1371 4151 1550 4224 Apostolum
1566 4150 1693 4214 Paulam
1715 4151 1754 4211 de
1774 4163 1811 4211 sa

47 4243 141 4290 mnas
161 4230 250 4291 idam
265 4229 414 4290 conditor
433 4225 533 4303 fecii?
548 4234 578 4287 ει
594 4229 629 4288 ad
646 4227 695 4287 illa
714 4228 816 4292 rerba.
832 4229 909 4293 Pro·
955 4233 986 4290 ιι
1000 4231 1038 4290 da
1054 4228 1240 4306 coapostolis
1255 4232 1321 4294 suis
1338 4233 1514 4310 loquentem
1531 4233 1560 4294 in
1578 4237 1748 4311 posteriore
1773 4230 1810 4296 ad

48 4313 310 4392 decantandae,
328 4315 384 4374 ιιι.
402 4312 446 4371 ιιι
463 4312 527 4372 att:
545 4308 635 4383 Quae
651 4311 767 4390 iinpoo
781 4314 826 4386 ad
841 4313 909 4392 opi
954 4311 1140 4377 Corinthios.
1156 4312 1219 4376 Pru
1236 4313 1368 4391 Christo,
1387 4314 1507 4392 innuit,
1526 4315 1686 4396 lapaiiona
1700 4313 1810 4396 lanai·

46 4392 118 4470 tiela
132 4396 311 4474 praeconio
323 4393 475 4475 sufficiat?
487 4409 565 4454 nam
576 4395 658 4456 sicat
670 4395 710 4456 da
722 4399 810 4458 tarra
822 4396 909 4460 dimit
954 4410 1041 4467 mar,
1058 4398 1293 4473 tamqnamliac
1309 4399 1499 4462 adhortante
1513 4416 1572 4479 ρει
1582 4416 1654 4479 nora
1666 4399 1813 4465 obsecra·

46 4478 166 4540 uolam:
184 4478 354 4544 carminat.
373 4477 512 4541 alnaria
525 4479 843 4555 momacmaittptaac
852 4479 910 4560 llo·
956 4493 1028 4540 mna
1065 4495 1100 4541 ra
1118 4478 1537 4555 dometapracoacitiamint
1559 4483 1642 4553 lieo.
1661 4485 1733 4562 quid
1751 4483 1812 4545 cla·

45 4577 123 4624 ram
138 4562 376 4644 barbaramque
392 4561 549 4639 apparuit
565 4559 672 4638 copim
688 4564 733 4623 sic
749 4569 778 4623 ei
793 4563 845 4625 laic
861 4564 910 4626 di·
956 4563 1020 4624 rius
1032 4496 1136 4640 lpautd
1152 4565 1477 4644 dulciusldpostotos
1492 4570 1614 4628 nornine
1629 4566 1813 4632 christinus

45 4649 122 4708 mit:
147 4647 299 4710 Edaaont
324 4661 445 4726 aquae,
462 4651 491 4706 ei
506 4645 660 4706 cantiano
676 4648 721 4706 lot
741 4647 909 4724 reptilium
955 4643 1109 4726 obsecrat,
1127 4652 1160 4708 oi
1175 4647 1304 4712 velimus
1321 4649 1515 4712 reconciliari
1531 4668 1599 4713 corn
1612 4649 1689 4727 Deo,
1704 4657 1733 4712 et
1750 4650 1815 4725 pta·

47 4729 295 4811 volatiliumque
309 4745 431 4810 panaro
451 4728 584 4791 condita
598 4733 697 4801 saal,
714 4733 791 4808 aaut
806 4746 911 4812 aeque
955 4735 1054 4791 catum
1072 4729 1197 4808 babere,
1215 4748 1275 4794 non
1292 4734 1401 4797 iratum
1416 4780 1424 4806 ,
1442 4735 1512 4813 quis
1535 4735 1694 4816 ambigere
1711 4737 1813 4812 potest

48 4827 197 4876 sermone
218 4817 381 4879 recenseri
401 4817 551 4892 poseant.
576 4807 651 4886 Quis
672 4813 773 4892 ipiiar
792 4813 909 4878 similis
956 4811 995 4874 de
1017 4814 1228 4876 misericordia
1246 4815 1312 4884 liat,
1330 4817 1355 4878 si
1372 4819 1454 4879 serio
1477 4825 1645 4880 revertatur
1661 4816 1698 4880 ad
1715 4816 1813 4878 euml

48 4897 97 4959 ιιι
112 4899 149 4960 io
162 4897 311 4975 fartibus,
327 4897 474 4960 Dominae
957 4897 1091 4978 adcipiat
1106 4898 1231 4960 omnino
1248 4906 1448 4977 revertentes,
1471 4902 1626 4974 anamodo
1642 4903 1765 4979 excepit
1779 4899 1814 4964 ll·

90 4979 136 5043 'lu
151 4998 235 5060 aero,
253 4985 352 5045 aalma
370 4997 457 5057 area,
473 4986 583 5058 quanta
600 4977 639 5043 sit
655 4979 788 5059 potentia
804 4982 910 5046 condi·
955 4977 1028 5041 llum
1057 4982 1217 5060 prodigum
1241 4985 1471 5047 amantissimus
1494 4987 1589 5061 pater.
1605 4984 1662 5047 Ubi
1678 4999 1750 5046 nero
1766 4997 1812 5047 re·

52 5063 200 5144 incisim,
218 5069 277 5128 iem
302 5067 393 5143 plana
415 5065 574 5144 intelligis,
599 5081 676 5142 aune
701 5082 755 5143 per
778 5065 910 5130 latitudi·
956 5065 1034 5124 narsi
1063 5064 1232 5142 lacrimas,
1260 5075 1290 5129 et
1314 5067 1537 5146 indulgentiam
1565 5069 1812 5148 perceperimus,

48 5163 121 5208 aem
139 5153 176 5212 ad
193 5148 298 5213 omnia
313 5165 347 5212 se
360 5151 506 5220 extendit,
521 5165 576 5226 par
590 5148 813 5225 longitudinem
830 5167 910 5213 sam·
956 5145 1028 5224 quid
1047 5163 1061 5206 a
1079 5149 1169 5210 nobis
1186 5153 1330 5230 postutat,
1349 5162 1379 5213 at
1396 5151 1484 5212 antei
1501 5154 1531 5214 ei
1548 5149 1600 5213 titii
1618 5168 1688 5216 esse
1706 5166 1812 5230 perse·

49 5247 105 5310 ρει
122 5233 222 5309 durat,
241 5241 270 5296 ει
286 5233 356 5304 sine
370 5231 547 5312 fatigatione
563 5237 667 5294 narnia
682 5235 781 5309 portal
796 5281 801 5300 .
819 5241 848 5296 et
864 5250 910 5296 ce·
954 5244 1108 5296 varamus.
1134 5231 1191 5294 alst
1217 5241 1248 5294 ut
1270 5235 1410 5296 mandata
1434 5235 1501 5296 aius
1516 5233 1753 5318 custodiamus?
1775 5232 1811 5297 St'

48 5315 103 5394 git.
122 5332 179 5392 per
196 5318 391 5379 altitudinem
409 5313 531 5394 attingit
544 5314 635 5377 eiiam
652 5319 688 5377 ad
706 5332 743 5378 ea
756 5315 908 5388 iacienda.
953 5312 1002 5375 ais
1017 5315 1171 5377 aduttum
1186 5317 1326 5396 inpaedi,
1343 5333 1437 5382 saroa
1450 5317 1620 5393 mandata,
1639 5318 1737 5394 annuli
1752 5316 1810 5380 llo·

45 5413 129 5466 auae
146 5400 351 5478 impossibilia
369 5395 511 5461 ridentur
527 5403 556 5459 el
573 5415 604 5460 re
621 5414 691 5460 rara
707 5403 782 5464 sunt
797 5402 910 5480 impos·
956 5401 1080 5467 mitras,
1104 5413 1140 5460 aa
1163 5416 1200 5460 na
1224 5398 1300 5463 lorta
1328 5401 1434 5464 dicus:
1453 5401 1525 5464 Sina
1541 5400 1722 5465 amittebat
1746 5415 1810 5464 noa

49 5479 152 5543 sibilia
169 5484 316 5546 omnibus
339 5484 421 5556 aliis,
448 5485 514 5559 ipso
530 5481 596 5543 sula
612 5492 753 5562 excapt03
771 5500 825 5562 ρει
842 5501 911 5559 ριο-
956 5487 1086 5558 ριεειιι
1108 5482 1245 5544 mandata
1269 5483 1394 5560 serrari,
1418 5487 1487 5547 audi
1508 5501 1535 5550 s.
1553 5486 1756 5566 ιιριιιιιιιιι
1779 5485 1812 5548 la

48 5562 233 5629 lunditatam
252 5573 290 5628 ιιι
307 5581 358 5629 ιιι
374 5566 455 5634 lacit.
470 5573 501 5626 at
516 5571 626 5629 modus
641 5565 772 5629 laciendl
787 5583 909 5631 omnem
956 5563 1159 5642 explicatione
1178 5565 1374 5642 liestmonam,
1389 5571 1440 5648 qui
1455 5569 1586 5652 loqrreas
1598 5573 1636 5633 da
1649 5574 1812 5648 praecepto

49 5649 290 5726 intelligentiam
307 5655 439 5713 arariam
456 5654 593 5728 superat,
609 5665 679 5714 aum
695 5665 731 5714 ex
755 5651 864 5732 athila,
878 5657 912 5718 ει
957 5650 1093 5718 amulum
1117 5647 1310 5728 difficillimo,
1332 5647 1364 5718 id
1386 5660 1444 5734 est,
1469 5654 1508 5718 da
1524 5652 1580 5716 rita
1598 5654 1738 5732 ponenda
1755 5669 1811 5734 pro

46 5731 83 5802 ιι
99 5731 222 5822 aiddu,
238 5741 270 5802 et
284 5735 354 5802 aina
370 5729 606 5818 instrumentis,
629 5741 661 5802 at
674 5733 743 5806 sina
760 5744 910 5826 tenpore,
956 5730 1114 5820 tratribus,
1130 5734 1177 5804 sta
1191 5734 1327 5826 loquitur
1340 5752 1349 5804 a
1363 5735 1436 5808 Nan
1447 5735 1624 5826 imperaret
1637 5737 1697 5808 baa
1710 5735 1806 5828 acac,
