4044 6256
795 279 1075 348 traearsttntos
1334 247 1338 254 ’
1694 281 1746 346 etr

12 405 23 466 'l
47 415 258 484 otlilentlonla
272 415 452 501 auctoritate
468 417 623 495 praeveni.
639 416 695 482 Dio
710 431 783 494 erro
796 413 919 480 rcntid·
963 413 1212 480 benedictionem
1228 415 1450 496 Apostolicam.
1467 415 1759 496 omnipotentiam
1775 431 1822 481 re·

12 483 23 531 ¹
47 501 95 575 ci,
115 517 197 578 quae
223 499 326 564 vidisti
349 505 378 570 et
393 497 517 575 audisti,
542 508 656 574 tuouoe
678 500 812 562 sermoni
829 501 917 578 signa
963 495 1214 579 ierimusgrates,
1229 500 1281 578 qui
1296 506 1424 564 resinam
1438 500 1707 580 prudentissimam
1722 502 1821 564 excel·

14 571 21 614 Ι
49 583 233 660 parietibus
246 584 393 662 impressa
410 583 618 647 testimonium
632 583 850 659 perhibebunt.
861 584 915 644 Su·
964 581 1087 642 lentiam
1105 600 1134 643 ru
1151 583 1296 644 omnibus
1309 584 1437 656 ornarit,
1454 584 1650 646 etdecorarii
1665 599 1737 662 erga
1748 586 1820 646 bea·

12 647 22 700 Ι
50 668 228 742 persedeat
242 666 334 742 igitur
348 666 555 740 dedicatione,
577 667 721 744 suppleat
741 666 823 744 quod
840 667 916 727 omi·
937 736 940 742 ¹
964 669 1025 726 tum
1042 665 1162 727 Petrum
1176 667 1391 743 Apostolorum
1406 666 1578 744 Principem
1594 667 1753 728 nobiscum
1768 667 1820 729 ba·

12 733 19 830 ξ
47 749 174 818 simus.
192 747 342 812 dominici
367 750 505 827 corporis
528 757 558 812 et
573 749 731 828 sanguinis
754 764 913 812 sacrosan·
964 746 1038 808 bere
1054 747 1265 821 dilectionem,
1282 756 1312 810 et
1333 747 1365 810 in
1384 749 1529 812 omnibus
1543 747 1730 828 Apostolicis
1746 766 1819 812 cun·

12 835 19 890 ,Ι
48 835 102 894 cta
121 832 280 912 mysteria.
298 831 507 910 populumque
522 847 665 896 sermone
686 831 845 908 erudiens,
864 848 918 893 no·
963 829 1079 892 sentire
1095 833 1247 894 censoris.
1265 830 1381 896 Literas
1406 833 1499 912 igitur
1524 839 1643 894 restrae
1668 831 1818 895 nundirari

12 901 19 948 ¹
51 913 156 976 tibcet
167 913 312 979 omuibus
324 913 407 976 bunc
418 915 519 976 locum
532 931 581 978 me
594 914 915 985 erebrorisitaturnm,
965 913 1210 990 transmittimus,
1227 918 1259 978 et
1273 931 1328 993 per
1343 931 1397 977 eas
1412 921 1588 978 sanctorum
1606 915 1818 994 Apostolorum

12 985 18 1029 t
49 998 109 1060 hic
124 1013 173 1060 me
185 995 322 1060 bdelium
336 998 455 1060 votiset
468 997 611 1075 precibus
624 996 800 1072 affuturum,
813 998 917 1060 sobrie
963 996 1156 1071 societatum,
1173 1005 1202 1058 et
1220 1005 1353 1059 nostrum
1376 1000 1465 1060 robis
1487 997 1606 1070 damus,
1624 1003 1746 1059 orantes
1764 999 1819 1059 mi·

12 1063 16 1112 Ι
51 1096 146 1152 vero,
165 1085 227 1158 pte,
245 1088 276 1142 et
292 1080 371 1142 iuste
388 1083 416 1140 tn
436 1082 494 1142 bec
509 1083 635 1143 saeculo
652 1081 823 1142 virentibus
839 1083 916 1142 caeli
963 1080 1161 1142 sericordiam
1186 1080 1283 1150 iltius,
1307 1081 1359 1158 qui
1382 1089 1430 1144 est
1451 1082 1600 1144 Dominus
1622 1084 1771 1158 omnium,
1789 1086 1820 1143 et

12 1155 17 1226 ,Ι
51 1163 183 1226 ianuam
201 1170 421 1226 reseraturum.
437 1163 493 1226 llis
507 1167 599 1226 (lictis
615 1163 776 1226 coelestim
793 1163 831 1226 ab
846 1180 918 1226 ocu·
965 1161 1028 1224 liert
1040 1179 1135 1242 super
1149 1165 1250 1226 omnia
1267 1164 1366 1238 solus,
1382 1172 1413 1227 ut
1428 1164 1496 1243 ipse
1512 1181 1566 1226 ros
1579 1161 1758 1242 participem
1776 1164 1817 1225 la·

12 1233 17 1284 Ι
51 1247 95 1308 lis
127 1249 197 1308 eius
223 1246 386 1321 disparuit.
412 1246 500 1308 blane
525 1255 625 1308 autent
659 1246 736 1308 iacto
761 1247 917 1324 Episcopo
962 1249 1074 1308 ciatcr
1096 1247 1251 1319 omnibus,
1274 1247 1300 1308 si
1324 1264 1383 1323 qua
1406 1256 1478 1310 sunt
1503 1263 1604 1316 noram
1629 1245 1702 1316 beo,
1727 1247 1819 1310 bonis

12 1323 17 1366 ¹
51 1329 182 1394 Mellito
197 1329 234 1392 ad
251 1328 451 1391 dedicandam
467 1329 637 1393 Ecclesiam
654 1329 831 1407 procedenti
848 1348 916 1390 cunt
963 1331 1112 1402 oporibus
1134 1332 1260 1402 nostris,
1284 1331 1439 1393 eitratres
1460 1331 1817 1405 nos‚acsociosinsua

12 1407 16 1452 Ι
55 1414 152 1490 pisce
171 1415 304 1490 piscator
319 1413 464 1484 occurrit,
481 1418 512 1475 et
525 1417 640 1485 omma,
658 1429 736 1489 quae
758 1414 818 1474 sibi
835 1428 918 1474 usan-
963 1410 1128 1473 dilectione
1144 1414 1308 1475 constituat
1322 1412 1352 1474 in
1368 1413 1453 1475 omni
1469 1422 1605 1492 tempore
1621 1411 1764 1489 amplius.
1781 1429 1836 1475 ao¹

12 1473 17 1534 Ι
53 1498 133 1558 dala
149 1494 278 1566 lucrant,
297 1493 412 1571 pandit.
430 1494 538 1571 Stupet
548 1494 695 1566 Antiates,
713 1499 918 1576 reseratisque
964 1511 1025 1556 non
1042 1496 1191 1556 minorem
1209 1505 1324 1573 partem
1341 1496 1483 1574 obsequii
1501 1497 1595 1558 nostri
1614 1495 1701 1557 tobis
1717 1498 1747 1558 in
1761 1513 1817 1557 suo

12 1573 16 1634 l
55 1578 226 1642 Ecclesiae
250 1577 354 1654 ralrrs,
371 1579 452 1638 ridet
473 1581 678 1656 pauimentum
702 1578 861 1653 utriusnue
875 1579 916 1640 el·
963 1593 1058 1656 regno
1073 1581 1281 1657 reconsignet,
1299 1597 1388 1655 quitur
1407 1579 1497 1642 nobis
1514 1579 1664 1657 metipsis
1677 1579 1818 1657 proceni·

12 1657 17 1704 ¹
56 1659 191 1739 pbabeti
209 1659 411 1736 inscriptione
426 1661 591 1738 signatum,
607 1663 752 1739 parietem
768 1660 918 1724 bissenis
961 1677 996 1722 re
1011 1665 1164 1740 optamus.
1179 1661 1300 1724 Erimus
1316 1665 1407 1723 etiam
1420 1661 1568 1739 deinceps
1584 1676 1638 1738 pre
1651 1662 1737 1724 rubis
1750 1662 1819 1724 sinc

55 1744 91 1806 in
110 1744 191 1808 locis
213 1741 464 1806 sanctiticatiuuis
486 1746 554 1808 oleo
577 1745 710 1819 linitum,
727 1746 852 1807 totidem
868 1761 917 1808 ce·
963 1745 1057 1806 dubio
1074 1751 1198 1807 orantes
1213 1745 1349 1813 assidue,
1368 1753 1400 1806 ut
1416 1747 1484 1824 ipsc
1501 1745 1583 1806 [teus
1602 1742 1749 1808 subiiciat
1764 1746 1819 1807 bo·

12 1821 16 1870 ¹
55 1842 186 1890 reorum
203 1827 352 1904 reliquias
367 1826 520 1889 duodenis
535 1827 680 1890 crucibus
695 1827 870 1898 inhaerere,
888 1835 918 1890 et
962 1833 1027 1890 stes
1042 1832 1073 1889 ei
1087 1825 1242 1902 inimicos,
1260 1827 1312 1906 qui
1327 1834 1431 1891 contra
1447 1844 1502 1890 nos
1516 1824 1819 1908 noluerintiusurge·

12 1907 15 1952 ¹
55 1910 151 1988 quasi
167 1911 283 1972 serenti
300 1911 499 1985 respersione
516 1911 615 1972 adbuc
635 1917 742 1974 cuncta
761 1911 915 1972 madesce·
962 1926 1007 1984 re,
1025 1914 1055 1970 et
1069 1908 1230 1972 coullrmet
1251 1927 1305 1973 ros
1329 1911 1359 1970 in
1385 1917 1511 1988 paterno
1536 1911 1633 1982 solio,
1651 1917 1680 1972 et
1696 1911 1818 1990 propria

12 1991 14 2034 Ι
54 2007 105 2058 ro.
120 1990 208 2068 Quod
220 1986 330 2054 ridens
343 1991 529 2072 Episcopus,
543 2009 602 2055 une
615 2009 683 2056 cum
698 1992 916 2070 populellcum
963 1993 1162 2065 haereditate,
1179 2011 1215 2054 ac
1230 1993 1339 2056 beatus
1352 1995 1462 2058 Petrus
1484 1995 1524 2055 sit
1546 1993 1632 2055 robis
1655 2000 1771 2069 custos,
1789 1999 1820 2056 et

12 2073 15 2120 Ι
54 2073 287 2148 benedicebat,
310 2081 341 2136 ct
363 2073 406 2136 itti
428 2078 540 2156 gratias
562 2075 723 2146 relercbet.
748 2077 802 2137 liat
825 2075 915 2138 Adam
963 2075 1083 2137 adiutor
1105 2075 1135 2135 in
1157 2077 1241 2137 omni
1265 2076 1470 2140 tribulatione.
1487 2077 1680 2138 lienuramus
1701 2090 1774 2152 ergo
1790 2082 1820 2140 et

12 2163 14 2236 Ι
56 2158 211 2221 miraculo
228 2158 390 2236 piscatoris
406 2157 487 2222 iltius
508 2163 568 2220 totu
592 2161 765 2232 successio,
782 2175 861 2234 uuae
876 2161 917 2220 si·
964 2157 1194 2228 confirmamus.
1212 2176 1247 2220 ac
1262 2155 1412 2239 augendus
1426 2159 1515 2223 robis
1532 2157 1690 2236 privilegia
1705 2166 1817 2236 restra,

12 2239 14 2286 Ι
57 2246 143 2304 euta
169 2246 253 2317 patre
275 2248 458 2318 acceperat,
483 2245 575 2304 totius
598 2241 809 2316 emolumenti,
834 2242 917 2319 qnod
963 2244 1095 2312 scilicet,
1111 2247 1145 2301 ut
1159 2241 1292 2304 absoluti
1309 2243 1376 2304 sitis
1391 2244 1429 2305 ab
1444 2243 1496 2305 illo
1512 2249 1580 2305 roto
1597 2247 1678 2319 quod
1693 2243 1820 2306 timebu-

12 2309 14 2368 Ι
56 2340 110 2387 ars
126 2323 177 2388 illa
194 2323 345 2402 deinceps
368 2326 394 2387 ei
412 2325 579 2400 conterret,
603 2326 692 2387 beato
706 2324 808 2400 Petro,
825 2325 917 2405 eique
964 2325 1014 2400 tis,
1031 2329 1062 2388 et
1076 2324 1113 2384 ab
1129 2325 1274 2386 omnibus
1296 2326 1365 2388 aliis
1387 2325 1534 2406 peccatis,
1560 2332 1590 2386 ct
1605 2325 1820 2402 iniquitatibus

12 2411 13 2448 Ι
57 2406 269 2471 servientibus
284 2407 421 2469 decimas
433 2405 593 2471 atterebat.
607 2407 693 2469 Unus
709 2414 808 2470 tamen
820 2409 918 2478 semel
962 2409 1073 2469 restris
1089 2402 1267 2470 auctoritate
1283 2407 1378 2485 illius,
1395 2411 1447 2488 qui
1465 2423 1525 2479 me,
1548 2406 1621 2468 licet
1644 2405 1818 2486 indignum,

59 2490 200 2554 mandem
224 2503 319 2552 ausus
340 2489 466 2560 inlerre,
479 2506 554 2555 inor
578 2499 636 2552 tutu
661 2489 714 2553 diu
732 2489 805 2553 artis
820 2498 919 2554 caruit
964 2504 1038 2552 suae
1053 2494 1177 2553 sanctae
1191 2507 1337 2567 praeesse
1359 2493 1454 2555 uoluit
1471 2490 1641 2553 Ecclesiae.
1657 2487 1819 2552 Praeterea

12 2579 13 2616 Ι
58 2571 227 2644 beneflcio,
241 2573 341 2635 donec
356 2573 520 2636 confessus
532 2581 661 2646 reatum,
678 2584 708 2636 et
721 2574 855 2638 ablatum
869 2591 918 2638 re·
963 2573 1007 2634 itti
1025 2573 1105 2645 loeo,
1122 2589 1214 2652 quem
1237 2575 1296 2637 sub
1313 2575 1437 2637 nomine
1460 2581 1586 2638 sanctae
1610 2571 1821 2651 poentientiae

12 2659 14 2704 Ι
59 2658 216 2733 stituerel,
231 2655 669 2733 promitterctcorreetionem.
828 2729 831 2742 Ι
964 2659 1217 2726 construendum,
1235 2664 1264 2718 et
1286 2658 1511 2722 meliorandum
1531 2653 1727 2733 suscepistis,
1745 2671 1820 2735 quo·

12 2761 13 2782 Ι
103 2738 186 2802 llaec
203 2756 272 2800 eum
289 2737 419 2801 Sanetus
434 2738 595 2802 Eduardus
612 2738 771 2810 relatione,
789 2758 825 2803 ac
840 2741 916 2802 scri·
964 2739 1044 2803 nium
1062 2750 1092 2801 ut
1109 2742 1212 2814 turtur,
1231 2740 1358 2818 primam
1375 2740 1543 2819 antiquitus
1554 2737 1819 2801 consecrationem

12 2859 13 2868 Ι
60 2823 124 2900 piis
139 2827 276 2885 reiorum
294 2821 467 2894 didicisset,
484 2822 521 2884 ad
538 2824 757 2886 monasterium
777 2824 852 2886 illud
868 2841 918 2888 aa·
964 2841 978 2884 a
995 2823 1084 2886 beatu
1100 2823 1188 2885 Petro
1203 2828 1334 2901 acecpit,
1351 2826 1440 2885 cuius
1464 2822 1537 2884 ticet
1557 2821 1689 2901 indigni,
1709 2819 1821 2886 linarii

12 2911 13 2920 ’
61 2903 189 2978 diliciis,
207 2904 475 2983 possessionibus,
492 2911 523 2968 et
537 2904 740 2986 dignitatibus
761 2907 851 2969 attius
867 2923 918 2970 crt-
964 2905 1218 2983 samosatenis
1236 2909 1318 2986 regia
1336 2905 1504 2986 antiquitus
1526 2903 1620 2966 sedes
1640 2909 1697 2982 est,
1716 2919 1754 2968 ox
1768 2920 1821 2968 au·

62 2987 234 3050 tollendum
257 2991 371 3049 exarsit
390 2992 512 3051 animus
534 2990 613 3061 eius,
631 2994 661 3050 et
678 3004 732 3065 pro
748 2991 917 3070 priuilegiis
963 2991 1099 3053 ctoritate
1122 2989 1189 3063 liei,
1213 2998 1243 3050 et
1265 2995 1440 3053 sanctorum
1465 2987 1704 3068 Apostolorum,
1728 2994 1821 3067 atquc

62 3069 148 3132 illius
162 3071 236 3142 loci,
252 3073 383 3132 caeteris
404 3071 508 3134 causis
531 3070 662 3134 nuncios
677 3070 805 3136 Romam
821 3079 918 3137 trans·
963 3071 1055 3134 buius
1069 3073 1226 3134 Romanae
1242 3072 1343 3145 Sedis,
1361 3079 1392 3135 et
1405 3077 1510 3134 nostra
1522 3068 1733 3144 concedimus,
1752 3087 1820 3150 per·

61 3155 158 3228 misit,
178 3153 270 3216 talem
285 3153 447 3230 epistolant
465 3155 564 3232 Papae
587 3153 774 3218 deierantes.
793 3156 918 3220 Summo
964 3157 1124 3227 mittimus,
1142 3158 1172 3216 et
1187 3154 1379 3218 solidissime
1395 3151 1625 3226 confirmamus,
1645 3154 1821 3231 etamplius

12 3257 13 3288 ι
62 3235 247 3298 uniuersalis
261 3233 422 3300 Ecclesiae
437 3237 514 3316 patri
525 3236 662 3313 tlicotuo,
674 3237 837 3302 Eduardus
851 3257 917 3318 gra·
962 3241 993 3304 in
1011 3246 1192 3319 perpetuum
1209 3239 1311 3316 regiae
1323 3236 1551 3301 constitutionis
1564 3237 1651 3298 locus
1663 3239 1713 3310 sii,
1728 3244 1821 3317 atque

12 3363 13 3368 η
62 3318 359 3397 transitoriarum
375 3320 608 3394 Retdebitam,
632 3322 916 3396 etsubiectiouem,
963 3325 1178 3404 repositorium
1193 3319 1820 3402 regaliuminsipnium,etbubitatioper·

12 3449 13 3454 η
63 3401 317 3466 etobedientiarn
340 3400 695 3479 Gloriilcutnuslleum,
720 3405 789 3480 cuia
813 3421 916 3468 curam
964 3405 1307 3486 petuamonacborum.
1332 3403 1482 3481 cuinulli
1506 3400 1818 3480 omniuopersonae,

64 3485 159 3549 babet
170 3499 245 3548 suae
255 3483 372 3548 electae
386 3486 551 3560 ecclesiae,
565 3488 709 3562 nunciam
723 3491 752 3549 in
764 3489 832 3550 loco
844 3489 916 3550 boui
964 3493 1022 3554 nisi
1036 3489 1101 3569 regi
1116 3487 1297 3560 subdantur,
1307 3488 1502 3566 habeantque
1515 3490 1695 3564 potestatem
1709 3503 1821 3550 sccun-

63 3567 316 3647 praedecessoris
332 3585 387 3632 ros
402 3568 551 3647 optimum
574 3586 787 3644 successorem
805 3575 918 3634 consii-
964 3576 1034 3636 dum
1063 3571 1199 3651 regulam
1226 3575 1324 3633 sancti
1347 3571 1503 3632 Benedicti
1527 3584 1583 3649 per
1598 3569 1819 3632 successiones

65 3651 131 3713 tuit.
150 3649 343 3730 Quapropter
357 3651 469 3714 iustum
487 3653 658 3717 iudicamus
672 3653 755 3730 apud
768 3669 823 3716 ros
834 3657 919 3716 reiut
963 3660 1078 3737 eligere
1095 3671 1132 3716 cr
1144 3670 1177 3714 se
1191 3654 1319 3716 idoneos
1333 3654 1479 3730 Abbates,
1494 3667 1596 3730 neque
1609 3652 1819 3718 introducatur

62 3737 99 3795 ad
112 3734 231 3796 solitum
245 3740 360 3813 petram
373 3751 497 3808 acuere,
512 3745 542 3800 et
554 3739 684 3815 probare
697 3753 806 3799 omncs
818 3739 916 3801 bonas
964 3757 1018 3816 per
1033 3735 1206 3803 uiolentiam
1229 3740 1371 3800 extranea
1396 3751 1540 3815 persona,
1563 3735 1621 3796 nisi
1639 3751 1730 3813 quam
1747 3753 1819 3798 con·
1894 3783 1901 3796 .

63 3817 200 3880 actiones
215 3822 350 3893 nostras;
366 3826 396 3879 et
411 3826 542 3882 resinam
560 3821 697 3882 notitiam
713 3827 804 3898 atque
821 3825 918 3883 socie·
964 3841 1033 3888 cors
1056 3819 1253 3899 congregatio
1276 3836 1312 3881 cx
1333 3837 1367 3882 sc
1391 3819 1606 3896 praeelegerit.
1625 3819 1822 3881 Absolrimus

64 3905 152 3962 tatem
170 3901 201 3962 in
216 3900 299 3962 bono
316 3901 442 3974 babere,
455 3911 608 3978 quatenus
625 3920 678 3966 cas
690 3902 874 3968 donationes
889 3911 919 3967 et
963 3909 1054 3970 etiam
1072 3922 1140 3968 eum
1154 3904 1257 3965 lucrum
1274 3903 1311 3964 ab
1327 3903 1411 3966 omni
1427 3903 1551 3964 servitio
1569 3908 1597 3962 et
1612 3899 1822 3964 deculcatione

64 3983 232 4061 priuilegia,
249 4001 328 4061 quae
343 3985 533 4048 obtinuimus
550 3990 629 4068 apud
647 3991 916 4062 praedecessorem
962 3989 1151 4066 Episcupali,
1169 3996 1198 4048 ut
1217 3987 1321 4048 nullos
1335 3985 1510 4065 Episcopus
1532 3983 1607 4044 illuc
1629 3986 1758 4046 introeat
1774 3999 1821 4046 ur·

12 4111 13 4114 ¹
64 4075 211 4140 restrum,
227 4071 395 4143 renovetis,
411 4077 442 4130 et
457 4079 595 4149 augeatis
615 4071 717 4144 nobis,
730 4071 874 4135 videlicet
888 4078 919 4134 ut
963 4076 1134 4144 dinuturus,
1152 4078 1203 4134 aut
1225 4076 1446 4148 praecepturus
1468 4067 1596 4147 aliquid,
1617 4069 1674 4128 nisi
1692 4084 1728 4130 cx
1744 4069 1820 4144 peti·

12 4185 13 4204 .
64 4152 145 4228 duod
161 4152 214 4214 ille
230 4152 404 4216 iniunxerat
430 4156 520 4217 nobis
542 4156 600 4219 sub
624 4157 748 4217 norruine
771 4156 919 4218 obedien·
964 4159 1046 4220 tione
1072 4165 1103 4215 at
1128 4170 1284 4217 consensu
1307 4151 1457 4228 Abbatis,
1481 4159 1511 4210 et
1533 4151 1766 4215 Moiracborum.
1786 4151 1822 4216 Ei

12 4241 14 4286 Ι
66 4241 135 4311 tiae,
152 4245 181 4301 et
198 4239 407 4316 poenitentiae
420 4247 546 4317 propter
558 4241 763 4318 nctumnuod
779 4255 918 4301 rorcrarn
962 4242 1076 4303 habent
1091 4239 1171 4301 idem
1188 4238 1275 4300 locus
1288 4236 1418 4298 liberum
1431 4235 1637 4315 procinctum,
1653 4235 1744 4312 idest,
1757 4253 1822 4300 am-

12 4327 15 4372 Ι
65 4322 593 4398 ireliemaur,eiinremissionem
618 4327 754 4384 uranium
779 4329 919 4398 peccato·
963 4322 1309 4396 bitumcaemcterium
1324 4319 1821 4398 mortuorumoiroase,absque

12 4397 15 4458 Ι
65 4424 131 4469 rum
148 4421 284 4470 meorum
302 4414 484 4469 construere
499 4405 684 4470 coenobium
701 4405 917 4468 lionacborum
963 4404 1214 4482 Episcopuli‚rel
1230 4403 1397 4465 cuiuslibet
1413 4408 1568 4478 respectu,
1585 4402 1632 4464 rel
1650 4404 1820 4480 erectione,

12 4485 15 4567 Ι
66 4492 96 4552 in
113 4491 228 4553 bonore
243 4489 378 4565 Apostoli
393 4490 486 4564 Petri,
505 4500 604 4551 rutum
619 4487 735 4552 iacietis
751 4494 781 4550 et
797 4491 918 4566 privile·
965 4497 995 4552 ct
1010 4491 1122 4556 omnin.
1141 4504 1218 4567 quae
1241 4488 1277 4548 ad
1302 4487 1487 4564 libertatem,
1512 4488 1542 4546 et
1557 4487 1768 4558 exaltationem
1787 4492 1822 4551 it·

12 4590 16 4626 t
66 4574 112 4652 gia
128 4576 361 4652 possessionum
379 4583 410 4636 ei
424 4574 604 4652 dignitatum
622 4574 759 4634 eiusdem
773 4574 832 4636 loci
846 4589 919 4634 eun·
963 4576 1024 4637 lius
1040 4573 1097 4634 loci
1115 4575 1151 4635 ad
1171 4573 1319 4632 bonorem
1334 4569 1386 4630 bei
1401 4570 1598 4647 pertinentia,
1618 4576 1819 4647 pernostram

12 4659 17 4714 i
67 4656 205 4732 firmetis,
223 4657 386 4734 renovetis,
404 4665 434 4720 et
446 4657 632 4720 decernatis.
645 4655 710 4736 Ego
726 4671 850 4734 cunque
863 4673 918 4732 pro
963 4657 1174 4720 auctoritatem
1191 4654 1340 4717 accedere
1352 4657 1493 4732 possunt,
1509 4653 1597 4714 bituri
1614 4661 1643 4715 ct
1656 4656 1822 4732 promptis·

12 4743 17 4810 i
66 4739 188 4802 modulo
216 4754 283 4801 meo
311 4756 421 4818 augeo,
446 4748 475 4802 et
499 4740 648 4802 contlrmu
671 4741 871 4814 donationes,
890 4746 920 4801 et
963 4741 1040 4802 sima
1056 4739 1210 4802 voluntate
1233 4737 1446 4799 concedimus.
1464 4734 1685 4798 Possessiones
1703 4746 1820 4814 autem,

12 4827 17 4913 t
68 4825 303 4887 consuetudines
315 4827 516 4902 pecuniarum
530 4841 606 4902 quas
622 4822 853 4884 babetSeuctus
866 4822 918 4884 Pe·
965 4841 1040 4904 quas
1057 4823 1173 4901 antiqui
1190 4822 1302 4899 Reges,
1319 4836 1376 4881 seu
1392 4817 1580 4896 quicumque
1595 4819 1645 4881 ulii
1664 4821 1819 4896 homines,

12 4916 18 4964 i
68 4913 129 4969 trus
144 4909 174 4966 in
198 4906 329 4985 Augila,
353 4912 384 4968 ct
406 4912 488 4984 ipsas
513 4906 661 4981 pecuuias
684 4905 832 4967 collectas
848 4923 917 4968 cum
965 4924 1019 4970 ros
1036 4921 1171 4981 cunone.
1190 4912 1219 4965 et
1240 4902 1334 4966 nestri
1356 4901 1489 4965 barones
1512 4903 1548 4963 ad
1567 4905 1699 4966 cundem
1717 4903 1819 4968 locum

12 4993 19 5044 Ι
68 4988 218 5068 regalibus
234 4990 325 5051 donis
341 4989 427 5053 mitto
451 4991 549 5058 robis,
569 4994 601 5050 ut
621 4989 716 5052 oretis
741 5005 871 5066 prome,
889 4994 919 5053 et
964 4990 1148 5062 contulistis,
1166 4996 1196 5052 et
1211 4989 1341 5056 chartas,
1361 5003 1440 5065 quae
1453 5003 1490 5048 er
1504 4986 1550 5047 eis
1567 4985 1663 5048 lectae
1680 4995 1761 5053 sont.
1776 4990 1819 5050 di·

12 5079 19 5144 i
69 5087 121 5150 pro
142 5088 220 5147 pace
240 5073 326 5150 regni
356 5073 416 5134 mci
438 5083 467 5135 ct
490 5079 664 5135 continuam
687 5090 723 5133 ac
746 5073 919 5134 solemnem
963 5073 1032 5136 rina
1048 5081 1080 5136 et
1102 5081 1204 5134 nostra
1227 5071 1406 5132 auctoritate
1427 5069 1620 5140 roboramus,
1638 5079 1667 5132 et
1689 5075 1769 5134 nitas
1785 5088 1819 5132 ac

70 5156 242 5218 memoriam
265 5155 432 5219 instituatis
449 5159 542 5220 tntius
557 5154 802 5234 gentisAngliae
817 5171 918 5216 eoram
966 5156 1093 5220 stabiles
1116 5156 1419 5228 essedeoernimus,
1443 5158 1473 5213 et
1496 5153 1677 5222 infractores
1701 5169 1818 5231 aarum,

12 5243 19 5306 i
69 5238 245 5312 corporibus
261 5246 437 5301 sanctorum
456 5242 683 5318 Apostolorum.
964 5239 1011 5302 rel
1029 5243 1199 5314 invasores,
1224 5244 1281 5308 aut¹
1297 5235 1512 5306 diminutores,
1537 5243 1587 5297 aut
1610 5237 1818 5314 dispersores,

12 5329 18 5380 t
107 5321 274 5398 Rescripsit
287 5329 389 5386 autem
407 5325 435 5384 ei
450 5325 527 5397 Papa
543 5325 573 5384 iu
589 5325 670 5383 truce
684 5321 819 5392 modum.
833 5321 922 5383 ilicu-
964 5324 1143 5386 redditores
1167 5321 1258 5384 etium
1282 5328 1406 5381 aeterna
1430 5318 1645 5382 maledictione
1660 5335 1727 5380 eum
1743 5318 1819 5383 luda

12 5401 19 5480 Ι
71 5405 317 5482 tuncepiscopus
341 5421 449 5468 sertus
464 5421 621 5468 serrorum
640 5406 710 5474 liei,
729 5402 919 5467 Gloriosissi-
968 5409 1124 5482 proditore
1140 5405 1331 5480 damnamus,
1347 5411 1378 5463 ut
1391 5403 1421 5464 in
1434 5401 1520 5465 beata
1536 5420 1596 5466 non
1610 5402 1741 5464 babeant
1753 5420 1820 5482 par·

12 5497 20 5550 t
72 5505 128 5562 mo,
141 5506 175 5550 ac
190 5488 340 5568 piissimo,
354 5492 500 5565 orantque
515 5493 631 5552 bonore
642 5487 837 5566 dignissimo,
851 5504 920 5566 spe·
966 5493 1025 5552 tem
1045 5488 1284 5562 resurrectione,
1308 5487 1363 5547 sed
1380 5502 1397 5548 a
1412 5485 1503 5548 beato
1520 5486 1607 5548 Petro
1624 5487 1770 5563 Apostoto
1786 5502 1827 5566 se,

12 5577 22 5632 t
73 5570 814 5651 cialiquoqueitionostroEduarduAnglorum
830 5569 918 5648 Regi,
967 5572 1149 5635 iudicandos
1165 5569 1272 5642 sciant,
1291 5571 1413 5642 uuaodo
1435 5569 1556 5632 sedebit
1579 5586 1647 5630 cum
1671 5571 1736 5632 suis
1752 5586 1821 5648 ccu-

12 5663 21 5720 t
73 5653 269 5718 visitationem
291 5656 512 5732 omnimodam,
535 5657 665 5719 salutem
683 5652 875 5732 mellifluam,
891 5663 921 5716 et
967 5656 1111 5736 postolis,
1130 5654 1271 5718 iudicans
1293 5651 1456 5716 duodecim
1481 5653 1577 5715 tribus
1598 5651 1707 5715 lsrael.
1724 5651 1819 5716 Vobis

169 5756 326 5816 banniantur
346 5755 407 5815 Vol.
424 5756 469 5815 it.
1644 5749 1679 5808 Ιθ
