4054 6246
747 279 925 339 boiemmt
944 277 1125 338 CillS'l'thh

97 413 185 476 Peior
201 415 305 475 noster
321 409 371 488 qui
389 425 423 474 es
439 409 469 473 in
487 411 609 481 coelis.
633 411 841 475 sanctilicetur
859 428 915 475 ue·

59 503 242 558 meatuum.
260 493 406 556 Adveniet
421 510 550 572 regnum
573 501 670 557 tuum.
686 495 752 557 mat
776 497 916 560 veluntas

60 585 120 649 tua,
137 579 216 639 sicut
227 578 259 638 io
272 577 373 654 coelo,
386 583 416 638 et
428 579 458 639 in
472 577 679 640 terral‘anem
692 583 828 640 nostrum
841 593 915 652 uuo·

60 663 206 724 tiniacum
223 661 259 724 dn
278 661 368 721 nobis
386 659 492 735 bodie,
510 665 541 723 el
556 661 674 722 dimitte
697 661 788 722 nobis
811 660 914 724 debita

61 751 163 805 nostra
177 747 257 806 sicut
272 751 302 805 et
316 759 373 804 nos
388 743 569 804 dimittimus
581 742 776 804 debitoribus
788 745 914 804 nostris.

61 827 96 887 iit
112 841 150 888 ne
168 843 223 890 oos
239 827 369 888 inducas
385 827 417 888 in
433 826 642 888 tentationem.
665 824 726 889 Sed
748 826 843 889 libera
860 842 916 888 uos

60 927 77 970 a
94 911 186 971 malo.
202 909 311 970 Amen.

103 991 202 1054 Credo
224 991 253 1053 ia
269 991 367 1055 Deum
389 990 511 1052 Patrem
534 989 790 1070 omnipotentem.
814 989 918 1054 Facto·

63 1091 128 1135 rem
146 1074 224 1136 coeli
240 1083 270 1136 et
286 1082 396 1136 terrae.
412 1072 450 1134 m
466 1073 497 1134 in
518 1071 623 1134 lesum
647 1072 799 1137 Christum
820 1074 916 1136 lilium

61 1159 131 1236 eius
147 1159 295 1232 unicum,
316 1156 479 1219 Dominum
501 1163 651 1218 nostrum.
669 1155 726 1232 Qui
749 1163 918 1231 conceptus

60 1247 108 1302 est
123 1241 163 1302 de
179 1239 294 1316 Spiritu
312 1240 422 1300 Structo
438 1243 528 1300 natus
543 1256 580 1300 cx
594 1239 684 1318 ituria
699 1238 836 1318 Virgine.
848 1239 920 1302 Pas÷
960 1235 963 1242 '

63 1339 118 1384 sus
133 1322 192 1384 sub
209 1322 315 1384 Potitio
329 1321 439 1398 Pilato,
456 1320 637 1394 crucifixus,
656 1329 807 1398 mortuus,
825 1328 855 1384 et
871 1337 919 1384 se·

66 1406 182 1484 pullus.
200 1404 373 1467 Desoeodat
388 1407 425 1464 ad
442 1403 566 1479 iuterna,
584 1403 670 1467 tertia
683 1405 732 1466 die
754 1406 921 1469 resurrexit

62 1487 236 1550 amortuis.
253 1486 423 1551 descendit
443 1487 479 1547 ad
496 1487 622 1558 coelos,
646 1489 734 1572 sedet
755 1489 792 1550 ad
815 1487 919 1550 dexte·

63 1587 126 1632 ram
145 1570 197 1632 bei
213 1569 311 1632 Patris
322 1570 554 1646 omnipotentis.
569 1571 645 1632 lude
658 1573 804 1634 tenturus
816 1577 863 1634 est
871 1570 920 1650 ju·

66 1653 173 1715 dicare
190 1654 274 1715 titos
296 1657 327 1714 et
341 1659 488 1714 mortuos.
512 1651 610 1714 Credo
633 1653 663 1714 io
687 1652 831 1731 Spiritum
853 1669 921 1715 sau·

66 1742 161 1806 ctum,
179 1743 317 1798 sanctam
333 1735 495 1796 ecclesiam
513 1737 720 1806 catholicam,
743 1742 921 1798 sanctorum

64 1819 298 1894 comunionem,
311 1821 525 1880 remissionem
540 1824 746 1896 peccatorum,
761 1818 862 1882 caruis
875 1834 922 1882 re·

66 1901 309 1977 surrectionem,
323 1901 411 1962 ritem
428 1906 596 1962 aeternam.
612 1900 722 1963 Amen.

103 1985 196 2046 Salve
212 1983 326 2063 Regina
343 1991 440 2045 mater
454 1984 687 2046 misericordiae
703 2030 710 2054 ,
729 1983 800 2056 rite,
818 1983 922 2048 dulue-

65 2067 117 2133 do.
136 2075 166 2127 ct
182 2083 256 2142 spes
273 2073 375 2129 nostra
390 2067 486 2128 saite.
507 2065 550 2128 dd
568 2071 596 2127 te
612 2067 798 2139 clamamus,
815 2068 922 2132 exules

65 2149 119 2210 tilii
138 2149 231 2216 lirae.
248 2149 286 2211 ad
303 2157 332 2210 te
348 2149 540 2228 suspiramus
556 2155 735 2228 gementes,
752 2156 782 2212 et
796 2149 922 2224 tientes,

64 2235 95 2293 in
112 2233 171 2294 hac
188 2235 388 2312 laerymarum
406 2231 496 2294 telle.
510 2230 563 2312 Eja
576 2248 650 2312 ergo
664 2236 805 2296 advocata
820 2239 923 2295 nostra

63 2317 135 2378 iilos
152 2322 222 2378 tuus
236 2314 452 2378 misericordes
468 2317 576 2378 oeulos
587 2317 625 2376 ad
642 2332 699 2379 uos
715 2323 872 2378 converte.
888 2316 924 2378 m

63 2397 168 2460 iesum
188 2396 386 2460 benedictum
403 2398 534 2458 lruetum
551 2397 667 2461 reatris
689 2399 732 2460 tui
750 2397 842 2460 uobis
857 2405 927 2476 post

66 2485 125 2542 troc
141 2481 267 2542 exilium
284 2481 435 2555 ostende,
460 2481 648 2554 oclemeus,
665 2496 683 2544 o
700 2483 771 2560 pia,
794 2481 926 2550 oduicis

64 2565 149 2643 uirgo
163 2564 283 2627 diaria..
329 2603 334 2612 ·

247 2729 404 2794 Orcziottc
415 2728 595 2808 ott’aopclo
608 2727 743 2794 Custode

103 2897 221 2977 lugete
237 2897 303 2968 liei,
321 2896 373 2975 qui
390 2901 495 2960 eustos
510 2911 547 2958 cs
560 2895 633 2966 mei,
649 2910 698 2958 me
709 2894 764 2958 tibi
781 2893 926 2957 commis·

64 2995 132 3040 sum
152 2981 264 3056 pictate
280 2979 522 3057 superua,bodie
537 2977 824 3052 illuminacustodi.
840 2993 926 3057 rege,

64 3061 383 3140 etgabcroamtuan.
747 3087 750 3094 ¹

189 3231 347 3297 Orazioae
359 3231 415 3294 ebe
426 3231 455 3292 si
466 3232 537 3294 dice
547 3230 681 3310 quoodo
692 3241 800 3294 sunan

378 3313 462 3377 t'Aae
474 3313 593 3376 bario.

108 3480 249 3560 Angelos
265 3479 386 3543 Domini
401 3478 556 3542 nunciavit
576 3478 710 3556 itariae,
735 3485 765 3542 et
786 3481 929 3559 concepit

66 3564 106 3628 de
121 3563 240 3642 Spiritu
258 3561 382 3627 Sancto.
397 3563 459 3627 Are
472 3563 576 3624 ldcria.
662 3589 665 3596 ·

108 3649 192 3709 Ecce
207 3645 318 3708 ancilla
333 3646 450 3708 homini
468 3646 520 3708 ssat
530 3645 606 3708 mibi
618 3643 790 3709 secundum
802 3645 928 3710 verbum

66 3737 169 3799 tuum.
187 3729 249 3792 lte
264 3727 369 3792 bieria.
795 3773 797 3779 ,

106 3818 147 3880 itt
163 3813 296 3875 lterbum
311 3827 382 3875 caro
396 3810 508 3874 iactum
524 3817 594 3885 ast,
616 3818 647 3876 et
668 3808 815 3892 habitarit
828 3810 860 3874 iu
875 3825 930 3874 uo·

68 3903 129 3965 bis.
147 3893 327 3970 Ancharia.
746 3941 747 3944 ,

110 3987 143 4056 pi.
159 3979 217 4042 Ora
234 3994 290 4057 pru
306 3976 396 4039 nobis
411 3983 515 4039 sancta
533 3977 587 4039 Ilei
604 3975 750 4040 Cenilrlx.
853 4011 856 4016 -

1038 410 1264 492 Sanguinisque
1279 410 1403 488 pretiosi

1038 495 1449 571 Queminmimdipretiom
1500 545 1503 554 .

1038 577 1169 640 Fructus
1184 577 1297 639 neutris
1313 577 1454 655 generosi

1038 657 1385 740 Rexelluditgentium.
1498 684 1502 692 ,

1080 741 1173 804 Nobis
1188 741 1295 813 datus,
1313 743 1403 805 uubis
1419 745 1520 802 natus'

1041 823 1082 886 Ex
1099 830 1207 888 intacta
1224 827 1362 904 uirgine,

1040 907 1077 969 lit
1092 909 1121 969 in
1138 911 1253 970 mundo
1268 912 1480 978 conversatus

1042 990 1153 1066 Sparso
1169 991 1252 1052 verbi
1270 991 1390 1052 semiue

1043 1074 1096 1133 Sui
1110 1087 1210 1135 moras
1226 1073 1377 1136 incolatus

1042 1155 1114 1217 ldito
1131 1156 1237 1217 clausit
1253 1157 1373 1218 ordine.

1083 1237 1115 1298 lo
1128 1253 1291 1315 supremae
1308 1243 1398 1300 nocte
1412 1249 1528 1307 coenae

1045 1319 1238 1382 Recuinbeos
1253 1337 1322 1383 cum
1339 1320 1503 1394 iratribuS,

1047 1401 1206 1464 Observata
1221 1403 1292 1479 lege
1308 1402 1400 1480 pleae
1515 1423 1520 1429 ·

1046 1484 1128 1548 Cibis
1145 1487 1175 1546 in
1189 1483 1344 1564 legalibus

1048 1567 1152 1630 Cibum
1168 1571 1275 1630 turbae
1290 1567 1454 1630 duodenae

1048 1650 1402 1714 Sedatsulsmenibus.
1492 1707 1496 1723 ,
1546 1691 1549 1698 ,

1082 1733 1217 1794 ,Verbum
1234 1751 1327 1804 caro,
1345 1748 1455 1808 paoem
1473 1747 1577 1794 rerum

1048 1817 1145 1892 herbo
1161 1832 1283 1880 ceratem
1300 1814 1393 1878 allicit

1046 1899 1153 1976 Fitque
1170 1901 1295 1978 sanguis
1311 1898 1421 1961 Christi
1440 1914 1557 1959 merum

1048 1983 1084 2044 m
1099 1984 1122 2044 si
1140 1999 1253 2044 sensus
1268 1980 1371 2044 deficit

1048 2065 1092 2128 ad
1109 2063 1289 2126 firmandum
1307 2079 1359 2126 eor
1374 2064 1529 2126 munerum

1049 2147 1116 2212 Sola
1133 2147 1211 2210 tides
1226 2146 1351 2210 suflicit.
1530 2211 1533 2218 ⁴

1090 2229 1216 2292 lunium
1230 2245 1304 2308 ergo
1320 2230 1550 2294 Sacramentum

1051 2312 1237 2376 teneremur
1252 2314 1358 2374 cernui
1375 2359 1382 2384 ,

1016 2441 1017 2446 η
1051 2395 1085 2457 m
1099 2399 1255 2473 antiquum
1272 2396 1490 2457 documentum

1052 2479 1129 2542 ilum
1145 2479 1232 2540 cedat
1248 2475 1316 2539 ritui
1330 2493 1338 2536 :

1055 2563 1185 2624 Praestet
1202 2561 1279 2622 tides
1295 2559 1545 2637 supptementum
1570 2611 1571 2616 ,
1664 2597 1668 2602 =
1726 2594 1729 2600 -

1055 2645 1182 2706 Sensum
1199 2643 1359 2710 delectui(

1091 2725 1236 2798 Genitori,
1254 2725 1443 2805 Cenitoque:

1054 2807 1347 2888 tausctjubiietio:
1474 2867 1477 2872 .

1057 2891 1153 2969 satas,
1169 2889 1270 2964 bonor
1285 2890 1391 2968 uirtus,
1408 2908 1533 2972 qunque

1058 2975 1110 3052 lit,
1126 2979 1158 3037 et
1172 2972 1368 3037 benedictio:

1057 3057 1235 3122 Procedenti
1250 3055 1288 3118 ab
1303 3063 1434 3136 utroque

1057 3139 1181 3218 Compar
1195 3141 1236 3202 sit
1251 3139 1396 3202 laudatio.
1414 3138 1523 3203 Amen.

1019 3226 1049 3296 i.
1062 3221 1176 3285 Panem
1191 3223 1229 3285 dc
1244 3223 1332 3284 coelo
1347 3223 1525 3302 praestitisti
1543 3224 1601 3287 eis.

914 3317 915 3320 ’
1018 3312 1050 3382 d.
1063 3305 1159 3370 (iuno
1174 3305 1431 3368 delectamentum
1447 3307 1479 3369 io
1494 3322 1529 3370 se
1545 3307 1740 3374 habentem.¹

1333 3513 1464 3579 Oramus

1022 3729 1104 3792 heus
1117 3727 1163 3808 put
1179 3727 1270 3790 uobis
1284 3729 1344 3792 sub
1359 3727 1555 3792 sacramento
1567 3727 1828 3806 mirabilipassio·

980 3811 1031 3875 uis
1047 3810 1303 3874 tnaememoriam
1318 3809 1492 3890 reliquisti,
1516 3812 1617 3875 tribue
1638 3826 1828 3888 quaesumus

983 3896 1024 3958 ita
1041 3910 1098 3957 nos
1113 3893 1245 3973 eorporis
1267 3898 1298 3955 et
1319 3893 1479 3972 sanguinis
1502 3895 1543 3956 tui
1558 3911 1656 3956 sacro
1681 3895 1827 3974 mysteria

982 3992 1126 4052 tenerer,
1150 3983 1182 4040 ui
1196 3975 1421 4055 redemptionis
1437 3985 1505 4040 tuac
1529 3979 1659 4039 tructam
1682 3977 1712 4038 in
1736 3978 1827 4037 nobis

110 4073 144 4140 u.
162 4061 201 4124 tit
214 4058 300 4140 digni
315 4058 483 4122 efficiamur
500 4059 758 4137 promissionibus
774 4060 898 4125 Christi.
980 4059 1096 4140 jugiter
1108 4059 1283 4122 sentiemus.
1300 4058 1357 4133 Qui
1371 4059 1448 4124 viris
1462 4067 1494 4124 ct
1515 4076 1627 4140 regnos
1649 4059 1681 4122 in
1703 4061 1827 4124 saecula

112 4146 231 4224 Regina
248 4143 327 4207 coeli
343 4144 469 4210 laetare.
486 4142 609 4223 alleluja

111 4231 298 4306 Quicquam
315 4225 451 4287 meruisti
468 4230 588 4303 portare
603 4225 741 4308 alleluja.
827 4273 829 4278 ,

112 4309 307 4376 Resurreait,
323 4307 405 4370 sicut
418 4309 509 4385 dixit,
527 4309 665 4388 alleieJa.

113 4397 175 4459 (ire
192 4409 250 4472 pro
265 4390 355 4453 uobis
370 4390 480 4463 Deum,
498 4390 634 4471 alleluja.

115 4483 147 4552 l'l·
161 4476 267 4542 Gaude
283 4478 314 4536 ei
327 4474 440 4536 laetere
456 4475 540 4552 virgo
556 4472 659 4551 hieria,
676 4475 814 4552 alleluja.

118 4569 152 4636 aa.
170 4557 247 4638 Quia
261 4556 394 4621 surrexit
410 4556 557 4618 hominus
572 4573 654 4630 rere,
671 4559 807 4638 alleluja.

443 4725 574 4790 Oremtts

118 4897 227 4967 bens,
252 4891 304 4972 qni
327 4909 381 4972 per
395 4896 650 4958 resurrectionem
674 4895 727 4957 tilii
751 4897 793 4960 tui
816 4897 935 4960 homiui

77 4979 177 5042 nostri
189 4975 385 5039 iesqurisii
398 4977 545 5039 muudum
559 4977 722 5042 laetificare
733 4979 875 5058 diguatus
888 4995 933 5055 cs,

78 5066 204 5139 praesta
222 5073 433 5137 quaesumns;
450 5066 483 5120 ut
498 5075 553 5139 per
568 5061 637 5140 ejus
651 5062 829 5140 genitricem
843 5064 935 5141 riagi-

77 5161 151 5206 nem
169 5141 293 5206 hieriam
309 5145 477 5218 perpetuae
491 5143 648 5219 capiamus
660 5144 770 5225 gaudia
781 5145 870 5211 ritae.
881 5146 938 5210 i’cr

78 5227 228 5292 eumdem
244 5223 399 5288 Christum
414 5239 462 5288 ec.
477 5225 588 5290 brnen.

371 5382 495 5450 uiuae
517 5385 657 5470 ainana

173 5557 178 5568 '
209 5551 312 5628 Penne
326 5548 429 5631 lingua
445 5547 571 5628 gloriosi

112 5635 125 5677 '·
169 5631 315 5716 Corporis
330 5637 507 5714 mysterium

982 4139 1291 4236 sacculorumbmen.

1322 4301 1479 4416 HYMN'US*

1098 4558 1183 4635 Veni,
1202 4558 1325 4644 Creator
1340 4561 1493 4638 Spiritus,

1064 4640 1174 4704 thuim
1190 4647 1309 4706 tuorum
1326 4645 1425 4714 visita,

1064 4723 1153 4802 Iuple
1164 4741 1296 4801 superne
1310 4730 1416 4804 gratia,

1007 4807 1009 4812 “
1066 4806 1140 4876 (uae
1156 4813 1186 4869 tu
1201 4810 1310 4870 creasti
1328 4813 1463 4887 pectora,

1096 4887 1152 4963 Qui
1169 4890 1281 4953 diceris
1297 4890 1486 4965 Paraclitus,

1064 4969 1425 5046 litissimidonumllei,
1570 5029 1573 5035 ,

1064 5053 1136 5117 lons
1153 5057 1237 5118 rivos
1252 5055 1344 5133 irruis.
1364 5055 1502 5120 Charitas

1064 5135 1386 5213 itepiritatisiiociio.
1486 5188 1489 5204 .

1097 5219 1488 5300 'inseptitormismnncre
1531 5267 1536 5274 .

1066 5301 1175 5381 ligitus
1189 5304 1337 5367 Paternaa
1351 5303 1506 5382 dexterae,

1011 5401 1024 5411 ⁴
1066 5384 1101 5447 lu
1117 5385 1176 5449 rite
1190 5387 1373 5466 promissum
1388 5387 1497 5465 Patris,

1064 5466 1226 5532 Sermones
1240 5470 1340 5533 ditans
1355 5478 1487 5551 guttura.

1100 5551 1243 5618 accende
1260 5553 1365 5617 iumen
1377 5554 1534 5631 sensibus,

1060 5633 1187 5700 [claude
1203 5652 1336 5702 amorem
1352 5638 1511 5702 cordibus.
