4044 6256
630 849 638 858 ,
717 781 833 870 nrt
864 727 938 866 nr
962 779 1211 876 truncans

605 1090 764 1155 SANCTI
805 1090 989 1156 tinniret
1030 1089 1331 1153 intinctionis

369 1381 468 1432 vtum
481 1380 547 1430 ctu·
560 1361 682 1446 cherpen
694 1378 868 1429 cremara.
879 1377 1048 1443 repr-sapa·
1060 1365 1299 1439 ntbataoamn,
1313 1381 1390 1428 ceute
1402 1374 1567 1440 urgebam

678 1451 709 1500 lu
721 1451 774 1502 ltb.
788 1451 826 1502 tle
836 1451 913 1500 viria
926 1450 1100 1500 illustribus
1111 1463 1177 1515 cap.
1194 1448 1274 1500 ¹8⁰.

874 1709 1071 1721 *-

874 1725 1071 1736 ——n-——u—i—-u

10 2093 13 2114 ’·
100 2087 205 2165 Quom
232 2103 292 2152 nos
318 2085 368 2150 bic
389 2086 574 2167 posuimus,
601 2089 770 2171 descripsit
793 2080 950 2155 Hannictts
994 2093 1086 2155 multa
1101 2093 1258 2171 dispensat
1274 2089 1631 2169 pauperibus30umque
1646 2086 1763 2150 dierum
1779 2103 1833 2150 sex

140 2171 444 2235 donisinsineeoelo
459 2175 543 2232 tono
559 2175 716 2250 antiquae
732 2173 890 2237 lectionis:
904 2191 950 2240 cn
983 2192 1138 2239 uumems
1162 2175 1371 2254 praeterisset,
1397 2171 1510 2250 putarit
1534 2171 1718 2250 praedictam
1744 2170 1833 2231 risio·

140 2256 183 2317 sil
197 2257 312 2318 endem
327 2269 401 2314 ωιτη
413 2254 484 2328 illo,
501 2269 599 2332 qnam
612 2254 740 2334 scripsit
754 2255 948 2333 Adelbodns,
993 2274 1062 2322 nem
1078 2260 1116 2320 ad
1140 2275 1192 2321 sex
1217 2271 1343 2320 menses
1369 2257 1531 2330 pertinere.
1555 2260 1584 2315 ei
1600 2253 1706 2314 eadem
1732 2253 1833 2330 coepit

138 2339 348 2417 ignoramus:
364 2336 422 2397 sed
433 2337 667 2417 cctrrecornqne
680 2340 721 2400 sit
735 2340 842 2417 granis
855 2343 952 2404 ualde
992 2342 1113 2407 timere.
1134 2339 1305 2403 Transactis
1330 2353 1402 2400 nero
1417 2353 1470 2398 sax
1486 2336 1656 2412 mensibus3
1672 2351 1740 2397 cum
1758 2335 1832 2396 nibil

140 2429 169 2482 ei
182 2419 245 2500 ilde
260 2419 455 2500 diybiiii'mss
470 2427 527 2481 eii·
991 2423 1175 2486 infirmitatis
1201 2424 1231 2483 in
1254 2438 1289 2483 so
1310 2426 1474 2499 pateretur,
1492 2418 1655 2481 arbitratus
1677 2423 1725 2479 est
1748 2418 1831 2479 bunc

991 2523 1152 2570 numerum
1178 2505 1216 2567 ad
1242 2521 1296 2567 sex
1310 2519 1407 2568 annos
1422 2501 1741 2580 pertineregidcoqoc
1755 2515 1833 2579 quae

140 2587 227 2648 Anno
243 2583 280 2646 ab
295 2585 506 2648 incarnatione
529 2583 648 2646 Domini
671 2581 948 2662 millesimoprimo‚
991 2595 1022 2651 et
1036 2605 1130 2668 super
1144 2588 1246 2665 coepit
1260 2588 1379 2653 timere,
1393 2585 1533 2662 Dumque
1548 2599 1766 2646 secandorum
1779 2601 1834 2643 nu·

9 2657 11 2700 i
98 2668 137 2731 ab
152 2668 233 2731 Urbe
247 2674 349 2730 autem
365 2669 486 2731 condita
499 2668 661 2729 millesimo
676 2668 949 2754 septingentesimo
991 2687 1095 2734 merus
1120 2673 1240 2748 integer
1255 2669 1475 2745 praeteriisset,
1499 2675 1530 2728 ct
1543 2667 1664 2744 septimi
1679 2669 1750 2727 anni
1767 2665 1833 2727 dies

9 2749 10 2776 ³
96 2751 356 2831 quinquagesimo
381 2754 531 2814 secundo.
556 2747 687 2812 Oltbone
702 2753 790 2814 tertio
806 2751 949 2812 detuncto
989 2756 1147 2819 revolutus
1163 2752 1307 2826 venisset,
1322 2753 1389 2826 ipso
1413 2749 1463 2812 die
1485 2764 1539 2825 per
1561 2748 1764 2825 npcstattcarn
1781 2748 1831 2809 be·

9 2829 10 2866 i
95 2835 223 2903 Romae,
239 2836 363 2894 vacante
374 2833 470 2913 Regni
485 2831 577 2905 solio,
593 2849 661 2894 curn
675 2833 713 2895 de
724 2833 865 2911 Principe
880 2847 949 2910 ago·
991 2836 1195 2899 nedictiouem
1219 2829 1365 2911 suscepit
1383 2830 1520 2894 Caesaris
1545 2830 1733 2909 dignitatem.
1749 2829 1835 2892 Tunc

96 2905 193 2978 relur¹
206 2914 414 2993 subrogando,
442 2914 577 2978 omniurn
604 2921 670 2977 rota
691 2921 770 2977 ‘nutu
794 2914 896 2975 divino
911 2914 947 2976 ad
990 2919 1112 2980 tandem
1127 2917 1265 2982 sentiens
1278 2915 1377 2994 qualis
1392 2921 1475 2976 esset
1489 2931 1543 2974 soa
1567 2915 1654 2988 risio,
1677 2917 1788 2991 gratias
1803 2929 1834 2972 e·

98 3015 168 3062 eum
195 2997 395 3075 inclinantur,
413 2997 464 3074 gui
488 3006 560 3059 tuno
582 2997 613 3057 in
639 2997 745 3074 Reg'no
770 2999 948 3073 potissimus
989 3003 1033 3080 git
1048 3001 1122 3068 Deo,
1149 3005 1317 3076 sanctoque
1344 2993 1523 3076 Vnollango,
1540 2996 1591 3073 qui
1606 2995 1666 3056 sibi
1682 2996 1771 3057 talem
1787 2995 1832 3056 di·

99 3078 283 3142 habebatur.
301 3077 370 3141 Ruit
386 3095 518 3158 numque
540 3080 649 3140 codem
673 3088 810 3155 tempora
826 3080 947 3157 quidam
990 3090 1100 3161 gnatus
1112 3090 1159 3145 est
1174 3083 1309 3143 rerelare
1321 3078 1550 3141 sublimitatem.
1888 3149 1891 3156 .

97 3163 165 3225 Dux
188 3163 380 3224 Berariorum
410 3162 532 3224 nominc
558 3161 722 3234 Esuriens,
738 3161 861 3222 lienrtci
884 3161 949 3222 eiu·
1031 3164 1144 3227 Unctus
1159 3179 1232 3242 ergo
1248 3164 1278 3224 in
1293 3162 1407 3240 Regem
1423 3161 1618 3222 beatissimus
1634 3159 1687 3222 Dei
1702 3158 1833 3222 famulos

99 3244 183 3310 sdeur
197 3244 298 3322 gentis
312 3243 408 3305 Ducis
423 3243 517 3314 illius,
534 3241 648 3325 (euius
678 3243 868 3326 temporibus
880 3259 949 3304 sau·
991 3245 1151 3319 Hearicus,
1167 3245 1341 3321 tempolaris
1356 3243 1452 3322 Regni
1470 3258 1529 3304 uon
1556 3248 1718 3305 contentos
1739 3259 1832 3322 augo·

97 3337 166 3390 ctus
183 3327 369 3406 inoliangus
389 3326 657 3403 Ratisponeusium
681 3325 810 3403 praefuit
824 3325 950 3403 Episco·
991 3325 1834 3409 sliisproadipiscendaimmortalitatiscoroua‚summo

97 3409 175 3490 pos)
190 3416 248 3470 tam
261 3409 408 3483 bonitate,
426 3423 516 3485 quam
539 3407 697 3470 nobilitate
718 3408 810 3487 Regin
827 3410 947 3485 conspi-
990 3412 1077 3490 Regi,
1094 3411 1142 3473 coi
1157 3412 1284 3483 servire,
1301 3425 1427 3490 regnare
1449 3416 1508 3482 est,
1526 3407 1653 3470 militare
1669 3407 1832 3485 disposuit.

99 3509 186 3568 cuos,
204 3493 234 3553 et
255 3490 397 3553 universe
424 3505 542 3552 morum
569 3491 733 3552 honestate
759 3491 947 3568 praeclarus.
991 3495 1144 3556 Summam
1161 3497 1251 3556 etiarn
1269 3493 1456 3570 diligentiam
1473 3491 1503 3551 in
1519 3489 1732 3568 amplificando
1748 3490 1830 3552 cultu

98 3575 154 3637 llic
176 3571 295 3636 inillam
311 3572 479 3649 sapientiae
505 3573 644 3635 timorem
670 3571 793 3634 Domini
818 3572 949 3650 pleniter
990 3577 1148 3656 religionis
1163 3575 1311 3638 adhibuit.
1325 3575 1479 3637 Ecclesiae
1492 3575 1543 3634 Rei
1557 3575 1651 3634 ditare
1665 3575 1836 3650 possessio·

97 3662 145 3719 est
165 3659 335 3733 sequutus3
361 3656 431 3732 guia
458 3663 522 3718 erat
547 3654 630 3717 omui
653 3655 820 3716 litterarum
847 3655 947 3717 studio
991 3660 1095 3735 nibus,
1105 3665 1136 3722 cl
1146 3655 1598 3735 immensisornatibusaugcre
1611 3655 1724 3734 coepit.
1738 3656 1836 3718 Sedes

102 3740 312 3818 principaliter
326 3737 472 3812 imbutus,
489 3743 520 3802 et
535 3743 616 3799 totus
632 3753 704 3798 sana
720 3736 794 3812 ilde,
810 3746 840 3800 et
856 3737 947 3799 aclio-
990 3757 1112 3819 quoque
1136 3741 1336 3821 Episcopalcs
1361 3737 1555 3800 Hildinsbein
1569 3739 1724 3813 uidelicet,
1742 3738 1793 3798 ubi
1816 3757 1832 3798 a

97 3837 135 3886 oc
149 3820 330 3884 catholicus.
347 3820 404 3882 Hic
420 3837 493 3899 ergo
515 3821 553 3881 ab
568 3819 713 3883 omnibus
735 3822 798 3897 pari
821 3825 901 3894 roto,
918 3829 947 3882 et
992 3840 1087 3901 puero
1099 3825 1155 3886 luit
1167 3826 1368 3896 enutritus‚et
1379 3822 1494 3883 litteras
1506 3819 1833 3898 edoctus‚ltagdcbcr-

97 3903 250 3968 communi
266 3919 420 3966 consensu
437 3903 573 3964 omnium
596 3903 770 3975 asciscitur,
794 3903 895 3966 divina
913 3920 943 3965 u·
991 3923 1029 3984 ge
1044 3914 1074 3968 et
1087 3907 1294 3986 Argentinanr,
1311 3911 1341 3966 et
1360 3903 1549 3982 llerseburg,
1574 3917 1651 3981 quae
1672 3901 1831 3965 barbarica

97 3989 181 4059 tione
195 3987 378 4065 disponente
393 3985 566 4056 clementia,
584 3989 618 4047 ut
632 4000 688 4062 per
699 3985 875 4063 temporalis
887 3985 944 4046 Re·
991 3990 1178 4051 immanitate
1203 3988 1405 4050 adiacentium
1430 3985 1602 4050 Sclarorum
1625 3990 1756 4046 vastatae
1772 3986 1834 4048 iue-

98 4071 148 4147 gni
163 4067 280 4147 fastigia
296 4068 332 4130 ad
348 4069 470 4130 culmen
485 4066 571 4144 regni
587 4067 730 4129 caelestis
745 4069 943 4144 pertingeret.
992 4078 1070 4148 rant,
1087 4073 1282 4148 restaurari13
1299 4077 1328 4130 et
1344 4075 1401 4129 tam
1415 4068 1503 4146 ipsis,
1520 4085 1608 4144 quam
1624 4066 1693 4128 aliis
1708 4066 1833 4142 Episco-

100 4151 231 4214 Tcrreua
247 4148 327 4211 enim
344 4148 424 4212 bona
437 4151 538 4212 omnia
554 4149 635 4215 sicot
650 4166 706 4210 osu
722 4150 831 4211 malua
847 4151 945 4211 salute
990 4152 1113 4229 petibus
1123 4168 1180 4232 per
1194 4155 1369 4214 universum
1385 4150 1522 4228 Regnum
1536 4150 1565 4209 in
1583 4148 1834 4226 possessionibus

99 4232 310 4314 praepediunt,
326 4235 371 4294 sic
386 4233 463 4294 elios
477 4247 533 4293 usu
547 4232 677 4292 bonoad
689 4232 817 4292 salutem
832 4233 943 4308 perdu·
992 4239 1022 4296 el
1033 4236 1192 4296 ornatibus
1208 4236 1368 4295 innumera
1379 4234 1458 4293 dona
1475 4230 1639 4293 distribuit.
1647 4230 1834 4293 Hildlnsbei·

99 4323 178 4378 cuni.
992 4319 1090 4378 mensi
1116 4333 1189 4379 tero
1210 4315 1366 4378 Ecclesiae
1381 4320 1518 4376 sancium
1535 4312 1720 4375 Gothardum
1735 4314 1834 4376 diuina

138 4398 274 4476 Cumque
296 4395 471 4474 praedictus
484 4395 548 4459 Rex
561 4395 714 4457 Henricus
729 4411 768 4456 ne
783 4396 854 4458 dunt
871 4395 943 4459 Gae-
991 4398 1118 4460 edoctus
1146 4398 1333 4461 revelatione
1359 4394 1505 4472 praefecit
1527 4395 1726 4474 Episcopum.
1754 4397 1832 4470 Ouid

101 4483 187 4553 saris,
205 4485 251 4542 oet
264 4478 461 4554 Imperatoris
483 4479 637 4540 obtineret
652 4477 840 4556 dignitatem,
854 4495 945 4558 appa·
990 4485 1090 4543 auteur
1103 4479 1349 4560 llerseborgcnsi
1360 4478 1519 4541 Ecclesiae
1530 4495 1603 4558 prae
1615 4479 1682 4540 aliis
1697 4480 1833 4541 contule-

99 4564 199 4626 rullei
214 4561 396 4639 Ratispouae
411 4560 523 4624 Beatus
545 4559 730 4640 iooliangus
746 4561 798 4623 tuli
813 4563 944 4624 risione.
990 4561 1039 4633 rit,
1055 4560 1223 4632 futurorum
1239 4579 1276 4625 ex
1299 4570 1383 4641 parte
1407 4562 1548 4623 nolumus
1564 4560 1730 4623 notificare.
1752 4561 1834 4625 Haec

99 4645 198 4708 Visum
216 4661 348 4723 namque
363 4647 422 4715 est,
439 4645 519 4720 guod
536 4659 664 4705 manens
680 4649 710 4704 tn
725 4642 863 4706 Ecclesia
876 4660 944 4705 san·
991 4646 1104 4708 etenim
1129 4645 1264 4710 Ecclesia
1288 4651 1425 4724 tempore
1447 4643 1548 4722 magni
1563 4643 1716 4719 Ottbonis,
1739 4643 1833 4718 iltius,

100 4731 137 4789 cti
153 4726 538 4803 Emmerarumillpiscopl,
555 4733 585 4788 et
609 4725 756 4805 llartgris,
783 4727 945 4789 accederet
991 4728 1126 4802 ittonam,
1143 4731 1194 4806 qui
1220 4729 1300 4791 iuxta
1321 4727 1434 4790 Lucum
1457 4725 1581 4788 flurium
1604 4726 1663 4788 sub
1678 4733 1783 4788 sancto
1797 4727 1834 4788 tt-

101 4811 202 4872 orandi
219 4811 312 4889 gmtia
339 4811 375 4871 ud
400 4809 481 4872 ilenti
498 4808 655 4888 inoliaogi
678 4809 889 4886 sepulchrum,
912 4811 942 4870 in
991 4810 1105 4873 dalrico
1130 4810 1277 4874 Pontillcc
1303 4809 1437 4888 glorioso
1461 4807 1599 4886 Ungaros
1616 4812 1785 4887 prostravit,
1803 4819 1833 4872 et

101 4893 201 4955 eadem
224 4892 349 4954 basilica
372 4891 485 4958 sitnm:
502 4908 633 4967 cumque
655 4891 767 4954 ibidem
785 4891 943 4954 bominum
988 4893 1090 4974 Reges
1104 4909 1223 4969 eorum,
1239 4894 1389 4969 Lericam,
1402 4897 1433 4954 et
1448 4893 1541 4954 Assur
1551 4891 1733 4971 Ratlspouae
1748 4892 1832 4954 Prin-

101 4982 276 5037 etsauctuor
299 4970 497 5053 vuollangam
520 4975 634 5035 intimis
656 4974 801 5051 precibus
819 4989 942 5037 conare·
989 4975 1110 5055 cipibus
1134 4976 1193 5040 boc
1207 4977 1273 5039 lieri
1298 4975 1555 5049 adiudicaulibus,
1571 4975 1601 5036 in
1619 4971 1760 5049 patibulis
1781 4992 1832 5037 su-

102 5065 147 5119 tur
161 5072 297 5131 exorare,
310 5059 413 5119 subito
427 5056 586 5119 ridebatur
597 5058 625 5118 el
639 5057 706 5132 ipse
717 5062 842 5119 sanctus
852 5056 942 5119 incl·
989 5059 1134 5135 speudit3
1156 5059 1290 5122 assiduis
1311 5056 1551 5135 incursionibus,
1568 5065 1598 5120 et
1611 5058 1713 5120 hostili
1735 5068 1831 5120 rasta·

102 5141 206 5222 langas
226 5145 337 5211 astare,
360 5153 492 5216 eumque
516 5139 690 5201 huiusmodi
712 5139 814 5201 verbis
840 5139 944 5218 appel·
991 5140 1071 5203 tione
1097 5141 1271 5206 Seianorum
1298 5142 1419 5204 redacta
1435 5147 1482 5202 esi
1502 5142 1539 5201 ad
1556 5139 1748 5203 nibilum.Et
1762 5145 1831 5217 quia

103 5225 173 5299 lare,
188 5223 311 5285 Intuere
327 5222 489 5301 diligenter
504 5221 660 5284 litterasin
674 5235 860 5301 maroneae
872 5226 945 5284 sunt
990 5223 1142 5286 violentiis
1155 5224 1322 5286 vicinarum
1338 5225 1493 5286 nationum
1507 5229 1693 5298 conpeteret
1708 5229 1831 5284 resrsta-

104 5322 189 5368 secus
207 5307 356 5367 tumulum
380 5319 482 5365 meum
509 5303 648 5382 scriptas.
664 5303 735 5365 Erat
748 5312 849 5368 autem
863 5309 943 5368 sicut
989 5320 1034 5376 rc,
1050 5307 1082 5368 in
1108 5309 1315 5385 passionibus,
1339 5307 1371 5368 in
1396 5304 1555 5384 religione,
1583 5314 1613 5367 et
1627 5307 1656 5366 in
1673 5305 1829 5374 omnibns,

103 5389 259 5451 ridebatur
273 5389 418 5465 scripturn
434 5387 625 5448 solummodo
639 5404 648 5446 :
670 5386 742 5449 Post
756 5388 826 5450 Sex.
843 5388 941 5468 Erigl-
987 5402 1065 5466 gnae
1080 5393 1116 5450 ad
1131 5389 1335 5453 Pontillcalem
1358 5387 1533 5468 dignitatern
1557 5391 1760 5467 pertinebant,
1778 5405 1830 5466 pe-

105 5473 166 5533 lans
179 5485 253 5533 roro
266 5469 336 5537 Rex,
354 5471 494 5530 diuturna
508 5471 685 5532 tractatione
700 5485 805 5532 seeum
817 5471 943 5534 revolvit
988 5471 1070 5533 uitus
1085 5473 1185 5550 coepit
1199 5473 1341 5535 delicere.

105 5553 281 5632 paucissima
305 5551 396 5614 liuius
410 5551 536 5614 visionis
551 5551 675 5631 scripte.
690 5551 724 5614 Iu
740 5553 847 5631 primis
868 5569 941 5633 ergo
1026 5554 1145 5616 Accidit
1155 5561 1255 5617 aulem
1267 5555 1375 5617 eodem
1387 5559 1534 5631 tompore,
1548 5559 1581 5615 ut
1591 5553 1830 5634 llagdeburgen·

107 5635 272 5712 arbitratus,
299 5635 380 5713 qood
407 5640 475 5713 post
500 5649 555 5697 sex
572 5632 640 5696 dies
665 5644 749 5697 esset
764 5635 939 5715 moriturus,
986 5635 1828 5718 sisEcclesiaedrcbiepiscopusuniversaecaruisviam
