4044 6256
259 293 313 352 ero
862 244 866 252 ’
910 287 989 350 vrrs
1008 289 1039 348 s.
1058 285 1231 348 recovrer

186 423 482 497 christianissimus,
501 425 577 489 nibil
596 427 709 490 tractus
723 427 917 504 superiorum
933 434 1051 504 tempo·
1095 423 1319 488 scodrurtonea
1332 423 1572 489 sanctissimae.
1588 423 1742 503 roctppo
1761 421 1955 502 primogeni-

187 523 254 570 rum
271 508 430 572 laboribus
448 513 478 571 ct
491 513 650 588 expensis,
668 525 744 587 uuas
761 513 790 570 in
816 512 908 588 priori
926 509 1050 588 expedi·
1138 512 1169 570 to
1183 506 1251 585 filio
1267 523 1289 571 o
1304 505 1337 571 S.
1355 507 1517 572 commeo
1544 508 1628 588 Repe
1652 505 1712 572 and
1733 513 1883 570 mortem
1893 523 1955 585 pre-

188 591 495 667 liooetecera13cum
513 595 612 654 tribus
628 593 746 662 liberis,
767 594 920 673 Philippo,
933 593 1049 655 Ioanne
1137 594 1275 671 positae.

189 671 290 746 Petro,
302 673 479 738 oliossiliae
496 684 584 754 portu
601 677 702 752 scirit,
717 676 862 738 adiuncto
879 679 971 738 etiarn
990 675 1048 738 sibi
1387 745 1389 752 ¹

187 753 483 839 Nararmellegc,et
495 757 870 835 permultislicctesiorom
887 757 1049 837 praelectis
1137 758 1195 820 Fili
1211 759 1345 830 rni,ante
1361 757 1462 820 omnia
1480 757 1645 836 diligenter
1659 756 1690 818 in
1709 771 1778 818 eam
1796 771 1909 817 curam
1922 756 1957 816 in·

187 845 217 900 el
230 839 402 903 nobilibus.
420 841 457 904 Ut
472 848 572 902 sotem
590 841 709 904 iacilius
723 848 832 904 terrem
849 850 985 904 sanctam
1003 855 1050 902 ra·
1096 844 1221 914 cumbe,
1239 847 1271 904 ut
1287 839 1396 918 diligas
1411 840 1529 904 Deum:
1552 855 1644 904 nemo
1670 842 1752 902 enim
1770 844 1957 918 potestesse

187 937 337 1001 superare
356 930 493 1001 possent,
509 926 774 986 consultissimum
792 925 859 986 eius
877 924 972 990 risum
989 929 1047 997 cst,
1094 925 1211 996 salros,
1225 923 1284 986 nisi
1300 922 1398 986 Deum
1415 929 1509 986 amat.

186 1004 586 1084 uchgoumTonetanum,
602 1007 684 1080 cuod
700 1023 809 1085 magno
826 1007 983 1087 insyriam
998 1023 1048 1066 na·
1138 1005 1216 1068 Cava
1234 1023 1272 1068 ne
1295 1021 1431 1082 onooam
1454 1007 1596 1068 admittas
1627 1012 1788 1080 peecatum
1822 1005 1959 1067 mortite-

186 1085 361 1166 rigcntibos
384 1089 534 1152 obiiceret
559 1090 793 1166 impedimento,
811 1100 881 1152 onte
898 1092 999 1151 omnio
1019 1090 1048 1148 in
1094 1101 1181 1165 rom;
1198 1089 1254 1150 sed
1271 1090 1372 1150 omnia
1390 1089 1493 1167 potius
1508 1091 1587 1151 ierre
1602 1089 1680 1152 sctis
1695 1104 1811 1170 genera
1827 1095 1959 1150 tormen·

187 1185 273 1231 suam
291 1170 466 1248 redigerent
478 1179 674 1252 potestatem.
693 1171 754 1234 Iam
769 1180 915 1249 ceperant
928 1179 1048 1249 portum
1096 1175 1209 1248 torum,
1227 1188 1316 1250 quaro
1334 1171 1466 1249 aliquem
1485 1171 1576 1232 talem
1593 1180 1772 1250 perpetrare
1786 1170 1928 1248 culpam.

187 1248 389 1329 Cortbogiois
409 1255 461 1332 oui
478 1253 597 1317 Tuneto
615 1257 694 1316 baud
713 1257 823 1332 procot
838 1255 936 1331 obest,
954 1262 982 1316 et
999 1269 1049 1317 ec·
1138 1251 1212 1316 Cum
1229 1257 1355 1316 adversa
1380 1253 1535 1316 accidunt.
1561 1255 1642 1316 ieras
1664 1269 1765 1333 aequo
1790 1253 1912 1326 animo,
1931 1261 1958 1317 ct

187 1349 223 1398 cc
240 1336 377 1406 morbus,
395 1337 448 1413 uui
464 1336 517 1399 iiio
532 1353 614 1400 anno
630 1339 668 1398 iis
682 1340 712 1399 in
732 1339 807 1400 locis
831 1341 906 1399 mire
929 1354 1049 1415 grossa·
1093 1340 1193 1416 cogita
1208 1344 1236 1399 te
1252 1335 1494 1400 commeruisse:
1511 1343 1603 1416 atoue
1619 1339 1657 1399 ilo
1670 1339 1793 1418 lucrum
1812 1337 1872 1398 tibi
1890 1337 1958 1400 iodc

188 1417 288 1490 batur,
307 1419 336 1479 io
354 1418 592 1482 christianorum
610 1423 778 1483 exercitum
794 1422 919 1491 invadit,
939 1435 974 1482 cr
992 1420 1048 1482 Rc·
1093 1419 1234 1483 accedet.

188 1502 236 1579 gis
251 1499 324 1562 filiis
340 1501 420 1563 tollit
439 1502 597 1572 loannem,
617 1503 695 1564 ιοΙΙιι
719 1506 819 1582 ipsum
837 1519 961 1582 quoquc
977 1519 1046 1563 san·
1138 1500 1212 1564 Cum
1235 1503 1331 1565 rebus
1359 1503 1519 1581 prosperis
1545 1501 1668 1579 frueris,
1697 1501 1862 1564 trumititer
1885 1519 1955 1580 agas

186 1581 478 1664 ctissimumilegero
492 1602 561 1648 coro
580 1586 684 1647 multis
697 1585 714 1648 d
727 1588 886 1648 nobilitate
900 1593 929 1645 et
943 1585 1047 1661 plebe.
1093 1584 1207 1662 gratias
1223 1585 1299 1655 Deo,
1318 1600 1357 1645 ne
1374 1585 1446 1646 inde
1462 1589 1565 1647 animo
1581 1585 1692 1660 elatus,
1710 1584 1861 1647 efficiaris
1878 1585 1958 1648 dcte·

188 1662 1049 1750 Quamsanctecutemetpicaritamigraritdbrisba·
1093 1666 1549 1740 rior,uodcteoportuittieri
1565 1669 1737 1730 meliorem.
1822 1701 1837 1732 s

188 1748 336 1812 nissimus
348 1749 423 1825 tter,
442 1767 538 1829 gener
554 1751 621 1811 cios
635 1749 782 1813 dorsrroe
800 1753 861 1814 tier
874 1751 1049 1812 Tusculano
1136 1750 1250 1813 Crebro
1273 1748 1449 1813 confitearis
1473 1757 1598 1826 peccata
1621 1758 1683 1824 tue,
1700 1749 1890 1828 deligasooe
1909 1752 1956 1812 tibi

186 1827 343 1909 Episcopo
360 1835 553 1911 perscripsit.
572 1833 644 1894 dane
660 1841 821 1912 correptos
847 1836 967 1910 morbo,
986 1849 1046 1895 non
1093 1835 1252 1912 sopientes
1281 1831 1500 1903 contessorios.
1525 1833 1578 1912 oui
1601 1840 1630 1895 te
1653 1837 1775 1909 possint
1796 1834 1958 1896 instituere

188 1915 321 1976 cessarit
337 1915 462 1978 laudare
478 1916 588 1984 Deum,
607 1931 701 1993 saepe
718 1917 799 1980 iliam
817 1918 986 1980 orationem
1002 1915 1048 1976 in·
1094 1922 1124 1978 et
1138 1919 1262 1991 docere,
1279 1913 1353 1993 quid
1369 1931 1462 1995 agere
1476 1917 1551 1993 quid
1568 1916 1661 1980 vilare
1687 1920 1848 1994 oporteat:
1867 1924 1900 1980 et
1912 1933 1958 1978 eo·

186 2001 361 2060 tersorens:
380 1998 448 2062 Foc
461 2015 522 2062 ncs
538 1998 672 2060 Domine
685 2015 846 2079 prospero
861 1999 979 2062 mondo·
994 2001 1049 2061 de·
1093 2015 1160 2060 ram
1175 1999 1236 2060 iltis
1252 2001 1290 2059 ita
1316 2004 1345 2059 te
1368 2011 1541 2075 compares,
1565 2005 1598 2062 ut
1617 2000 1749 2062 audeant
1771 2013 1910 2078 syncere
1932 2007 1958 2062 te

184 2080 320 2157 spicere,
338 2087 367 2144 ei
381 2083 478 2145 nullo
494 2084 564 2144 cios
579 2081 720 2144 adunco
736 2083 929 2160 formidare.
945 2081 980 2144 br
993 2096 1049 2159 pro
1093 2081 1338 2158 reprehendere,
1356 2087 1386 2142 et
1401 2081 1472 2142 riiia
1489 2085 1538 2142 toa
1554 2081 1693 2145 indicere
1711 2083 1778 2145 tibi.

186 2160 249 2224 iliis
266 2179 344 2240 quos
361 2179 466 2242 secum
484 2166 661 2234 adduxerat,
681 2165 720 2226 ita
737 2181 847 2227 orans:
863 2165 919 2227 Est
939 2163 1048 2226 Domi-
1135 2163 1275 2226 Officium
1299 2163 1436 2224 diuinum
1459 2165 1570 2226 derote
1592 2167 1751 2228 auscultes
1768 2182 1779 2226 ι
1801 2165 1957 2228 lacessant

184 2257 227 2307 tae
241 2245 327 2322 plebi
343 2253 418 2310 icccc
433 2247 655 2324 sanctificator
677 2252 706 2309 et
731 2253 847 2311 coelos.
875 2247 961 2310 tdorti
978 2263 1048 2326 pro·
1092 2247 1135 2310 ibi
1152 2247 1272 2308 tabulae
1288 2253 1319 2307 et
1345 2261 1457 2322 nugae,
1485 2263 1544 2308 nec
1570 2249 1652 2309 oculi
1681 2248 1742 2309 buc
1771 2253 1867 2326 atoue
1882 2247 1955 2310 ittoc

189 2327 339 2406 pioqoos,
367 2331 463 2392 uoluit
488 2346 522 2393 se
548 2331 687 2408 corporis
712 2330 823 2393 Christi
851 2336 1045 2392 sacramento
1092 2329 1362 2393 circumierootur:
1380 2328 1435 2389 sed
1451 2344 1523 2390 ores
1538 2329 1636 2392 Deum
1652 2345 1718 2404 ore,
1736 2337 1768 2392 et
1784 2335 1880 2392 etism
1898 2345 1957 2392 roe·

189 2411 314 2472 muniri.
344 2411 482 2492 dumque
506 2413 653 2476 sacerdos
669 2413 697 2473 id
714 2414 742 2476 ei
769 2414 958 2489 ostenderet,
978 2428 1046 2490 per·
1093 2413 1210 2474 ditanto
1227 2411 1331 2481 corde,
1350 2409 1445 2488 idque
1461 2413 1629 2491 praecipue
1644 2413 1703 2476 sub
1716 2413 1874 2476 sacribcio
1891 2419 1955 2492 post

189 2493 400 2572 deberemus,
419 2514 491 2558 num
507 2498 646 2558 crederet
662 2495 705 2557 ibi
721 2512 790 2558 csse
805 2495 898 2557 fliium
916 2495 983 2567 bet,
999 2511 1045 2556 re·
1090 2502 1247 2573 peractam
1264 2496 1545 2556 consecrationem.

188 2577 314 2651 spondit
338 2579 441 2641 minos
457 2579 536 2657 apud
557 2595 590 2640 se
608 2577 836 2655 dabernoune,
854 2577 944 2656 noum
961 2580 985 2638 si
1005 2577 1047 2640 ri·
1133 2578 1261 2640 Animos
1277 2577 1321 2638 sis
1337 2577 1389 2653 pio
1404 2582 1434 2637 et
1450 2576 1587 2640 bornaco
1602 2593 1674 2656 erge
1692 2594 1853 2656 pauperes
1868 2583 1954 2639 etca-

187 2657 273 2720 deret
291 2657 445 2723 Christum
460 2663 489 2723 in
508 2661 626 2723 caelos
642 2661 706 2723 lam
724 2677 903 2738 supremum
922 2661 1047 2722 trahens
1090 2659 1250 2724 lauritcsos
1263 2660 1418 2731 domines,
1436 2659 1562 2740 illisque
1575 2676 1631 2739 pro
1642 2661 1764 2723 viribus
1779 2660 1951 2740 opituleris.

186 2741 342 2818 spiritum,
360 2745 538 2820 suspiciens
554 2746 583 2804 io
601 2745 734 2815 caelum,
761 2744 818 2804 uit:
843 2741 987 2806 introibo
1008 2744 1047 2806 in
1133 2743 1164 2804 Si
1181 2742 1253 2819 auid
1271 2748 1361 2821 sugat
1377 2743 1525 2817 animum,
1544 2744 1573 2806 id
1592 2759 1661 2806 mox
1678 2745 1821 2822 explices
1837 2744 1951 2806 contes-

186 2823 322 2887 dcmcrm
350 2831 442 2887 tuom
470 2826 626 2895 Domine,
646 2825 792 2888 odorabo
822 2827 866 2888 cd
890 2827 1047 2903 templum
1093 2827 1175 2888 sorio
1191 2831 1256 2900 tuo,
1273 2830 1324 2888 aut
1351 2823 1442 2886 alicui
1459 2827 1524 2888 viro
1545 2825 1649 2888 bono:
1666 2824 1719 2888 det
1736 2831 1769 2888 ιιι
1783 2827 1906 2890 lucilius
1926 2828 1950 2888 id

185 2911 335 2970 sonetum
350 2912 456 2985 tcum,
474 2915 504 2970 ct
516 2907 688 2985 confitebor
701 2907 909 2972 nominituo.
927 2907 1045 2981 Quibus
1090 2907 1184 2971 teras.

186 2987 289 3062 dictis,
305 2990 484 3054 leticissime
500 2992 685 3054 obdormirit
701 2993 731 3053 in
744 2987 888 3053 bomine.
1133 2990 1174 3053 bo
1190 3005 1327 3068 operam,
1345 2994 1378 3052 nt
1399 3004 1530 3068 quorum
1557 2990 1653 3054 uteris
1679 2991 1910 3054 consuetudine
1925 2999 1949 3056 ct

224 3071 298 3132 liius
316 3077 413 3135 morte
438 3091 498 3136 oon
527 3074 727 3136 mediocriter
752 3078 949 3135 consternato
966 3072 1047 3135 chri·
1093 3071 1417 3146 familiarissimus
1434 3071 1576 3136 tromioes
1594 3073 1680 3148 probi
1698 3083 1726 3135 et
1742 3074 1874 3153 integri.
1889 3079 1949 3137 sire

184 3154 353 3217 stianorum
370 3159 519 3230 exercitu,
537 3162 568 3218 el
589 3155 752 3218 Saracenis
779 3157 974 3232 laetentibus,
993 3154 1046 3217 (lo-
1093 3155 1231 3234 religiosi
1253 3155 1300 3218 ilii
1322 3155 1395 3231 sint,
1409 3155 1475 3216 siro
1500 3157 1691 3230 saeculares,
1708 3165 1739 3218 et
1754 3173 1828 3218 com
1846 3158 1907 3220 iliis
1922 3159 1950 3220 ii·

184 3235 269 3299 roios
285 3237 409 3301 Siciliae
423 3239 499 3310 Rex,
516 3241 547 3300 io
565 3238 659 3301 bellis
680 3243 837 3314 strenuos,
863 3255 931 3300 cum
950 3237 1045 3298 mutto
1091 3237 1203 3301 beuter
1218 3239 1315 3300 misce
1331 3239 1505 3316 colloquia:
1520 3254 1611 3315 porro
1635 3254 1769 3319 nequam
1787 3246 1819 3302 ct
1842 3241 1948 3321 impro-

186 3319 283 3380 militc
310 3320 449 3396 odreoii,
469 3321 654 3395 animosque
670 3322 906 3384 christianorum
934 3319 1043 3383 coodr·
1092 3321 1202 3384 borum
1218 3324 1350 3384 rirorum
1367 3323 1552 3384 commercio
1569 3321 1680 3384 devito.

186 3400 288 3464 morit.
309 3403 346 3466 lit
361 3405 386 3466 si
403 3412 503 3467 autam
521 3406 612 3484 longe
636 3405 741 3480 plures
767 3411 874 3467 essent
897 3404 1045 3465 Barbaro-
1136 3402 1315 3480 Sermones,
1332 3404 1384 3478 coi
1402 3401 1476 3464 tiunt
1491 3405 1530 3466 de
1546 3403 1623 3477 beo,
1648 3403 1774 3482 publice
1801 3411 1833 3466 et
1860 3404 1950 3484 prira·

186 3500 253 3546 rom
270 3501 360 3561 quam
377 3487 614 3550 christianorum
632 3489 740 3562 copiae
756 3504 764 3558 ;
782 3503 844 3548 non
861 3494 961 3548 tameo
978 3487 1045 3548 ausi
1093 3483 1146 3547 tim
1163 3487 1276 3549 lubens
1292 3487 1411 3561 audias,
1430 3501 1539 3562 preces
1561 3494 1730 3566 quoquest
1751 3489 1950 3552 condonatio·

186 3565 271 3628 luero
287 3585 356 3629 com
375 3571 489 3632 uostris
504 3573 651 3633 instructo
669 3571 813 3644 utrinque
827 3573 893 3630 acic
909 3569 1047 3630 commit·
1093 3583 1162 3640 nes,
1179 3571 1243 3632 sire
1259 3569 1468 3646 indulgentias
1483 3570 1622 3631 studiose
1635 3576 1774 3646 expetas.

187 3655 265 3723 tere,
283 3653 338 3712 sed
355 3652 475 3716 levibus
490 3653 616 3732 praeliis
631 3658 660 3714 et
677 3652 796 3714 crebris
808 3651 1046 3714 excursionibus
1135 3650 1239 3714 timeto
1256 3652 1384 3727 bonum,
1401 3651 1483 3713 odito
1500 3653 1612 3714 malum
1629 3669 1733 3714 omne.

186 3747 246 3792 non
265 3735 462 3798 mediocriter
476 3741 622 3797 recurunt
635 3734 832 3796 christianos.
846 3733 980 3796 Tandem
992 3733 1046 3796 ob·
1136 3736 1330 3813 Ubicumque
1345 3734 1453 3808 fueris,
1466 3749 1559 3797 nemo
1573 3751 1669 3797 ausus
1684 3737 1725 3796 sit
1737 3735 1902 3812 quiequam
1920 3753 1950 3797 e·

187 3812 311 3876 sidiooe
329 3819 426 3893 pressi
443 3834 459 3880 u
477 3818 602 3892 nostris,
626 3818 724 3879 coacti
749 3824 823 3879 suoi
838 3833 945 3894 pacem
963 3825 1046 3894 pete·
1092 3819 1225 3884 iusmodi
1255 3825 1285 3878 te
1311 3824 1473 3892 praesente
1500 3817 1630 3894 eloqui,
1661 3818 1744 3896 quod
1770 3819 1883 3880 alliciat
1908 3821 1945 3880 ad

185 3910 232 3966 re,
250 3914 329 3974 quae
345 3899 394 3961 iris
422 3901 615 3976 potissimum
643 3900 877 3961 conditionibus
904 3901 1043 3962 coniecta
1092 3903 1281 3966 mortiierom
1296 3909 1470 3978 peceatum.
1489 3907 1540 3961 aut
1555 3901 1681 3961 atterius
1702 3899 1798 3961 lemae
1817 3900 1945 3982 deroget

184 3985 242 4049 est,
261 3986 292 4040 ut
307 3997 416 4044 omnes
432 3981 612 4056 christiani,
640 3984 691 4058 qui
709 3984 738 4042 in
763 3998 800 4043 eo
826 3997 923 4060 regno
951 3983 1045 4059 capti·
1091 4001 1151 4048 nec
1164 3994 1195 4047 tu
1211 3997 1347 4060 unquam
1364 3983 1403 4044 dc
1425 3981 1488 4044 ulto
1512 3981 1592 4044 mole
1606 3983 1744 4060 loquoris
1759 3983 1948 4045 obtrectandi

183 4061 211 4121 ri
236 4065 443 4138 tenebantur,
460 4064 580 4127 abirent
605 4062 716 4125 liberi:
742 4071 773 4124 et
787 4072 819 4128 ut
835 4063 1044 4127 Dominiconis
1090 4071 1206 4130 animo.

184 4150 214 4204 et
237 4141 462 4223 srsnorsesois,
490 4151 581 4224 atquc
603 4145 671 4208 aliis
700 4146 795 4208 libero
819 4151 902 4208 esset
918 4145 1045 4210 facultas
1130 4150 1196 4213 Non
1213 4146 1337 4227 patiaris
1352 4161 1552 4224 quemquem,
1570 4153 1599 4207 te
1622 4146 1779 4218 audiente,
1808 4163 1950 4225 perverse

187 4229 252 4288 toto
275 4228 327 4290 ilio
351 4245 446 4307 regno
460 4228 615 4292 Christum
645 4229 842 4305 praedicandi
867 4229 1044 4307 credenquc
1091 4231 1131 4295 de
1146 4233 1220 4298 Deo.
1239 4234 1291 4293 aui
1305 4231 1421 4292 sanctis
1436 4233 1504 4290 clos
1521 4227 1616 4309 toqui,
1631 4245 1689 4292 oea
1704 4232 1734 4291 id
1751 4231 1840 4292 sinas
1853 4230 1950 4308 impo-

185 4307 373 4392 beptizendi,
391 4320 486 4389 utque
501 4312 567 4374 Rex
580 4311 839 4390 Tunctsnosilegi
854 4311 977 4374 Siciliae
990 4327 1042 4373 au·
1090 4329 1131 4377 ne
1147 4315 1245 4377 abire.

184 4407 278 4454 nuum
310 4392 457 4456 tributum
489 4393 691 4474 quadraginta
719 4395 849 4458 millium
879 4409 1042 4456 succorum
1132 4397 1247 4460 Crebro
1262 4393 1375 4472 gratius
1390 4409 1462 4472 agos
1478 4394 1542 4456 beo
1558 4410 1613 4472 pro
1628 4393 1719 4456 bonis
1730 4393 1883 4458 omnibus
1898 4395 1949 4457 tibi

182 4475 385 4552 persolveret.
1089 4481 1128 4541 ab
1143 4481 1198 4542 illo
1214 4478 1345 4550 collatis,
1363 4483 1395 4537 ut
1411 4477 1523 4558 dignus
1546 4477 1602 4538 iios
1614 4477 1788 4555 potioribus
1811 4479 1885 4540 cios
1900 4479 1949 4539 be-

224 4555 308 4621 0biit
323 4566 423 4621 sutem
441 4559 600 4637 piissimus
622 4559 686 4622 Rex
709 4558 882 4621 bodonicus
896 4558 1041 4621 vicesima
1089 4562 1211 4625 neiiciis
1226 4567 1256 4622 et
1271 4559 1387 4636 augeri.

182 4639 286 4717 quinto
303 4640 445 4724 Augusti,
464 4649 493 4703 et
521 4648 584 4703 tum
606 4641 636 4703 in
653 4643 724 4716 rita,
743 4650 805 4702 tom
830 4648 899 4721 post
924 4641 1041 4704 obitum
1130 4644 1166 4707 ld
1183 4642 1426 4707 administranda
1441 4641 1555 4703 iustitia
1571 4642 1615 4703 sis
1637 4647 1742 4704 rectos
1757 4645 1788 4704 ei
1809 4657 1948 4714 seueros,

182 4721 1043 4795 moltisclaruitmirorulis.dBoniiaolol’ontitlce,eius
1090 4735 1120 4790 el
1135 4731 1173 4788 ito
1198 4725 1332 4803 alleges
1358 4724 1584 4801 praescribunt,
1608 4739 1675 4786 com
1701 4740 1853 4787 exerceas
1880 4741 1947 4804 erga

183 4805 319 4866 nominis
336 4804 462 4878 dorsuo,
481 4807 511 4866 in
537 4806 666 4869 Sanctos
683 4808 798 4869 retatus
815 4813 873 4868 cst.
892 4805 1042 4868 liebertus
1088 4809 1246 4881 subditos,
1263 4809 1418 4885 nequead
1435 4807 1724 4883 dexterom‚·neooc
1739 4808 1776 4867 od
1790 4806 1947 4869 sinistram

182 4884 340 4966 daguinus
356 4889 435 4950 libro
461 4892 595 4967 septimo
611 4890 649 4949 dc
672 4891 770 4967 gestis
796 4889 981 4951 Francorum
1000 4895 1043 4951 te·
1089 4891 1273 4961 dedectens,
1302 4904 1535 4965 pauperumque
1561 4889 1771 4966 coerimonias
1797 4905 1863 4952 noo
1880 4892 1948 4952 reli·

179 4966 236 5031 sris
252 4977 312 5042 est,
331 4972 360 5032 in
377 4970 511 5034 archivis
527 4970 626 5034 Caroli
644 4971 745 5050 Quinti
768 4972 860 5049 Regis
885 4971 1041 5033 Gallorum
1089 4977 1166 5045 cias,
1183 4976 1284 5034 donec
1299 4973 1412 5033 veritas
1429 4973 1612 5034 innotescet.

181 5057 334 5131 repertum
351 5069 420 5116 esse
437 5054 604 5117 chartolam
623 5060 871 5133 praeceptorum,
897 5071 975 5127 uuae
991 5054 1042 5116 bic
1129 5055 1160 5120 Si
1175 5055 1246 5135 quis
1262 5052 1374 5116 babeat
1390 5054 1552 5118 adversum
1578 5059 1606 5116 te
1632 5054 1789 5132 querelam
1806 5061 1861 5117 aut
1876 5071 1948 5116 coo·

181 5139 308 5198 sanctus
320 5136 383 5198 Rex
411 5135 474 5198 tilio
491 5153 548 5200 suo
564 5137 783 5214 primogenito,
801 5139 873 5198 doru
889 5136 1040 5200 Tunetom
1090 5139 1283 5211 troversiom,
1298 5147 1422 5216 semper
1437 5137 1475 5198 ab
1500 5136 1553 5199 iilo
1578 5143 1642 5199 stes
1664 5146 1767 5199 contro
1785 5145 1816 5198 te
1830 5137 1945 5212 ipsum.

181 5217 351 5296 obsideret,
368 5219 491 5281 dictavit
507 5226 537 5282 et
553 5217 696 5296 scripsit:
724 5235 855 5292 eamooe
881 5236 917 5284 ex
942 5219 1040 5282 daroli
1088 5222 1271 5283 donecrcm
1298 5225 1411 5281 certam
1438 5218 1626 5296 comperias.
1653 5219 1697 5280 lta
1724 5221 1809 5281 euim
1835 5217 1902 5295 flat,
1918 5228 1947 5282 ut

180 5299 326 5363 thesauro
353 5307 522 5379 receptam,
547 5301 707 5364 Girordum
733 5302 771 5364 de
797 5302 973 5379 Montaguto
993 5317 1042 5362 re·
1088 5303 1256 5366 consiliarii
1274 5301 1317 5363 toi
1333 5300 1479 5363 tidentios
1496 5303 1606 5363 iustam
1622 5300 1721 5363 ierant
1744 5305 1944 5364 senteutiam.

183 5381 267 5459 giurn
295 5385 452 5451 scribom,
481 5381 589 5447 Coreto
617 5385 795 5447 exhibuisse
825 5401 907 5446 onoc
933 5385 1042 5446 salutis
1105 5465 1108 5468 ι
1132 5384 1163 5448 Si
1179 5385 1252 5464 quid
1268 5383 1432 5460 possideas
1459 5383 1651 5448 reiaticoae.
1676 5385 1795 5446 etiamst
1814 5387 1845 5444 id
1864 5399 1945 5447 acca·

182 5463 347 5530 millesimo
369 5466 589 5531 trecentesimo
610 5475 730 5545 quarto.
754 5466 795 5529 Eu
825 5474 990 5544 praecepto
1013 5473 1043 5528 el
1090 5469 1174 5547 peris
1190 5485 1206 5528 a
1223 5467 1391 5529 maioribus
1413 5465 1486 5540 tuis,
1503 5468 1717 5530 inrunctontcr
1738 5469 1888 5530 restituas
1904 5471 1946 5528 io·

181 5546 391 5614 institutiones
407 5551 560 5612 habentor
575 5553 666 5610 etiam
681 5551 711 5611 in
724 5550 946 5627 manuscriptis
960 5549 1043 5612 ccdi-
1090 5556 1138 5612 stc
1154 5549 1343 5628 possessori,
1360 5551 1412 5611 ubi
1429 5554 1514 5611 certo
1529 5549 1559 5610 id
1576 5548 1759 5612 eonstiterit.
1776 5548 1830 5612 Sin
1844 5559 1947 5612 autem

180 5629 284 5705 eibos,
302 5635 383 5698 uode
395 5647 454 5697 nos
469 5647 505 5696 ea
520 5631 601 5714 stylo
617 5635 734 5698 mutato
749 5631 988 5714 descripsimus.
1090 5632 1183 5695 dubia
1198 5645 1249 5696 res
1264 5634 1323 5709 est,
1340 5647 1423 5704 cura,
1440 5637 1475 5694 ut
1494 5629 1552 5694 stri
1571 5632 1732 5710 sopientes
1756 5640 1906 5696 occurere
1920 5643 1949 5696 ct
