4048 6242
287 255 339 314 tad
888 255 1126 318 *ascensionis
1147 259 1184 318 IN
1206 257 1307 318 babit

216 393 274 472 qui
284 391 424 472 quaerit,
439 391 563 458 inuenit
584 397 613 456 at
634 394 692 474 qui
712 394 791 470 petit
801 393 938 474 ,accipet
953 397 983 454 at
995 393 1067 470 put·
1113 397 1144 454 ut
1160 391 1325 462 tenuitatis,
1341 385 1697 468 unamquamquam
1713 399 1837 464 corpus,
1847 389 1878 448 et
1895 389 1961 446 tau·

215 477 302 537 sonti
317 476 493 554 operiatur.
510 475 545 536 lit
559 477 631 555 quid
648 479 686 538 sit
702 477 791 552 illud,
805 479 886 552 qnod
899 483 1066 554 petendum
1113 481 1175 536 tum
1191 480 1223 536 ut
1238 471 1352 548 repleat
1369 472 1604 551 spatiumpcnn
1629 471 1835 545 immensum,
1860 475 1966 528 tamen

216 565 264 620 est
279 559 456 638 praecipue,
472 565 505 620 ot
518 557 600 634 quod
612 557 680 620 sine
692 557 882 621 dubitatione
894 557 1067 630 donabitur,
1113 572 1171 618 non
1186 556 1398 630 rideatur,nee
1413 553 1616 618 sentiatur'ob
1633 551 1845 614 incredibilem
1863 550 1966 614 tenui·

216 641 348 719 axplicat
363 643 453 718 paulo
470 649 538 715 post
552 641 672 704 dicens:
688 641 725 704 st
742 657 799 704 una
811 657 885 704 eum
894 641 964 705 aitte
974 639 1067 715 moti,
1115 645 1218 704 tatem.
1234 637 1336 704 llirata
1352 641 1400 700 est
1413 639 1577 715 antiquitas
1598 634 1797 698 subtilitatem
1821 635 1912 703 unlus
1929 634 1966 692 li·

214 719 596 788 ucsttaboucdctudurc
620 723 1069 804 tiltiaueatriaquontomoqis
1115 737 1202 794 onae,
1220 737 1309 798 quam
1332 719 1500 797 pennicillo
1522 720 1649 782 duxerat
1666 717 1833 796 appulus,
1857 720 1913 778 sed
1928 731 1967 776 ea

214 803 676 869 Poteroaatardeooetodubit
698 807 848 884 spiritum
871 805 992 870 bouum
1014 819 1069 882 pe·
1114 803 1193 866 linea
1209 810 1240 867 et
1250 803 1420 875 videbatur,
1433 808 1464 866 et
1477 802 1667 882 tangebatur,
1684 816 1719 862 ao
1735 815 1790 877 per
1803 797 1968 862 boenulto

216 888 355 950 tentibus
378 888 439 950 set
466 888 528 951 lloc
549 887 641 968 igitur
655 895 702 951 est
717 889 869 966 imprimis
883 887 1070 962 assidueque
1116 887 1206 948 modo
1222 885 1389 963 comparari
1403 890 1603 966 paterninum
1621 884 1767 946 tenuitate
1783 881 1875 944 buius
1889 881 1968 943 sub·

215 972 384 1045 petendum
401 975 431 1032 et
443 970 502 1034 boo
517 971 608 1034 nobis
623 969 691 1034 sine
702 971 893 1034 dubitatione
908 973 1071 1034 donabitur
1116 968 1248 1032 tilissimi
1262 969 1330 1043 aeli,
1348 970 1428 1048 qnod
1442 982 1549 1030 omnes
1565 962 1670 1036 ambit,
1686 973 1717 1027 et
1731 964 1881 1044 contingit
1903 971 1935 1025 et
1952 981 1967 1022 n

215 1051 240 1112 si
258 1052 338 1115 bene
355 1051 616 1132 petatur,spiritus
629 1051 729 1124 bonus
741 1053 894 1123 videlieet,
914 1069 968 1133 par
980 1066 1069 1132 quem
1116 1052 1201 1114 nullo
1216 1053 1350 1116 cernitur
1365 1056 1488 1130 propter
1501 1048 1699 1114 subtilitatem
1721 1047 1879 1110 eximiam.
1903 1046 1968 1110 Sed

216 1137 406 1213 respiremus
422 1136 453 1196 in
469 1136 541 1212 beo,
558 1141 589 1198 et
602 1135 792 1212 spiritualem
809 1139 896 1198 uitem
919 1139 1070 1214 respiran·
1116 1135 1348 1198 admirationem
1362 1138 1473 1214 auget,
1498 1132 1581 1212 quod
1596 1148 1665 1196 oum
1681 1129 1721 1194 sit
1736 1145 1787 1193 aer
1801 1129 1971 1192 subtilissi-

220 1219 260 1278 do
276 1233 447 1280 servemus:
465 1221 546 1293 quod
562 1234 589 1281 s,
605 1216 699 1280 Ilarid
718 1217 859 1285 lactabat,
876 1218 926 1296 qui
945 1235 974 1280 an
989 1216 1072 1281 Psal·
1117 1233 1199 1290 mum
1216 1229 1245 1280 et
1260 1216 1475 1280 tenuissimum
1488 1222 1721 1293 corpus,tamen
1734 1230 1803 1278 eum
1816 1211 1971 1276 scinditur

217 1314 266 1362 rno
281 1300 366 1362 dicit:
386 1299 423 1364 Os
434 1303 541 1364 ineam
553 1303 670 1380 operui
687 1303 852 1366 etottruaat
863 1302 1023 1379 spiritum,
1041 1299 1070 1360 id
1116 1317 1234 1372 summa
1251 1299 1394 1366 taeitttate
1409 1301 1517 1362 iterum
1532 1295 1745 1376 coniungitur,
1762 1301 1793 1358 ct
1807 1297 1971 1360 continua·

219 1388 278 1452 est,
296 1398 331 1444 ns
346 1383 448 1446 nidum
466 1385 571 1458 aperui
587 1384 803 1455 desiderando,
817 1385 1073 1459 suspirandopc-
1119 1392 1166 1445 tur
1187 1399 1222 1446 ae
1237 1384 1262 1446 si
1280 1381 1411 1446 scissum
1434 1397 1600 1461 numquam
1622 1378 1743 1443 luisset.
1765 1375 1853 1441 Certo
1868 1378 1974 1439 disru·

217 1463 362 1528 stulando
375 1465 544 1544 gemitibus
560 1466 829 1546 inenarrabilibus,
854 1475 884 1528 et
899 1465 1003 1529 attraxi
1019 1483 1073 1526 au·
1118 1472 1198 1544 ptam
1215 1466 1304 1530 telam
1320 1479 1514 1540 aranearum,
1525 1464 1571 1526 rel
1584 1463 1717 1528 scissum
1730 1461 1971 1531 subtilissimum

216 1561 282 1607 ram
298 1549 512 1610 suavissimam
527 1548 653 1625 spiritus
668 1548 817 1628 [iniquae
832 1555 949 1613 aestum
962 1565 1072 1610 conou·
1118 1549 1219 1614 telum
1236 1547 1341 1634 nullus
1356 1548 1463 1611 artilex
1477 1547 1515 1610 ita
1532 1543 1681 1610 resarcire
1697 1551 1819 1622 potest,
1837 1551 1869 1605 ut
1886 1546 1974 1622 prior

219 1629 392 1704 piscantiae
409 1628 724 1710 refrigerandumque
738 1633 766 1692 in
783 1631 865 1692 omni
881 1631 964 1692 bono
978 1646 1074 1708 opero
1118 1633 1252 1704 scissura
1268 1646 1329 1692 nou
1346 1635 1501 1709 appareat.
1515 1627 1698 1708 Adde,qnod
1714 1633 1761 1690 est
1775 1626 1859 1690 omni
1873 1624 1976 1692 admi·

220 1709 423 1788 eonllrmuuit.
442 1712 525 1786 Quae
541 1730 610 1776 eum
627 1714 667 1776 ita
681 1712 842 1793 sint-qula
858 1716 950 1788 diuet,
967 1729 1021 1780 ros
1034 1713 1074 1774 nl·
1119 1715 1235 1776 ratione
1247 1712 1474 1796 dignissimum,
1491 1715 1521 1776 at
1535 1712 1632 1775 setius
1647 1711 1702 1774 liei
1715 1711 1886 1787 sapientiae
1900 1724 1975 1786 pro·

227 1809 296 1856 aero
312 1795 482 1873 seeundum
500 1795 594 1858 ileum
611 1797 661 1874 qui
675 1795 741 1858 dies
756 1798 904 1872 integros,
921 1795 966 1858 rel
983 1795 1073 1858 etiam
1119 1795 1242 1875 prium,
1258 1797 1340 1874 qued
1359 1812 1412 1872 per
1427 1795 1569 1858 eamdem.
1583 1801 1698 1872 partem
1714 1791 1795 1857 aeris
1808 1791 1973 1870 impermi-

225 1879 350 1939 rnen'ses
365 1884 394 1938 et
409 1893 509 1940 annus
524 1895 583 1938 nnn
596 1878 750 1956 suspirant
771 1880 807 1940 ad
823 1877 931 1944 Deum,
957 1895 1014 1940 nec
1030 1895 1075 1940 re·
1119 1887 1186 1944 atae
1213 1884 1244 1942 et
1269 1878 1361 1940 simul
1388 1883 1547 1942 transcunt
1568 1875 1808 1940 innumerabiles
1828 1875 1973 1937 colorum

223 1958 386 2038 spirantia
402 1958 515 2036 Deum?
530 1961 651 2040 signum
669 1959 750 2024 anim
768 1961 872 2024 mortis
888 1960 1014 2024 euidens
1030 1967 1077 2021 ast
1119 1964 1254 2040 species.
1271 1959 1330 2037 Qui
1343 1961 1402 2024 sub
1416 1968 1539 2022 noctem
1554 1961 1676 2022 laucute
1691 1959 1786 2034 lune,
1809 1956 1841 2020 in
1855 1957 1929 2021 loeo
1941 1973 1974 2017 a·

224 2041 419 2120 conspirare
435 2047 464 2104 et
479 2041 507 2106 si
521 2059 639 2118 spirare
653 2050 700 2106 est
715 2059 815 2117 orare,
832 2047 954 2124 siguum
971 2045 1076 2105 montis
1121 2052 1208 2140 parto
1221 2044 1346 2122 eledite
1361 2042 1499 2121 positus,
1514 2043 1620 2108 stellas
1636 2041 1666 2104 in
1683 2041 1784 2116 eaelo,
1800 2047 1829 2110 et
1844 2055 1977 2116 campos

223 2124 292 2197 urit,
311 2139 372 2190 uon
387 2140 486 2186 orara.
504 2123 567 2190 Vite
584 2125 763 2202 spiritualis,
782 2139 834 2202 per
850 2143 942 2203 quam
957 2126 1009 2188 lltli
1022 2125 1077 2188 Del
1121 2144 1152 2190 ro
1170 2129 1271 2202 terris,
1286 2125 1414 2189 floribus
1437 2126 1557 2203 plenos,
1574 2129 1605 2188 et
1618 2125 1709 2186 simul
1724 2122 1831 2186 domos
1842 2123 1977 2184 arbores

224 2221 345 2284 sumus,
362 2205 392 2268 in
410 2206 557 2288 alteritate
573 2209 628 2270 sita
642 2207 822 2278 est-Videte,
833 2209 931 2284 inquit
945 2224 973 2270 s.
991 2208 1078 2270 loeti·
1122 2209 1299 2284 animantia,
1313 2216 1342 2272 et
1358 2209 1415 2272 alia
1431 2209 1460 2271 id
1476 2225 1574 2288 genus
1590 2208 1683 2280 multa
1706 2206 1899 2282 conspiciat,
1917 2223 1974 2268 ne·

224 2305 280 2350 nes
295 2291 325 2367 ip
339 2290 468 2367 epistola
481 2307 535 2352 sua
548 2291 677 2370 quolam
688 2291 877 2354 alteritatem
889 2291 1078 2354 dedcrttao·
1123 2309 1194 2372 gare
1211 2308 1272 2356 non
1287 2291 1420 2371 poterit.
1436 2307 1538 2352 rerum
1554 2291 1672 2354 itteram
1695 2289 1834 2357 omnium
1847 2291 1978 2365 speeies

227 2371 275 2438 bis
288 2370 509 2449 Putemutsitii
521 2374 577 2436 liei
586 2375 795 2438 nominemur
807 2374 996 2436 maintardi
1009 2374 1078 2452 quis
1122 2379 1152 2438 in
1175 2390 1277 2438 aerem,
1292 2374 1344 2438 illo
1359 2375 1417 2438 sibi
1434 2373 1606 2454 propinquo
1629 2372 1721 2436 simul
1742 2371 1920 2446 contineri,
1945 2377 1977 2430 ct

228 2460 357 2516 amatet.
369 2455 600 2541 nenldasiderat
615 2456 718 2520 uidere
734 2472 824 2533 quem
841 2455 936 2518 amatl
947 2457 1016 2532 quis
1028 2457 1083 2516 de·
1122 2456 1330 2537 impermistas
1346 2458 1507 2520 contineri.
1524 2457 1560 2520 bt
1575 2455 1645 2535 quis
1662 2462 1719 2516 boc
1733 2453 1978 2533 intelligatiquis

228 2535 354 2614 siderei,
371 2543 401 2600 et
416 2555 475 2599 nnn
495 2538 569 2616 petit
584 2539 664 2611 quod
682 2545 766 2617 cupit
780 2539 818 2600 ab
834 2554 894 2612 eo,
917 2555 1008 2615 quam
1022 2541 1079 2600 seit
1123 2541 1240 2618 captati
1253 2540 1407 2617 quomodo
1422 2541 1503 2603 enim
1519 2538 1584 2601 beri
1601 2543 1723 2616 potest,
1741 2543 1774 2600 ut
1788 2553 1840 2599 res
1855 2539 1977 2598 tenuis·

226 2621 379 2693 dicturum,
395 2622 420 2682 si
438 2621 573 2700 petatur?
588 2621 667 2699 Ergo
683 2621 735 2701 qul
748 2637 809 2683 non
822 2622 1032 2688 oratassidue.
1048 2627 1079 2684 ut
1123 2623 1202 2684 aima
1213 2621 1324 2686 tantam
1336 2623 1496 2686 termarum
1511 2622 1684 2686 rametatem
1697 2617 1979 2682 simuloontlneati

224 2701 324 2763 videat
337 2703 446 2764 taciem
464 2703 516 2768 ttat
532 2703 600 2779 sui,
617 2720 678 2766 oon
692 2703 859 2768 desiderat
870 2720 939 2766 eum
963 2703 1077 2787 nidera,
1124 2704 1160 2768 lit
1175 2705 1247 2784 quid
1263 2707 1289 2768 si
1303 2707 1411 2770 eodem
1425 2703 1562 2784 temnere
1579 2711 1609 2766 et
1625 2706 1692 2766 luco
1704 2708 1852 2764 resonent
1866 2711 1979 2764 cantus

225 2785 277 2859 qui
292 2801 353 2846 nun
371 2785 543 2856 desiderat,
561 2802 621 2848 nnn
639 2795 730 2848 amat:
748 2785 800 2864 qui
816 2803 876 2850 nnn
900 2789 1000 2852 amat.
1017 2801 1078 2848 uon
1124 2787 1222 2852 ariam
1238 2788 1276 2852 ab
1293 2806 1351 2854 una
1367 2793 1500 2865 partc,et
1513 2787 1551 2850 ab
1564 2787 1622 2852 alla
1635 2790 1714 2864 uaria
1726 2784 1845 2847 musiea
1860 2784 1979 2848 iustru-

224 2865 307 2940 viait;
326 2869 399 2944 quid
416 2883 489 2947 ergo
504 2869 666 2946 setmitur,
684 2868 742 2931 nisi
766 2875 797 2930 ut
812 2869 989 2932 iudicemus
1001 2885 1080 2930 mor·
1125 2878 1225 2934 tnenta
1240 2879 1271 2933 et
1284 2872 1322 2936 ab
1338 2869 1396 2934 alia
1412 2885 1536 2949 quoque
1548 2886 1685 2935 murmur
1696 2868 1978 2944 cadentiumaqua·

225 2954 295 3011 tuos
309 2966 379 3013 esse
397 2950 470 3027 beo,
494 2954 600 3027 quatis
623 2951 737 3017 muodo
757 2950 846 3020 aiant,
871 2956 921 3030 qui
945 2968 1025 3014 serto
1048 2952 1077 3013 in
1124 2970 1212 3031 rum,
1237 2970 1340 3018 nonne
1365 2953 1456 3016 simul
1477 2953 1509 3016 in
1529 2952 1640 3016 eodem
1662 2966 1734 3014 aere
1757 2966 1887 3014 neeesse
1913 2950 1976 3012 erit

227 3031 528 3106 studiumorationis
544 3049 604 3096 nen
622 3033 829 3098 incumbunt?
844 3034 948 3106 Neque
962 3051 1032 3096 tero
1048 3050 1079 3096 n·
1122 3037 1218 3116 recipi
1232 3053 1301 3101 oum
1317 3041 1361 3100 tut
1374 3035 1479 3099 turmis
1493 3036 1641 3107 acturum,
1657 3035 1747 3096 edam
1770 3034 1839 3096 illos
1856 3049 1978 3096 ornnes

227 3131 307 3192 rare,
324 3131 359 3176 aa
373 3131 427 3194 per
442 3115 500 3178 boo
515 3115 633 3193 spirare
645 3123 676 3180 et
686 3116 786 3179 rirere
800 3116 952 3180 dicendus
964 3118 1078 3195 estqui
1122 3136 1229 3197 sonos,
1253 3126 1305 3186 aut
1319 3135 1426 3184 omnes
1441 3134 1546 3184 eorum
1562 3133 1707 3182 senorum
1734 3118 1879 3196 speeies,
1906 3117 1979 3194 quis

227 3197 292 3260 sola
305 3213 381 3261 roro
395 3200 535 3278 eorporis
545 3215 656 3278 praees
670 3197 780 3268 tundit,
797 3199 894 3263 oratio
909 3199 990 3262 enim
1006 3197 1079 3261 dell·
1125 3203 1201 3267 bace
1215 3202 1297 3279 lacit,
1312 3203 1413 3265 aalma
1429 3216 1507 3272 mee,
1526 3201 1586 3264 nisi
1601 3199 1740 3262 conditor
1756 3208 1838 3276 taus,
1863 3199 1919 3276 qui
1934 3198 1981 3260 ta.

227 3279 557 3359 nitura'sapicntibus,
581 3297 641 3354 non
658 3281 789 3346 ctaaattc
806 3284 890 3346 anuis
906 3282 937 3346 in
953 3299 1079 3358 aerem,
1125 3284 1166 3348 eit
1180 3285 1330 3352 mirabilia
1347 3301 1455 3364 magna
1470 3284 1610 3346 suluslbt
1624 3283 1650 3345 si
1668 3289 1726 3342 tam
1740 3280 1888 3344 mirabilia
1903 3290 1979 3344 snut

226 3360 282 3422 sud
307 3364 436 3440 alesatio
453 3363 564 3428 mentis
580 3365 610 3429 in
628 3364 738 3426 berum.
1124 3384 1217 3445 opera
1233 3370 1312 3439 eius,
1329 3376 1442 3446 quanto
1454 3365 1660 3430 admirabilior
1675 3365 1732 3428 erit
1746 3363 1832 3444 ipset
1847 3364 1911 3426 Sed
1928 3369 1980 3426 est

266 3443 361 3522 Esto,
377 3449 479 3509 anima
495 3462 573 3518 utet.
592 3447 653 3510 billi
669 3445 831 3524 tillebere,
847 3450 880 3510 nl
891 3451 982 3524 putas
997 3452 1026 3509 le
1038 3446 1081 3508 ri·
1124 3449 1225 3516 atatta
1242 3452 1357 3515 utilitas
1372 3451 1464 3520 buius
1480 3449 1674 3512 admirandae
1697 3446 1855 3510 tenuitatis
1875 3447 1908 3509 in
1927 3463 1980 3510 ee·

226 3542 298 3588 nere
316 3525 390 3603 beo,
406 3529 432 3590 si
449 3545 510 3592 non
522 3528 604 3600 serio
619 3529 713 3591 ileum
727 3545 763 3590 ea
779 3529 943 3592 totocorde
956 3529 1080 3606 quaeris
1122 3549 1170 3608 re,
1185 3534 1265 3612 quod
1287 3549 1349 3599 non
1365 3531 1514 3612 impedit,
1531 3532 1585 3594 aad
1602 3532 1683 3594 iuuat
1704 3539 1819 3592 motum
1836 3531 1981 3592 omnium

228 3611 318 3688 eique
334 3611 472 3689 suspiras
489 3609 619 3688 diebus,
635 3627 672 3673 ac
687 3611 937 3686 noctibus,1ncti
952 3612 1078 3680 dicere.
1123 3633 1239 3694 rerum,
1255 3633 1332 3695 tuae
1348 3617 1387 3679 de
1403 3617 1471 3679 loce
1486 3615 1522 3674 ad
1533 3614 1635 3678 locunt
1649 3619 1820 3676 transeunt.
1834 3613 1982 3675 liorimus

227 3707 284 3768 per
298 3692 375 3756 alias
389 3695 609 3771 occupationes
621 3693 674 3756 tibi
691 3708 752 3757 nou
774 3694 891 3765 liuere,
915 3693 1079 3773 colloquiis
1125 3715 1235 3762 ornnes
1250 3706 1365 3778 quanto
1382 3698 1486 3762 labore
1503 3697 1663 3760 trabuntur
1679 3713 1772 3758 nares
1788 3709 1843 3774 per
1858 3711 1981 3772 aquas,

228 3773 338 3838 ilicinis
353 3781 384 3838 et
398 3775 526 3839 orationi
542 3773 770 3840 recare.Sanoti
786 3777 867 3840 enim
880 3776 1017 3851 llposteli
1031 3793 1081 3840 oe·
1126 3779 1265 3860 quamuis
1280 3786 1311 3845 et
1326 3783 1411 3860 ipsae
1426 3780 1564 3858 liquidae
1579 3781 1659 3852 sint,
1682 3787 1711 3842 et
1733 3777 1822 3854 tacite
1837 3779 1984 3840 scindan-

147 3871 149 3876 ⁴
228 3857 417 3934 onpatissimi
433 3863 531 3932 crant,
555 3858 723 3939 etquidem
745 3860 777 3921 iu
791 3875 886 3938 opere
901 3853 969 3933 liei,
987 3864 1018 3921 ct
1033 3876 1080 3924 sa·
1128 3873 1187 3936 tur,
1201 3881 1270 3928 nam
1285 3881 1344 3935 nee
1360 3861 1452 3934 vend,
1470 3879 1528 3924 oea
1540 3861 1617 3924 remi
1631 3862 1796 3938 aliquando
1811 3859 1983 3934 sulllclunt,

228 3939 292 4002 luta
307 3939 489 4010 animarum.
506 3943 544 4002 lta
561 3946 594 4004 ut
607 3957 688 4003 unus
703 3956 809 4022 eorum
825 3939 959 4006 diceret:
982 3941 1080 4006 Proe-
1127 3948 1183 4010 sed
1201 3952 1321 4026 oportet
1335 3949 1415 4011 uires
1431 3961 1578 4022 equorum
1592 3943 1814 4008 etbobulorum
1828 3959 1985 4020 saepenu-

228 4026 417 4104 tareo,quoe
431 4024 634 4088 calciaretur
648 4039 733 4098 aum,
748 4024 910 4088 instantio
920 4041 992 4088 meo
1007 4042 1084 4106 quo·
1128 4046 1213 4095 mero
1229 4030 1389 4094 adbibere.
1405 4029 1443 4094 lit
1459 4029 1484 4090 st
1499 4027 1575 4092 lurte
1592 4033 1794 4105 per-montes,
1816 4033 1868 4089 aut
1883 4027 1985 4088 eolles

231 4105 373 4182 tidiooo,
389 4106 573 4178 sollicitudo
595 4106 743 4192 ommium
757 4106 989 4183 Baetasiorum,
1013 4109 1085 4188 quia
1130 4114 1298 4191 aperienda
1312 4115 1357 4175 ria
1375 4113 1426 4186 sit,
1439 4113 1561 4190 quantis
1576 4112 1753 4179 sudoribus,
1766 4117 1796 4172 et
1811 4124 1900 4188 qnam
1915 4108 1985 4169 lun·

228 4187 430 4265 instruantur,
444 4195 472 4252 at
487 4204 544 4268 epo
557 4205 625 4254 aon
639 4188 812 4267 infirmor?
834 4191 906 4270 quis
921 4190 1085 4256 scandati-
1130 4213 1169 4274 qo
1184 4201 1322 4271 temnere
1338 4195 1396 4267 nia,
1413 4195 1550 4272 quamuis
1565 4193 1755 4262 breuissima,
1771 4193 1904 4270 aperitur
1918 4193 1933 4252 i
1945 4191 1985 4253 bt

229 4277 336 4346 autur,
350 4278 380 4336 et
394 4289 452 4351 eqo
463 4287 531 4336 non
544 4271 639 4337 uror?
650 4272 688 4334 lit
700 4279 801 4336 tamen
817 4273 866 4336 bie
881 4274 1085 4351 insequamur
1131 4293 1186 4358 per
1200 4293 1302 4342 aerem
1319 4276 1402 4340 nullo
1418 4279 1535 4353 labore,
1550 4293 1669 4339 summe
1685 4275 1827 4338 tacilttate
1843 4281 1873 4336 et
1887 4273 1984 4336 maai·

230 4353 508 4428 trequentissimam
525 4357 696 4418 orationum
717 4371 845 4418 suarum
867 4371 1086 4420 commemora·
1131 4378 1178 4434 ma
1195 4362 1354 4424 celeritate
1367 4367 1494 4424 currunt
1514 4360 1585 4434 equi
1605 4404 1613 4432 ,
1638 4359 1739 4422 rolant
1760 4373 1853 4430 ares,
1876 4356 1936 4418 tela
1953 4361 1985 4418 et

232 4439 358 4513 tionem,
375 4437 483 4500 scribit
495 4439 532 4500 ad
556 4436 1014 4516 Philippenses:-dooneraatio
1028 4455 1083 4502 tto·
1132 4442 1259 4506 missilia
1276 4444 1438 4508 iactantur:
1454 4442 1597 4506 homines
1609 4457 1680 4506 aero
1691 4441 1728 4504 ad
1741 4441 1820 4503 neria
1836 4454 1985 4503 exercen-

228 4520 453 4584 lllal'tlctiell'ss
468 4526 526 4594 8⁸¹,
542 4519 612 4599 ituit
629 4520 772 4584 uidelicet
787 4567 801 4601 a
818 4521 849 4582 in
866 4521 976 4584 mediis
993 4523 1083 4586 etiam
1131 4527 1169 4590 da
1185 4527 1365 4596 ministeria.
1381 4527 1564 4594 escendunt,
1577 4523 1987 4601 descendunt,deambulant

231 4601 500 4682 occupationibus.
516 4604 547 4676 in
564 4602 652 4666 coelo
666 4619 720 4681 per
742 4603 928 4669 desiderium
942 4605 1084 4668 vorsaba-
1129 4610 1319 4685 discurrunt,
1334 4613 1457 4674 urerent
1472 4609 1578 4686 pedes,
1594 4607 1742 4671 brnobla.
1767 4621 1898 4677 manus,
1915 4622 1985 4666 sur·

231 4688 293 4757 tur,
311 4700 413 4762 neque
430 4701 574 4762 umquam
590 4685 692 4748 dilecti
706 4685 755 4752 sui
778 4685 1037 4763 obliviscebatur,
1055 4705 1085 4750 a·
1129 4707 1210 4767 sum,
1227 4691 1384 4765 deorsum,
1399 4709 1416 4756 a
1434 4692 1567 4762 dextris,
1584 4696 1615 4753 et
1628 4689 1785 4768 sinistris3
1802 4705 1859 4758 neo
1882 4687 1984 4766 magis

233 4767 330 4838 linqui
353 4785 414 4830 nen
432 4767 560 4830 dicaret:
579 4766 701 4831 Christo
716 4767 866 4846 cuodmua
888 4785 962 4832 sum
981 4772 1083 4834 ammi.
1132 4773 1261 4852 impedit
1271 4789 1325 4838 ens
1340 4790 1393 4838 aer
1413 4773 1529 4852 ubique
1543 4771 1685 4852 diliusus,
1699 4771 1828 4852 quamsi
1843 4786 1902 4833 nnn
1916 4788 1985 4832 cor-

170 4875 171 4880 *
237 4849 309 4993 lituo
325 4857 435 4915 autera
448 4853 519 4914 ioan
531 4866 602 4914 ono
615 4867 686 4931 epo:
701 4853 778 4916 uitat
791 4867 865 4916 acro
879 4855 917 4915 ia
931 4868 982 4916 me
999 4852 1085 4918 Glari-
1130 4857 1257 4936 puratis.
1272 4857 1328 4922 sed
1344 4857 1514 4938 spiritualis
1529 4860 1675 4934 naturae,
1698 4864 1750 4918 ant
1764 4857 1888 4936 penitus
1903 4855 1984 4916 nibil

233 4945 314 4994 stis.
492 4992 496 5005 ,
1131 4945 1228 5002 asset.

276 5012 379 5078 Altera
395 5012 568 5094 proprietas
583 5015 664 5079 aeris
679 5021 726 5079 est
741 5063 748 5087 ,
765 5021 798 5078 ut
812 5016 853 5081 sit
866 5015 1013 5095 medium,
1030 5034 1087 5098 per
1171 5020 1294 5086 decedit
1310 5028 1477 5102 postremo,
1499 5020 1582 5097 quod
1604 5021 1683 5085 aeris
1708 5027 1814 5084 natura
1839 5019 1878 5082 ita
1901 5018 1986 5082 aedit

235 5095 317 5174 quod
340 5096 377 5158 ad
392 5101 500 5162 oeulos
517 5105 637 5161 nostros
664 5100 842 5186 perueniant
853 5135 854 5140 κ
866 5099 989 5180 speeies
1004 5103 1085 5166 eolo·
1131 5104 1286 5178 omnibus,
1300 5114 1329 5170 et
1344 5105 1374 5168 io
1390 5120 1512 5168 omnem
1529 5103 1658 5168 termam.
1669 5122 1705 5169 ae
1722 5109 1827 5174 mutat,
1841 5109 1871 5166 et
1882 5103 1985 5166 scindi

235 5193 315 5252 rrum,
332 5185 363 5241 et
376 5181 414 5242 ad
430 5197 522 5244 aures
536 5183 660 5262 speeies
681 5183 859 5256 sonituum,
882 5184 951 5247 sine
972 5184 1086 5264 quibus
1132 5205 1167 5250 aa
1183 5187 1333 5268 disrumpi
1349 5204 1383 5250 se
1396 5187 1555 5266 patitur,ut
1569 5187 1727 5252 hominurn
1743 5186 1861 5252 utilitati
1878 5187 1985 5247 desar-

237 5277 294 5326 uee
309 5262 426 5336 ridere,
438 5279 497 5326 nea
512 5265 693 5340 audiremus
707 5266 797 5329 etiam
810 5266 893 5343 loqui
908 5281 1084 5346 possemus.
1131 5268 1212 5347 aiat,
1240 5277 1273 5334 ut
1288 5271 1422 5334 uideatur
1437 5270 1526 5343 datos
1551 5271 1729 5336 bominibus
1755 5275 1786 5334 in
1803 5271 1984 5350 magistrum

237 5345 270 5404 lu
288 5359 346 5422 qua
369 5348 547 5426 reprimam
570 5346 636 5408 Deo
657 5347 769 5428 gratias
791 5365 883 5428 egere
910 5349 1083 5426 debemus,
1131 5353 1320 5429 humilitatis,
1339 5360 1369 5416 et
1385 5353 1571 5433 patientiae,
1597 5360 1629 5418 et
1643 5355 1810 5418 charitatis.
1826 5355 1886 5418 Sed
1902 5351 1987 5429 quod

237 5429 394 5500 ‹quodtann
417 5430 529 5506 insigni
554 5429 704 5494 benelluio
727 5437 864 5494 naturam
887 5438 1020 5496 nostram
1036 5448 1083 5496 or·
1129 5436 1336 5512 in·te,nnima
1353 5453 1444 5513 mea,
1469 5452 1603 5499 amorem
1627 5437 1773 5502 creaturis
1789 5433 1829 5502 tui
1846 5438 1981 5501 excitare

239 5526 311 5602 tarrae
327 5513 465 5576 uoluerit.
483 5509 600 5576 lloindo
616 5514 756 5578 admirati
773 5530 829 5576 nos
841 5516 931 5578 decet
945 5515 1082 5579 condito·
1128 5526 1158 5580 ut
1172 5521 1342 5584 accendere
1357 5519 1555 5584 tebcnreoter
1576 5521 1713 5596 deberet,
1732 5523 1806 5583 illud
1822 5527 1880 5596 est,
1898 5517 1982 5598 quod

237 5609 281 5654 ms
295 5595 389 5658 nostri
405 5596 584 5675 sapientiam
600 5595 631 5659 in
647 5613 740 5682 opera
763 5602 863 5662 tantae
885 5597 1081 5674 sulrtilltatis,
1128 5602 1178 5664 bic
1195 5601 1275 5664 idean
1292 5601 1359 5682 ipse
1375 5619 1426 5666 aar
1441 5603 1618 5670 suauitatem
1634 5605 1864 5682 incredibilem,
1880 5609 1911 5667 et
1927 5601 1983 5662 bo·
