4080 6252
258 228 312 288 did
829 231 877 289 DE
896 232 994 296 ARTE
1014 232 1115 298 bens·
1131 233 1308 294 itonieitiu

189 379 259 425 nem
277 363 397 440 puellae
412 364 587 447 saltatricis.
603 365 672 431 ¹Sed
689 365 851 430 audiamus
876 367 958 444 mata¹
970 385 1042 443 poe·
1087 370 1137 436 sit.
1151 371 1290 448 <Quotam
1305 373 1378 435 suut
1391 383 1505 449 genere
1521 369 1696 442 sorborum,
1718 369 1838 447 quibas
1855 365 1954 433 maxi·

190 464 259 520 nae,
278 461 345 507 eum
362 451 420 509 iam
445 447 634 525 audierimus
661 447 742 510 mala.
758 449 878 528 culpae.
905 439 1042 513 Herodes
1088 469 1137 515 me
1150 454 1356 514 claudendum
1372 461 1419 516 est
1434 454 1545 526 ostium
1568 468 1684 516 sensus
1702 451 1888 524 audiendi,
1914 465 1954 512 ne

189 531 279 612 paulo
297 537 365 606 posi
377 531 414 592 ab
431 531 616 608 Imperatore
630 529 700 593 Caio
716 532 866 608 spotiatus
888 533 1043 612 principa·
1089 553 1143 612 ρετ
1158 552 1247 598 aures
1262 537 1299 598 ad
1315 552 1369 599 eor
1390 536 1589 606 inficiendum
1613 542 1786 613 penetrent.
1810 535 1956 598 Primum

190 622 233 684 tu,
253 617 280 672 iri
299 615 423 674 exilium
442 624 619 694 perpetuum
638 613 791 694 iaiagmus
812 614 880 676 luit:
897 619 988 694 alque
1005 626 1041 678 ita
1089 621 1190 682 locum
1207 619 1347 682 obtinent
1359 623 1450 683 rerba
1466 628 1571 682 contra
1586 617 1774 698 fldem‚quae
1788 621 1834 682 cb
1850 619 1956 680 curio·

191 699 242 772 aui
262 698 411 772 iuraverat
428 703 615 760 sedatorum
633 697 791 760 dimidium
816 697 924 778 Regni,
951 707 1045 764 totum
1089 701 1208 766 sitalem
1226 704 1388 770 bumaoam
1406 721 1466 766 non
1483 702 1638 766 illibenter
1660 705 1845 776 audiuntur,
1864 710 1900 764 et
1915 707 1953 764 ta·

190 778 332 864 Regnum
348 799 416 842 eom
434 782 526 844 exilio
550 791 698 862 perpetuo
724 789 940 856 commutarit,
967 791 1045 846 teste
1090 802 1160 849 meu
1177 790 1203 847 si
1220 789 1302 848 intus
1319 793 1500 864 penetrent,
1516 787 1628 850 tollunt
1652 788 1692 849 de
1717 787 1814 853 corde
1842 785 1952 857 dcem,

188 861 326 942 losepbo
341 864 422 940 (Lib.
438 863 521 927 lde.
535 865 581 944 5.)
599 883 627 924 iii
645 866 722 927 libro
738 865 1044 945 Antiquitatumlpsa
1091 887 1167 945 uuae
1188 883 1234 932 esi
1254 873 1339 936 radin
1361 878 1390 932 et
1412 869 1598 948 principium
1620 870 1755 934 omnium
1778 870 1954 934 banorum.

191 944 252 1009 lilia
269 946 474 1024 neroniadis,
503 965 579 1030 quae
605 965 658 1011 sua
687 948 848 1011 saltatione
872 967 962 1010 eausa
988 949 1045 1031 luit
1091 953 1150 1016 Sed
1166 954 1246 1014 inter
1262 955 1352 1014 rerba
1369 953 1559 1021 infidelitatis
1575 954 1657 1016 nulla
1674 961 1746 1018 suut
1761 953 1867 1033 magis
1886 969 1952 1029 per·

190 1031 299 1093 mortis
315 1049 342 1094 s.
359 1031 483 1092 loannis
498 1031 664 1109 Baptistae,
679 1036 835 1092 traiioiens
850 1034 1044 1113 congelatum
1091 1038 1220 1104 niciosa.
1240 1053 1452 1115 apameorum
1468 1085 1474 1106 ‚
1494 1037 1546 1116 qul
1572 1044 1684 1118 negant
1710 1038 1757 1100 rel
1783 1038 1955 1116 providea-

190 1115 319 1196 flumen,
336 1116 472 1194 disrupta
490 1117 588 1194 glaeie
604 1115 715 1176 recidit
731 1118 759 1175 in
778 1116 960 1192 protundum
978 1133 1044 1179 cor·
1092 1118 1162 1182 tiam
1178 1119 1246 1188 Del,
1264 1122 1311 1188 uel
1325 1122 1417 1183 animi
1444 1120 1583 1184 humani,
1595 1119 1875 1192 immortalitatem,
1893 1119 1953 1182 Ista

191 1212 267 1280 pure
283 1205 356 1265 tolo.
374 1202 474 1276 eapite
492 1199 719 1275 eiiepiopuod
735 1203 867 1259 recisum
885 1217 899 1260 a
918 1216 1045 1277 corpore
1091 1203 1173 1266 enim
1190 1204 1280 1266 rerba
1298 1220 1357 1266 nnn
1374 1211 1433 1265 tam
1462 1203 1636 1268 haereticos
1662 1220 1751 1281 quam
1781 1205 1900 1266 atbeos
1915 1202 1955 1266 la·

191 1299 283 1360 supra
300 1283 429 1362 glaciem
447 1281 620 1357 saltilabat,
638 1287 670 1343 ut
685 1296 792 1343 omnes
808 1281 1016 1361 intelligerent
1036 1332 1044 1356 .
1092 1293 1188 1364 ciunt,
1206 1294 1236 1348 et
1251 1287 1395 1350 omnibus
1416 1287 1590 1350 sceleribus
1615 1288 1730 1350 aditum
1758 1288 1950 1352 latissimum

190 1384 248 1442 noa
267 1366 304 1427 de
323 1373 413 1428 abusa
433 1372 490 1425 tam
516 1369 627 1428 misere
643 1366 792 1448 obiisset.
816 1364 885 1441 Ipsa
911 1369 1045 1446 denique
1092 1370 1246 1447 aperiunt.
1262 1368 1508 1450 Alterumgenus
1524 1371 1685 1432 uerborum
1699 1371 1855 1434 malorum
1874 1373 1954 1450 posi·

189 1449 340 1512 Herodias
357 1448 451 1524 oimjo
467 1449 572 1510 dolore
588 1459 726 1526 correpta
743 1457 894 1524 ,protinus
919 1462 1045 1516 mortem
1093 1460 1154 1516 tum
1171 1464 1218 1518 est
1235 1458 1264 1514 iii
1281 1455 1537 1527 detractionibus,
1554 1470 1631 1533 quae
1646 1456 1829 1517 charitatem
1848 1454 1952 1516 irater·

189 1534 277 1600 ob'iit.
295 1532 431 1594 etlilium
449 1533 484 1592 ad
502 1533 612 1593 interni
626 1540 772 1594 tormenta
786 1536 890 1594 serula
904 1536 1046 1597 esl.Seri·
1093 1554 1160 1598 nam
1178 1539 1319 1600 tollunle
1336 1536 1448 1612 medio,
1466 1546 1495 1598 cl
1510 1536 1584 1599 satis
1599 1537 1686 1600 avide
1698 1539 1887 1610 audiuntur,
1900 1541 1952 1602 seii

189 1619 251 1698 psit
267 1615 346 1677 banc
363 1617 548 1696 tragoediam
564 1615 758 1692 lliiiephorus
781 1614 925 1678 Callistus
940 1615 1045 1697 (libi.
1092 1622 1130 1685 ab
1147 1620 1325 1686 bominibus
1339 1620 1483 1690 curiosis.
1509 1619 1541 1683 Si
1566 1620 1649 1683 enim
1674 1622 1791 1694 baiid,
1818 1622 1879 1700 nui
1895 1629 1955 1684 erat

190 1715 219 1762 c.
236 1692 284 1781 2.)
300 1699 330 1760 ln
355 1700 486 1760 Historia
511 1717 577 1760 sua.
596 1697 730 1777 Enpquot
756 1699 832 1759 mata
858 1705 919 1760 lum
937 1702 1046 1780 culpae

190 1789 253 1844 lum
268 1799 387 1862 poenae
403 1791 568 1844 consecula
586 1788 658 1843 sunt
674 1799 711 1848 ex
723 1784 892 1843 iuramento
910 1787 1003 1846 stultu
1017 1795 1046 1848 et

188 1870 307 1930 temere
321 1873 472 1942 concepto
485 1865 522 1926 ab
538 1865 660 1928 Herode
676 1865 851 1928 Tetrareba.

230 1951 396 2013 leniamus
412 1949 448 2010 ad
464 1951 647 2026 remedium,
658 1950 738 2028 quod
753 1966 770 2035 ¹a
786 1951 989 2030 prudentibus
1004 1953 1045 2014 via

188 2032 233 2097 ris
247 2033 388 2106 adbiberi
403 2033 495 2094 debet
511 2033 645 2107 peccatis
671 2031 809 2111 linguae.
833 2033 963 2097 Sanetus
979 2035 1044 2096 l'ro·

189 2117 282 2198 pheta
298 2117 392 2181 llarid
410 2115 496 2178 initio
513 2115 623 2177 Psalmi
643 2115 791 2194 trigesimi
806 2119 903 2179 octavi
920 2120 1046 2190 indicat,

190 2217 252 2279 auo
269 2201 408 2264 remedio
432 2201 499 2275 ipse
517 2203 665 2276 uteretur:
694 2197 781 2267 bimi,
810 2200 920 2279 iuquit.
942 2199 1048 2266 Casto,

190 2285 284 2364 diam
294 2283 365 2348 ilica
380 2299 490 2350 meas.
515 2289 550 2344 iit
565 2299 634 2345 aon
660 2284 849 2362 delinquam
869 2285 907 2346 iii
933 2285 1048 2364 lingua

114 2409 117 2426 .
187 2385 274 2431 mea.
288 2367 384 2452 (Psal.
402 2364 469 2446 38.)
484 2367 543 2428 boc
559 2374 617 2440 est,
643 2383 700 2442 ego
717 2371 748 2428 ut
764 2364 906 2445 eilugiam
925 2377 1047 2446 peccata

191 2451 330 2532 linguae,
348 2448 513 2528 diligenter
528 2447 669 2512 custodio
686 2450 748 2512 iias
764 2467 862 2528 ineas3
885 2468 946 2512 non
964 2451 1046 2527 euim

190 2536 315 2614 loquor,
333 2550 435 2610 necue
451 2538 672 2612 cogitansque
687 2548 743 2611 ago
758 2533 949 2611 aliquiduisi
963 2550 1049 2612 prae·

191 2618 284 2680 missa
299 2617 518 2680 diiudicatione
534 2633 653 2684 aarum.
671 2633 750 2690 auae
763 2619 949 2680 acturusrel
965 2617 1049 2680 locu·

191 2709 292 2778 turus,
309 2701 356 2764 rel
373 2699 562 2778 cogitaturus
578 2716 658 2762 sum.
675 2699 755 2762 Istae
771 2700 854 2763 euim
870 2712 941 2763 sual
957 2701 1022 2762 riae
1038 2749 1045 2772 ,

190 2803 246 2864 per
262 2783 533 2868 qnasgradiuntur
549 2784 692 2846 homines
716 2785 745 2852 tu
769 2785 826 2844 bac
850 2789 919 2846 rita.
943 2784 1049 2861 ltauoe

190 2869 362 2932 remedium
379 2873 483 2929 eontra
500 2867 590 2929 uerba
617 2865 719 2932 noxia.
737 2883 795 2929 nec
818 2870 917 2930 sotum
945 2873 1048 2929 eontra

190 2942 283 3015 rerb'a
300 2949 401 3027 noxia,
419 2951 474 3012 sed
491 2953 581 3011 etiam
595 2957 699 3030 contra
715 2949 856 3016 fontanel
873 2951 1047 3028 concupita,

189 3036 238 3098 vel
253 3036 382 3116 cogitata
399 3036 499 3112 noxia,
517 3039 565 3097 est
579 3037 798 3112 praecogitatio
815 3034 862 3094 vel
879 3034 1047 3109 praemedi-

191 3119 263 3182 l'atio
281 3134 480 3196 eorumquae
496 3125 632 3194 aeluruS,
648 3119 819 3180 locuturus.
838 3118 1047 3197 cogitaturus,

193 3204 426 3266 desideraturus
443 3218 524 3264 sum.
541 3201 641 3278 Atque
663 3199 722 3261 hoc
748 3207 796 3261 εει
821 3199 957 3263 hominis
981 3217 1048 3280 pro·

193 3289 306 3370 prium.
325 3301 385 3348 oon
404 3291 519 3348 temere
535 3284 649 3361 aliquid
666 3299 780 3362 agere,
807 3287 862 3344 sed
889 3283 1048 3346 reflectere

190 3369 468 3433 considerationem
485 3369 522 3430 ad
539 3383 597 3436 ea,
623 3383 703 3445 quae
726 3367 843 3448 agenda
870 3374 954 3436 sunt,
978 3374 1008 3428 et
1022 3366 1049 3433 si

191 3454 317 3531 quidem
331 3469 399 3514 num
417 3456 499 3514 recta
516 3457 634 3513 ratione
650 3451 862 3525 concordant,
878 3466 981 3530 agere.
1000 3449 1048 3512 sin

189 3539 292 3600 miuus
309 3553 369 3599 nou
392 3551 496 3615 agere.
523 3533 560 3596 Et
586 3534 730 3616 quotide
756 3535 877 3595 actione
903 3534 1047 3610 diximus

189 3619 272 3683 idem
289 3618 420 3698 intelligi
436 3619 529 3682 debet
541 3619 578 3679 de
592 3613 759 3693 locutione,
773 3616 941 3696 desiderio,
959 3625 1051 3698 atqpe

192 3703 263 3766 aliis
278 3704 398 3764 animae
411 3701 567 3764 rationalis
583 3702 741 3779 operibus.

233 3785 293 3852 Sed
311 3786 336 3847 si
348 3783 425 3846 lorte
441 3801 502 3847 non
521 3791 652 3862 possunt
667 3785 759 3863 aliqui
785 3782 1001 3859 praemeditari
1017 3799 1048 3846 ο·

192 3867 371 3946 malatinae
386 3872 481 3932 actori
497 3868 547 3931 rel
559 3867 667 3931 dicturi
678 3873 751 3929 sunt
762 3875 844 3930 certe
857 3869 961 3930 nullus
977 3884 1048 3931 esse

192 3953 320 4017 deberet
334 3951 427 4014 homo
442 3953 625 4030 prudeos‚et
641 3952 750 4012 salutis
762 3958 904 4013 aeternae
917 3953 1048 4028 cupidus

191 4038 243 4116 qui
259 4053 321 4100 non
335 4037 468 4118 singulis
481 4035 591 4096 diebus
604 4035 703 4112 primo
715 4050 803 4096 mane
816 4039 978 4112 autequam
997 4050 1049 4094 ne·

192 4121 272 4201 gotia
287 4121 366 4185 ritae
382 4122 474 4181 buius
489 4124 685 4199 aggrediatur
702 4165 709 4181 .
734 4118 770 4179 ad
794 4117 890 4179 Deum
915 4133 969 4194 par
984 4133 1049 4178 ora·

192 4207 306 4267 tionem
333 4202 478 4280 accedat,
506 4208 535 4263 ει
561 4200 755 4284 ρειειειιίκὶ
778 4205 841 4262 rias
862 4217 948 4276 suas,
973 4202 1048 4266 lacta

192 4305 260 4360 sua,
287 4287 441 4350 desideria
468 4303 522 4348 sua
539 4285 740 4366 cogitationes
768 4301 841 4346 suas
861 4291 898 4347 ad
921 4287 1048 4365 gloriam

193 4372 262 4448 Dei,
291 4380 321 4433 ει
345 4369 475 4434 salutem
502 4373 621 4432 animae
644 4384 731 4431 suae.
755 4366 876 4432 Deinde
897 4369 1051 4447 completo

193 4457 255 4528 die,
272 4460 436 4534 antequam
453 4453 555 4516 cubile
571 4470 661 4515 suum
685 4453 872 4515 dormituros
890 4453 1048 4521 ascendat,

192 4538 336 4602 disentiat
359 4536 581 4600 conscientiam
609 4553 694 4598 suam
722 4544 750 4597 et
779 4539 930 4598 rationem
952 4554 968 4598 a
991 4539 1050 4598 sei·

196 4638 254 4704 pso
270 4629 405 4702 petolan
422 4620 520 4682 Deum
537 4616 698 4682 offenderit
713 4618 905 4699 cogitatione.
924 4621 1066 4693 locutio,

198 4722 249 4774 ne.
267 4721 374 4784 opere,
392 4705 562 4767 desiderio:
585 4709 616 4766 et
637 4701 663 4766 si
690 4701 892 4765 offensionem
919 4705 1051 4779 aliquam

197 4789 264 4855 ilci.
283 4792 460 4866 praesertim
484 4786 629 4848 lethalem
644 4835 652 4863 ‚
670 4785 831 4856 inuenerit,
856 4801 917 4849 nou
943 4787 1053 4849 audeat

197 4873 305 4938 oculos
318 4874 463 4934 claudere
479 4873 515 4932 ad
533 4876 710 4933 nocturnam
724 4869 857 4946 quietem
871 4873 1052 4948 captandam

199 4955 260 5031 pisi
275 4954 340 5018 beo
356 4954 485 5032 primum
503 4971 559 5033 per
581 4970 680 5034 reram
710 4953 930 5031 paenitentiam
945 4968 1052 5016 recon-

198 5039 313 5111 ciliato,
330 5043 360 5100 ει
375 5052 445 5100 iero
460 5055 495 5100 ac
511 5043 594 5100 certo
610 5044 768 5114 proposita
782 5042 933 5113 concepto
946 5036 986 5098 de
1001 5054 1053 5100 ou·

199 5120 374 5188 studiendis
385 5120 441 5200 iiis
456 5120 566 5192 suismt
582 5136 643 5183 noo
658 5118 816 5198 delinquat
830 5119 861 5182 in
875 5119 978 5200 lingua
995 5137 1049 5183 sua

198 5224 256 5282 nec
270 5205 303 5268 iu
314 5204 462 5282 operibus
473 5211 525 5266 aut
536 5203 777 5284 appetitionibus
788 5203 966 5282 suisbtque
975 5204 1052 5270 haec

200 5291 239 5361 de
253 5288 394 5356 custodia
407 5285 530 5364 linguae
545 5285 708 5351 sufficiant.

240 5374 327 5450 Quod
344 5377 401 5434 iam
418 5373 525 5432 attinet
538 5375 575 5432 ad
592 5387 717 5434 sensum
734 5369 892 5438 audiendi.
910 5387 1006 5450 pauca
1019 5387 1053 5443 οε

199 5463 307 5523 mnino
323 5455 454 5520 dicenda
470 5454 756 5532 restoalsiquidem
770 5455 873 5536 lingua
889 5451 993 5520 lraenc
1006 5471 1053 5518 ra·

199 5539 294 5616 tionis
309 5540 443 5606 oobtbua
460 5553 499 5600 ue
516 5537 545 5598 in
568 5537 658 5600 rerba
675 5536 751 5600 mali
769 5539 1054 5618 proriimpat,·aibil

200 5623 334 5707 lerccrit
347 5625 431 5706 quod
453 5637 580 5687 sensum
603 5621 749 5692 audiendi
771 5637 970 5704 eorrumpere
983 5639 1056 5702 pos·

1091 1705 1184 1767 bomo
1200 1705 1371 1768 secundum
1388 1721 1440 1766 cor
1454 1704 1520 1776 Dei,
1536 1703 1611 1766 dicit
1632 1705 1664 1766 in
1678 1706 1826 1768 Psalmis:
1845 1705 1954 1768 Delio·

1091 1787 1220 1851 beatem
1235 1794 1353 1850 secreto
1367 1790 1519 1866 promimo
1534 1787 1695 1861 sundicae
1708 1788 1952 1869 persequebar:

1092 1869 1188 1952 (Psat.
1207 1870 1294 1948 llll.)
1309 1871 1344 1933 tlt
1355 1873 1501 1950 quoniam
1517 1871 1720 1938 detractiones
1736 1889 1800 1936 nou
1827 1889 1904 1934 raro
1923 1873 1954 1934 in

1093 1955 1241 2016 eonriiiis
1262 1956 1449 2030 audiuntur,
1477 1973 1503 2016 s.
1528 1957 1716 2033 Augustinus
1738 1957 1776 2018 ad
1801 1960 1955 2036 parietem

1093 2053 1219 2102 mensae
1234 2053 1309 2100 suae
1325 2040 1380 2100 bos
1396 2039 1565 2102 versiculos
1583 2044 1739 2115 posuerat:

1116 2203 1265 2284 wlnonis
1280 2211 1370 2272 amal
1385 2206 1480 2268 dictis
1492 2182 1662 2269 absentum
1675 2208 1792 2270 rodere
1807 2209 1928 2279 ailam

1145 2289 1237 2362 Hanc
1251 2306 1400 2364 mensam
1413 2291 1587 2369 indignam
1598 2295 1723 2354 uouerit
1738 2307 1806 2354 ease
1821 2292 1901 2354 sibi.

1094 2445 1128 2510 ld
1146 2440 1409 2513 ieleiiiossidios
1431 2452 1462 2510 in
1487 2450 1546 2510 rita
1572 2465 1599 2509 s.
1615 2447 1791 2526 Augustini.
1820 2445 1956 2508 Tertium

1093 2548 1193 2612 genus
1209 2539 1371 2604 uerborum
1387 2536 1535 2599 malorum
1549 2539 1607 2607 est,
1625 2532 1707 2608 quod
1724 2535 1754 2590 in
1768 2527 1955 2592 adulationi·

1094 2621 1153 2677 bus
1166 2614 1319 2676 consistit.
1337 2615 1537 2678 Adulationes
1548 2631 1630 2686 enini
1642 2614 1775 2676 libenter
1788 2617 1958 2674 audiuntur

1094 2707 1126 2762 et
1139 2701 1241 2760 tamen
1259 2703 1421 2765 elationem
1439 2699 1659 2778 etsuperbiam
1676 2700 1820 2776 gignunt.
1839 2696 1956 2772 Super·

1094 2782 1143 2844 bia
1155 2791 1260 2843 autem
1278 2781 1391 2860 Regina
1405 2785 1546 2845 vitiorum
1562 2788 1609 2843 εει
1624 2792 1652 2841 ει
1667 2780 1733 2844 1)εο
1756 2781 1954 2856 potissimum

1095 2867 1231 2930 inimica.
1248 2862 1394 2944 Quartum
1409 2883 1508 2948 genus
1524 2868 1685 2927 uerborum
1710 2865 1862 2925 malorum
1888 2879 1955 2940 per·

1094 2950 1171 3010 linet
1185 2951 1223 3010 ad
1240 2949 1406 3028 lupariam,
1428 2957 1459 3012 et
1481 2953 1511 3010 iii
1527 2950 1723 3026 sermpnibus
1739 2947 1902 3010 amatoriis
1925 2954 1955 3007 ει

1095 3031 1222 3096 conticis
1237 3032 1361 3095 lascivis
1377 3035 1511 3110 positum
1525 3031 1622 3096 est.llt
1640 3031 1677 3094 ab
1693 3033 1887 3092 amatoribus
1903 3032 1957 3092 bu·

1094 3116 1143 3178 ius
1159 3114 1263 3178 mundi
1282 3116 1358 3176 nibil
1375 3116 1496 3178 dulcius
1511 3115 1652 3184 auditur.
1678 3132 1747 3176 cum
1766 3114 1844 3176 nihil
1860 3115 1904 3175 sit
1920 3131 1954 3176 ea

1094 3215 1169 3261 roae
1185 3206 1358 3261 nocentius.
1376 3198 1492 3261 Similia
1509 3201 1590 3260 enlm
1613 3207 1685 3264 suat
1706 3197 1825 3259 cantica
1842 3195 1956 3260 lascire

1095 3282 1224 3356 canticis
1240 3281 1380 3344 Sirenum
1396 3327 1405 3354 ‚
1421 3298 1499 3358 noae
1515 3283 1659 3354 homines
1686 3280 1895 3356 delectabant.
1920 3287 1955 3344 ut

1095 3383 1149 3431 eos
1165 3369 1195 3426 in
1213 3381 1296 3426 mare
1312 3364 1483 3440 delicerent
1498 3371 1529 3428 et
1543 3367 1737 3441 devorarent.

1133 3448 1289 3512 Aduersus
1312 3449 1509 3511 haecomnia
1535 3448 1670 3526 pericula
1697 3449 1830 3510 salutare
1855 3463 1956 3510 reme·

1095 3532 1259 3607 clamosi,
1281 3536 1399 3595 amicos
1421 3533 1535 3612 probos
1557 3529 1685 3602 habere,
1703 3537 1734 3594 ει
1748 3531 1791 3592 ab
1802 3531 1957 3608 improbis

1095 3617 1177 3679 omni
1203 3619 1295 3678 animi
1323 3617 1496 3690 provisione
1519 3614 1667 3695 disiungi.
1684 3615 1787 3692 deque
1803 3616 1888 3678 enlm
1907 3616 1957 3677 bn·

1095 3701 1196 3762 mines
1211 3699 1306 3778 ignoti
1323 3701 1412 3761 tacite
1428 3701 1543 3762 audent
1557 3701 1647 3763 rerba
1660 3698 1795 3765 miscere
1805 3699 1957 3762 deuecto-

1094 3783 1151 3862 ria,
1167 3784 1215 3846 rel
1231 3783 1395 3854 haeretica,
1412 3785 1458 3846 rel
1475 3783 1686 3854 assentatorio.
1703 3781 1751 3844 rel
1765 3782 1954 3846 tasciracum

1095 3869 1145 3944 iis,
1164 3883 1241 3945 quos
1256 3868 1312 3930 sel
1334 3883 1395 3929 aon
1410 3868 1551 3928 viderunt
1572 3873 1671 3937 aulea,
1687 3865 1736 3926 rel
1752 3863 1814 3927 illis
1829 3866 1955 3928 tamilla·

1095 3966 1145 4028 res
1162 3967 1222 4012 oon
1239 3957 1322 4013 sunt.
1335 3949 1442 4028 Itaque
1457 3950 1602 4015 Salomon
1619 3953 1649 4012 in
1667 3947 1817 4028 principii·
1832 3949 1955 4012 Prover-

1094 4034 1213 4097 biorum
1230 4033 1516 4110 institueoslllium‚
1536 4035 1665 4110 primum
1689 4037 1868 4109 preceptum
1893 4033 1956 4098 iliis

1095 4117 1196 4180 uerbis
1209 4119 1378 4193 expressit:
1392 4118 1486 4182 Audi.
1500 4113 1549 4198 fili
1561 4120 1617 4195 mi,
1632 4117 1843 4194 disciplinam
1853 4119 1956 4195 pacm

1095 4203 1154 4270 lai.
1171 4208 1232 4267 ete.
1250 4201 1286 4263 Si
1300 4207 1329 4264 le
1343 4202 1535 4266 lactaverint
1553 4204 1747 4278 peccatores,
1768 4216 1811 4262 ae
1826 4203 1957 4279 acquie-

1095 4300 1166 4348 acas
1182 4285 1226 4348 eis
1237 4305 1245 4346 z
1257 4286 1285 4346 ai
1297 4286 1462 4360 dimeriiitr
1479 4284 1554 4346 Veni
1565 4283 1746 4358 nobiseum,
1759 4283 1958 4350 insidiemur

1095 4369 1260 4448 sanguini.
1276 4369 1511 4440 abscondamus
1523 4369 1704 4431 tendiculas
1718 4372 1834 4430 eontra
1847 4369 1956 4430 inscii·

1095 4457 1159 4528 tem
1173 4451 1305 4530 frastra,
1322 4453 1539 4532 depromamus
1554 4467 1629 4526 eam
1642 4453 1725 4514 sicut
1744 4451 1897 4527 infernus
1911 4454 1955 4515 ui'·

1095 4543 1231 4604 dealem,
1249 4541 1278 4596 et
1291 4538 1456 4615 integram
1472 4537 1568 4612 paesi
1588 4536 1834 4598 descendentem
1855 4536 1894 4600 in
1910 4536 1955 4598 la·

1097 4634 1186 4682 cum:
1208 4633 1337 4683 omnem
1363 4623 1561 4696 praedicendi
1585 4617 1801 4682 substantiam
1814 4622 1954 4694 reperie-

1096 4718 1180 4774 mus,
1192 4701 1398 4779 implebimus
1414 4703 1524 4766 domos
1544 4711 1671 4766 nortem
1690 4701 1825 4780 spoliis:
1840 4708 1957 4764 sortem

1097 4787 1185 4848 mitte
1199 4785 1378 4864 nobiscum.
1393 4787 1598 4865 marsupium
1618 4801 1725 4848 naam
1745 4786 1789 4846 att
1808 4786 1956 4849 onimium

1098 4876 1254 4932 maalmam.
1275 4869 1344 4932 Fili
1355 4872 1413 4943 mi,
1425 4887 1468 4934 ae
1490 4870 1634 4934 ambules
1650 4885 1724 4932 cum
1739 4869 1798 4938 eie,
1814 4869 1957 4948 aaa.1pii·

1099 4969 1227 5032 guoque
1248 4957 1361 5016 contra
1381 4954 1578 5034 sangumem
1590 4950 1918 5030 suumimi'dicmur,
1932 4959 1958 5018 el

1097 5036 1279 5100 moliuntur
1288 5037 1422 5116 naama
1433 5044 1546 5100 contra
1558 5039 1690 5102 amimae
1700 5033 1955 5117 numidicae.)

1099 5117 1163 5182 Hoc
1178 5125 1268 5198 igilur
1289 5120 1452 5194 consilium
1475 5120 1610 5183 hominis
1631 5118 1853 5196 sapientissimi
1870 5119 1955 5184 lacile

1098 5209 1200 5280 potest
1225 5205 1395 5267 remedium
1421 5203 1567 5274 adbibere
1594 5201 1700 5268 sensui
1725 5202 1897 5276 audiendi,
1928 5209 1956 5266 ut

1099 5286 1200 5352 rerbis
1225 5286 1313 5350 malis
1339 5303 1398 5350 uon
1414 5286 1503 5350 lacile
1519 5290 1747 5365 corrumpatur:
1776 5287 1955 5362 praesertim

1100 5369 1125 5431 sl
1147 5369 1295 5434 addamus
1317 5371 1499 5434 senientiam
1522 5371 1656 5436 Domini.
1673 5367 1797 5452 (daun.
1820 5367 1891 5452 20.)
1907 5369 1955 5446 dui

1101 5452 1266 5518 Salomone
1282 5452 1451 5531 sapientior
1464 5461 1541 5524 erat,
1559 5459 1589 5518 ει
1610 5461 1715 5532 aperie
1736 5457 1952 5534 pronuntiarit,

1099 5536 1471 5604 inimicoshominisesse
1482 5534 1871 5618 commemoratumque
1882 5537 1954 5604 bace

1104 5621 1144 5686 de
1155 5637 1252 5688 sensu
1266 5621 1424 5690 audiendi.
