4048 6242
743 283 878 341 coruus
899 283 1034 344 sunaus
1148 282 1151 292 ’
1664 375 1665 378 Ν

19 413 98 484 erit,
125 411 165 476 sit
181 413 271 476 ctiam
296 412 484 491 supplicium
499 413 742 492 sempiternum,
769 416 869 494 qualis
915 420 1060 499 quirpru
1076 419 1190 484 amicis
1203 421 1283 484 soie.
1298 421 1482 486 Ductoribus
1496 423 1536 488 ab
1561 421 1759 490 eminentiam

20 505 133 570 autem,
149 500 179 557 et
195 501 305 574 quanta
320 495 361 557 sit
376 511 472 574 poena
495 497 677 574 gehennae,
702 496 809 561 borror
823 504 871 561 eat
913 503 1094 578 sapientiae,
1112 503 1277 579 dequibus
1293 506 1367 566 dicit
1380 504 1485 569 Daniel
1500 525 1508 566 ε
1525 501 1595 584 'Qui
1610 509 1655 570 ud
1668 510 1760 572 iusti-

20 581 68 640 ucl
85 577 231 660 cogitare,
248 579 287 644 de
311 595 370 658 qua
386 594 419 641 re
441 579 526 658 plura
548 579 687 642 dicemus
709 578 741 641 iu
763 580 870 643 ultimo
913 583 993 646 tium
1006 584 1160 648 erudiunt
1173 587 1300 663 multos,
1316 586 1485 666 fulgebunt
1496 589 1713 669 guusiatelluc
1729 595 1765 656 ira

20 663 128 742 gradu
211 742 218 755 ·
761 739 764 746 ¹
911 674 1083 746 perpetuus
1103 670 1319 733 uelauituteo.
1336 669 1535 751 Virginibus,
1562 672 1605 736 ob
1629 674 1759 750 pretium

59 743 154 822 llrgo,
168 755 269 806 aalma
285 757 373 816 mea,
400 759 469 807 cum
487 749 547 806 tam
562 744 674 822 lageas
689 744 792 807 odium
817 746 870 808 bei
913 751 1155 828 incomparabile
1171 752 1333 830 puritatis,
1359 757 1449 818 ouius
1474 753 1570 831 gratia
1591 755 1675 818 uisae
1692 763 1766 818 sunt

19 825 59 888 sit
72 830 179 892 contm
195 834 367 905 peccatam,
383 829 410 890 si
433 843 516 888 amas
531 828 625 890 licum
637 843 731 905 super
744 831 869 904 omnia,
914 831 1052 911 Virgines
1065 834 1094 893 in
1109 831 1292 914 Apocalypsi
1315 842 1437 898 cantare
1459 830 1611 899 canticum
1628 853 1739 900 uorum
1755 886 1767 908 .

19 909 130 980 debes,
146 911 346 986 ctiam-super
359 912 459 972 emula
481 909 585 972 odisse
609 916 780 988 peccatum,
797 927 871 975 aare
914 916 994 989 onod
1012 930 1102 976 nemo
1117 916 1196 979 alias
1211 919 1315 980 dicere
1337 924 1464 996 poterat.
1480 919 1521 982 tlt
1539 927 1637 995 suot,
1664 921 1766 1000 iuquit

19 1007 61 1054 ne
78 999 108 1054 te
123 992 238 1064 iallant,
251 997 302 1069 out
319 997 441 1069 peccata
458 996 632 1064 extenuant,
649 991 697 1055 rel
711 1001 870 1058 excusam.
915 997 1057 1064 loannes.
1075 1002 1134 1076 qui
1151 1015 1227 1062 cum
1240 1001 1432 1064 milliaribus
1445 1015 1512 1065 auo
1526 1005 1603 1064 suot
1617 1003 1766 1084 coingui-

20 1073 98 1136 lide
113 1090 153 1137 ne
171 1081 199 1138 te
215 1077 283 1153 ipse
298 1073 467 1138 rationibus
478 1075 567 1138 talsis
581 1076 740 1152 decipias:
758 1077 782 1136 si
800 1093 871 1155 pec·
913 1082 996 1154 nuti,
1010 1081 1153 1158 uirgines
1168 1086 1256 1146 enim
1269 1089 1367 1160 secat,
1392 1088 1422 1147 ct
1441 1092 1623 1164 sequuntur
1636 1082 1766 1166 Agnone

19 1163 123 1220 catum
138 1156 195 1219 tibi
210 1157 241 1220 in
259 1165 301 1233 te,
317 1157 363 1220 rel
384 1157 414 1219 ln
431 1157 500 1219 aliis
524 1173 584 1221 non
600 1157 756 1235 displicet,
772 1159 871 1222 Deum
917 1177 1121 1242 quocumque
1134 1165 1221 1228 ierit.

19 1256 83 1304 nun
97 1256 194 1315 amas,
210 1241 236 1302 si
250 1240 348 1304 Deum
365 1255 426 1302 aua
441 1256 536 1311 amas,
554 1241 684 1320 periisti.
700 1240 826 1316 lterum,
844 1243 870 1304 si
955 1243 1060 1322 Neque
1072 1249 1174 1308 umen
1187 1247 1252 1308 sula
1265 1247 1396 1311 ebaritas
1408 1247 1631 1328 aartgrnmpet
1645 1249 1767 1326 sapien·

19 1320 144 1385 Cbristo
160 1338 220 1386 nun
238 1339 273 1384 cs
295 1323 424 1403 ingrata,
439 1331 586 1402 quaritum
609 1324 723 1385 debere
738 1331 767 1386 te
783 1330 872 1402 putas
916 1326 954 1388 tia
976 1326 1163 1401 Doctorum,
1190 1330 1237 1390 ael
1264 1333 1380 1406 puritas
1406 1330 1562 1410 Virginem
1591 1327 1771 1406 probabitur

18 1404 161 1468 charitati
177 1405 271 1468 eiust
292 1405 450 1469 laboribus
465 1406 560 1470 atusr
581 1407 721 1484 sanguini
739 1414 768 1468 et
783 1407 873 1469 morti
917 1409 989 1487 igne
1004 1408 1099 1472 diuini
1115 1411 1233 1482 iudicii,
1247 1419 1277 1472 ct
1294 1411 1468 1475 mercedem
1486 1414 1610 1491 plenam
1625 1414 1768 1490 accipiet:

18 1488 119 1550 ciust
136 1490 186 1565 oui
203 1505 219 1550 a
234 1491 361 1568 peccalo
378 1496 406 1552 tu
420 1489 502 1561 lauit,
515 1487 638 1551 elPatri
653 1490 872 1568 reconciliarit,
916 1492 972 1554 sed
988 1491 1076 1553 etiam
1093 1493 1151 1555 alia
1173 1509 1387 1573 quaecumque
1402 1511 1494 1571 opera
1511 1496 1603 1570 bona,
1619 1497 1713 1560 modo
1736 1498 1769 1559 in

18 1576 52 1632 et
64 1587 158 1651 graue
174 1572 228 1634 tibi
244 1573 304 1634 erit
318 1571 467 1649 deinceps
483 1585 538 1649 pro
554 1570 674 1634 dorisco
688 1573 805 1652 aliquid
822 1589 874 1652 pa·
916 1575 1063 1638 cbaritatc
1077 1576 1139 1638 siut
1154 1574 1241 1646 tacta,
1259 1579 1338 1639 inter
1352 1593 1442 1639 aurae
1458 1594 1527 1640 rosa
1544 1581 1770 1657 computabun-

19 1655 54 1726 ti,
69 1653 120 1716 rel
137 1658 166 1715 in
184 1653 251 1716 eius
266 1659 413 1734 gratiam,
440 1661 469 1716 et
483 1669 553 1717 cum
581 1656 648 1715 eius
663 1660 758 1730 gratia
775 1671 873 1732 usquc
918 1663 1011 1732 tur,et
1025 1659 1128 1736 ignem
1140 1657 1226 1721 illum
1239 1658 1375 1721 diuinum
1387 1661 1670 1730 sustinebantur,et
1683 1677 1768 1736 prae·

18 1739 56 1798 ad
72 1737 257 1816 sanguinem
281 1745 406 1816 peceato
428 1737 600 1799 resistcre?
622 1736 760 1814 Denique
781 1737 807 1799 si
822 1755 874 1818 ge·
918 1740 1774 1818 minansuumaucipient.llliseniminiudicioextrcmo

17 1820 158 1882 bennam
186 1821 267 1898 ignis
292 1821 409 1882 aeterni
427 1823 576 1898 patienter
591 1819 669 1882 terre
686 1835 745 1882 non
763 1825 872 1897 poles,
919 1821 1068 1884 Dominus
1094 1821 1200 1896 dicata
1231 1822 1338 1887 Vende
1365 1823 1527 1887 benedicti
1551 1824 1658 1888 Putris
1682 1827 1769 1902 urei,

17 1910 105 1964 certe
122 1901 219 1964 debes
234 1902 433 1973 omniao,nec
449 1901 691 1981 patientartcrrc
702 1909 874 1981 peccatum:
916 1905 1079 1983 possidere
1092 1905 1594 1987 ragnumpoodoobiaparctum
1606 1911 1684 1971 estu
1699 1924 1774 1970 corc-

16 1985 74 2046 sed
94 1983 174 2047 sicut
190 2001 207 2048 a
222 1985 300 2046 tacie
316 1983 455 2054 colubri,
482 1985 527 2046 sle
542 1985 581 2046 ab
597 1984 672 2061 illo,
696 1993 726 2048 et
742 1985 809 2048 eius
824 2003 874 2047 uc·
918 1989 1083 2051 stitutione
1097 1987 1223 2064 Mundi,
1245 1991 1297 2066 oui
1313 2005 1424 2066 panem
1445 1991 1606 2062 esurienti,
1623 1997 1653 2052 et
1667 1985 1787 2068 potam

16 2082 129 2139 eursu,
148 2084 183 2129 ac
199 2066 400 2145 suspicions,
418 2068 507 2130 etiam
524 2066 676 2130 levissima
694 2067 872 2143 declinare,
920 2069 1046 2138 sitienti,
1064 2075 1095 2131 et
1110 2069 1275 2147 bospitiuur
1292 2071 1464 2150 peregrina,
1489 2076 1520 2133 ct
1535 2079 1651 2135 uestem
1674 2072 1769 2141 nudo.

16 2152 59 2210 sit
87 2149 183 2228 igitur
209 2150 290 2229 apud
319 2155 348 2212 te
377 2148 521 2218 llrmum.
552 2158 582 2212 et
608 2155 728 2224 ratum,
759 2150 876 2229 peceati
921 2151 1411 2231 etconsolationemnegroto,ael
1428 2155 1774 2218 incarcereuunstitutu

16 2231 128 2292 odium
160 2235 323 2295 maximum
349 2249 418 2296 curo
448 2234 578 2298 maximo
606 2232 662 2295 lici
689 2249 793 2296 amore
825 2251 877 2296 co·
921 2233 1774 2313 praebueruntlltidemetiamliominuspromisit,aon

16 2315 189 2395 niunpurc.
922 2316 1100 2393 privandum
1116 2331 1186 2378 esse
1202 2316 1346 2378 mercede
1361 2331 1438 2385 aua,
1465 2315 1516 2394 oui
1533 2318 1660 2382 calicem
1676 2334 1775 2397 aquae
1903 2369 1909 2380 .

60 2397 129 2460 lam
146 2413 217 2460 acro
233 2395 314 2458 idem
331 2395 411 2476 ignis
426 2413 488 2460 oon
511 2397 652 2474 destruit,
669 2398 725 2462 sed
748 2397 878 2478 perlicit,
922 2397 1049 2478 trigidae
1065 2403 1183 2462 tautum
1198 2399 1230 2461 iu
1252 2397 1378 2464 nominc
1399 2398 1544 2479 discipuli
1566 2416 1604 2465 ex
1627 2400 1774 2466 charitate

18 2486 47 2541 et
65 2481 168 2558 magis
184 2479 311 2543 rutilare
328 2479 399 2542 tacit
413 2496 532 2559 aurum,
550 2487 731 2562 argeutum,
762 2479 882 2560 lapides
923 2481 1093 2544 donaverit.
1531 2501 1536 2508 ⁵
1698 2533 1701 2538 .

19 2567 203 2639 pretiosos:
231 2561 374 2640 quoniam
397 2558 412 2646 (
423 2571 455 2624 ut
469 2564 552 2626 idem
573 2563 740 2643 apostolus
765 2563 881 2626 ibidem
967 2562 1168 2643 intelligisne,
1182 2561 1293 2636 anima,
1311 2568 1458 2642 qnantum
1472 2563 1595 2630 intersit
1608 2564 1689 2628 inter
1704 2563 1792 2644 ope·'

17 2645 184 2726 explieat)
206 2645 264 2706 ista
290 2645 409 2706 metalla
432 2645 607 2725 signillrant
632 2661 724 2726 opera
750 2644 830 2707 buca
852 2651 884 2711 el
925 2661 968 2722 ra,
986 2653 1017 2710 et
1037 2646 1157 2725 operat
1178 2648 1297 2726 etquid
1313 2648 1436 2710 stultius
1451 2653 1482 2710 et
1498 2645 1666 2718 miserius,
1689 2665 1780 2727 quam

17 2730 176 2804 pertenta,
195 2743 273 2807 quaa
287 2728 360 2806 igne
374 2727 469 2790 divini
486 2727 591 2790 indicii
615 2729 834 2809 approbantur,
852 2735 880 2790 et
925 2730 956 2791 in
971 2743 1009 2792 eo
1024 2728 1092 2792 locu
1107 2735 1137 2790 ct
1149 2734 1299 2807 tempora,
1311 2729 1343 2791 in
1359 2735 1532 2810 qaopotcs,
1546 2731 1571 2793 si
1587 2730 1685 2809 sapis,
1698 2731 1780 2793 taciti

18 2810 204 2872 mercedem
221 2825 361 2889 maguam
376 2809 608 2889 accipientlsta
618 2828 709 2889 opera
723 2810 804 2874 Deus
814 2826 882 2888 pro·
925 2813 1049 2892 negotio
1063 2827 1184 2889 aurum,
1209 2817 1238 2872 el
1252 2817 1424 2892 argenium,
1448 2819 1478 2876 et
1491 2812 1612 2889 lapides
1628 2813 1783 2891 pretiosos

17 2893 164 2970 baronta
181 2899 254 2954 suut
269 2908 395 2954 munera
412 2909 479 2966 sua,
494 2899 608 2956 etcum
622 2892 884 2958 curuuuimcm'iu
926 2909 1116 2972 compartum
1130 2901 1159 2956 tu
1176 2895 1267 2957 malis
1281 2911 1342 2956 nun
1358 2911 1449 2973 paruo
1464 2893 1570 2956 labore
1587 2894 1781 2974 tignuarium

18 2976 255 3054 ousirc,iuquit
270 2991 297 3037 s.
315 2973 494 3053 ignatinus,
511 2981 645 3040 coronet
658 2991 883 3040 macerusuu.
927 2981 959 3040 et
974 2978 1099 3038 toccum
1116 3024 1124 3054 ,
1153 2976 1346 3057 stipulasque
1368 2976 1539 3056 colligeret
1560 2976 1680 3040 Utinam
1696 2993 1788 3056 sape·

18 3058 115 3120 Facta
133 3066 209 3121 suot
223 3059 304 3121 onim
318 3059 387 3134 ipso
400 3060 578 3126 mandante.
589 3061 654 3138 ipso
667 3060 800 3134 iurante,
814 3059 882 3138 ipso
926 3075 988 3136 res,
1006 3065 1035 3120 ct
1050 3059 1251 3138 intelligeres,
1268 3076 1305 3122 ac
1321 3058 1485 3122 nouissima
1503 3061 1783 3137 providerescum

17 3141 169 3204 uirtutem
185 3140 313 3203 iacieudi
328 3140 523 3220 largiente,at
537 3143 604 3220 ipso
618 3144 776 3221 perlegam
791 3157 881 3219 quam
926 3143 956 3204 in
974 3143 1141 3205 nouissimo
1159 3152 1318 3220 tenrpore,
1346 3139 1447 3203 omnia
1471 3141 1548 3202 baeu
1563 3142 1658 3204 diuini
1675 3141 1783 3208 ludicii

18 3225 135 3296 dedit,
161 3231 191 3285 et
206 3237 262 3303 per
276 3222 396 3302 regulas
420 3239 496 3301 quas
511 3225 691 3300 constituit,
718 3225 882 3302 dirigente.
928 3226 1000 3304 igue
1017 3224 1217 3286 examinanda
1232 3230 1263 3286 et
1277 3223 1434 3302 probanda
1451 3223 1534 3296 siat,
1563 3230 1594 3286 el
1614 3224 1667 3289 illa
1682 3225 1787 3302 prlora

17 3307 55 3370 llt
72 3306 205 3382 quidem
221 3319 327 3368 aurum
343 3320 435 3382 opera
462 3307 618 3369 claritatis
633 3306 795 3386 designat:
819 3323 881 3385 qao
926 3307 1091 3378 laudanda,
1109 3315 1138 3368 et
1153 3307 1341 3380 coronanda,
1359 3308 1436 3368 baec
1458 3308 1628 3383 posteriora
1645 3321 1786 3370 cremau-

19 3392 120 3452 modo
138 3395 240 3452 autem
255 3395 385 3466 possunt
399 3389 554 3450 charitatis
570 3405 661 3468 opera
674 3387 738 3460 Deo
750 3405 810 3451 noa
823 3389 883 3449 unl-
927 3389 964 3450 da
980 3435 989 3464 ,
1016 3394 1047 3451 et
1067 3389 1098 3450 in
1116 3387 1232 3450 laulllas
1248 3393 1278 3450 ct
1293 3387 1408 3452 iumum
1424 3387 1607 3466 redigenda.
1625 3387 1685 3451 Cur
1700 3396 1785 3451 nunc

20 3475 59 3534 de
78 3473 304 3550 maceranum
322 3472 389 3547 ipse
403 3470 486 3534 lleus
501 3472 634 3534 utraritos
650 3472 705 3534 sit?
716 3471 881 3552 Argentum
928 3471 1031 3551 eligis,
1047 3471 1129 3547 quud
1144 3476 1174 3533 tc
1189 3471 1324 3550 elegisse
1340 3470 1514 3533 certissima
1530 3468 1730 3549 poenitebit?
1750 3470 1788 3532 Et

21 3556 173 3632 designat
187 3570 279 3634 opera
296 3556 478 3630 sapientiae,
492 3569 597 3617 eorum
615 3553 766 3626 uidelicet,
780 3556 831 3634 qui
844 3555 882 3616 ad
931 3570 986 3616 cur
1001 3568 1063 3616 uua
1079 3555 1206 3616 damnas
1222 3569 1317 3629 aune,
1333 3553 1456 3630 quando
1478 3554 1593 3616 utiliter
1609 3557 1732 3631 potest,
1754 3553 1787 3616 id

21 3638 176 3700 iustitiam
202 3636 347 3700 crudiunt
373 3637 483 3699 multos
498 3655 507 3715 3
531 3639 562 3699 el
588 3638 653 3714 ipsa
678 3653 809 3716 quaque,
822 3637 884 3699 lleo
927 3636 1008 3716 quod
1023 3636 1115 3714 paulo
1128 3642 1197 3713 post
1211 3635 1279 3698 sine
1293 3636 1356 3698 ulla
1370 3633 1495 3697 utilitato
1508 3635 1686 3698 damnabist
1706 3633 1743 3696 Et
1757 3636 1786 3697 si

22 3721 117 3782 ualde
134 3720 318 3798 probantur.
331 3723 362 3781 et
377 3718 634 3798 placentaliucnte
649 3719 804 3800 Sapientia
815 3720 880 3782 boi:
930 3723 1005 3780 torte
1022 3735 1105 3780 nunu
1119 3717 1175 3780 ista
1193 3735 1254 3781 aon
1272 3718 1368 3789 rides,
1383 3725 1413 3780 et
1428 3719 1567 3782 uelamen
1580 3732 1680 3779 rerum
1697 3733 1784 3795 prae·

24 3803 90 3879 Qui
104 3803 232 3880 scacarii,
249 3809 278 3863 et
300 3803 456 3873 decorarit,
479 3803 532 3865 liic
557 3817 698 3882 mugnus
718 3803 887 3867 uocabitur
930 3801 1063 3863 sentium
1080 3801 1189 3863 oculos
1201 3806 1270 3864 tuos
1284 3799 1465 3877 impeditae
1478 3815 1585 3881 puram
1599 3798 1788 3878 etliquidam

21 3891 58 3949 in
72 3901 184 3964 regnu
198 3885 360 3948 uoewrcua
374 3885 505 3963 lapidea
521 3887 647 3962 pretiosi
662 3933 670 3963 ,
698 3896 770 3948 sunt
792 3901 898 3962 opera·
932 3883 1080 3962 aspiciant
1095 3883 1265 3955 acritatem,
1288 3898 1339 3945 ora
1355 3881 1464 3954 Deum,
1479 3893 1512 3947 at
1528 3898 1588 3946 non
1605 3896 1697 3960 porro
1712 3880 1786 3945 alle·

22 3969 221 4032 contineatis
233 3968 408 4042 animac,dc
420 3968 534 4048 quibus
547 3968 621 4031 dicit
636 3969 885 4032 Ecclesiasticus:
932 3972 980 4028 cto
996 4012 1004 4042 ,
1028 3982 1096 4028 eum
1113 3981 1207 4028 coeco
1224 3964 1276 4026 illu
1292 3965 1329 4027 de
1345 3965 1510 4044 Evangelio
1531 3967 1617 4027 diuus
1631 3963 1786 4026 Domino:

25 4052 143 4115 Omnis
168 4051 382 4129 ponderatio,
407 4047 477 4114 buu
499 4058 545 4112 cot
567 4052 671 4132 dignu
695 4053 888 4114 continentis
932 4049 1079 4123 Domine,
1096 4049 1141 4111 du
1154 4047 1358 4124 diuiduum,
1381 4048 1513 4110 actuum
1531 4045 1706 4124 Propheta:
1728 4045 1788 4108 lle·

23 4138 180 4210 animoa,
197 4143 288 4214 atquc
303 4149 338 4195 ea
355 4147 446 4196 causa
463 4141 531 4210 est,
557 4151 615 4197 cnr
631 4137 660 4196 in
677 4134 779 4196 oilleio
791 4135 889 4197 ecele-
932 4134 1004 4194 uelu
1018 4131 1128 4194 nectua
1142 4146 1251 4206 meos,
1274 4137 1304 4194 et
1325 4130 1539 4195 considerabo
1558 4128 1727 4192 mirabilia
1746 4129 1788 4191 dc

22 4217 161 4280 siastico
185 4217 217 4279 lu
239 4219 361 4279 taudem
383 4223 555 4278 sanctarum
581 4217 742 4296 virginum
771 4218 889 4297 legatur
934 4216 1001 4293 lupe
1015 4220 1095 4287 tuu,
1122 4229 1191 4275 nam
1207 4218 1291 4276 certe
1306 4212 1446 4275 mirabile
1461 4212 1587 4276 omniuo
1609 4215 1679 4287 est,
1703 4213 1788 4288 quod

22 4299 235 4380 Euangellum
261 4299 300 4361 do
328 4299 449 4362 tarenta
473 4316 531 4361 aaa
558 4302 689 4378 pretiosa
715 4302 888 4379 margarita.
934 4313 1039 4376 opera,
1056 4311 1135 4376 quae
1151 4299 1180 4358 iu
1196 4297 1344 4358 charitate
1366 4294 1452 4372 liunt,
1468 4311 1587 4367 aarum,
1603 4299 1788 4372 argentum,

24 4382 132 4456 Quam
148 4389 251 4446 autem
268 4382 462 4460 placeatlleo
479 4381 596 4460 paritas
617 4383 785 4462 virginalis,
803 4382 891 4444 intel·
935 4387 966 4442 et
981 4380 1100 4462 lapides
1116 4378 1242 4456 pretiosi
1266 4377 1461 4457 allicientur3
1484 4393 1565 4455 qnae
1584 4391 1656 4437 aero
1672 4377 1702 4438 ln
1717 4376 1789 4436 oba·

21 4466 80 4544 ligi
99 4469 208 4544 potest
219 4480 255 4528 er
271 4465 348 4527 isaia
364 4465 582 4546 Propheta,qui
599 4469 724 4528 nomiae
736 4467 788 4529 liei
805 4479 891 4543 prau-
934 4462 1022 4525 ritate
1039 4479 1099 4524 non
1114 4461 1204 4534 dant,
1222 4461 1252 4522 in
1268 4459 1350 4542 ligna
1366 4460 1462 4538 arida,
1481 4469 1511 4524 et
1527 4461 1651 4522 laeuum
1667 4505 1676 4535 ,
1692 4464 1721 4520 et
1735 4459 1791 4524 stl-

24 4548 107 4611 dicit
123 4547 294 4624 bunariis,
312 4547 374 4610 iltis
389 4547 540 4622 uidelicet,
565 4549 616 4627 qui
631 4563 667 4611 so
682 4554 891 4612 castraverunt
937 4546 1026 4626 putas
1041 4549 1266 4609 cunamtaotur.
1654 4591 1656 4596 .

24 4638 165 4709 propter
178 4647 307 4711 ragnum
320 4630 581 4708 coeroronuooo
594 4633 794 4695 cisiodumo
804 4646 890 4702 meu,
976 4627 1142 4691 Veniamus
1157 4643 1240 4689 nunc
1251 4625 1289 4687 ad
1304 4624 1557 4690 considerandam
1570 4623 1696 4720 alteram
1708 4623 1792 4702 ignis

25 4721 57 4775 et
71 4716 115 4776 in
130 4715 237 4777 muris
251 4714 331 4776 meis
346 4713 629 4790 incompleretur
642 4715 758 4778 melius
771 4712 889 4790 allilia,
939 4709 1166 4791 proprietates.
1182 4709 1338 4772 Hactenus
1360 4711 1441 4772 anim
1459 4710 1497 4772 ab
1512 4710 1585 4788 igne
1600 4705 1768 4770 didicimus
1781 4755 1791 4780 ,

25 4804 57 4858 aa
71 4796 237 4874 filiabus:
253 4811 373 4860 camera
386 4799 619 4876 sempiternum
635 4796 718 4859 dubo
730 4797 788 4869 eis,
805 4797 895 4877 paud
938 4795 1010 4869 auid
1026 4799 1170 4872 operetur
1185 4791 1281 4868 beas,
1295 4793 1327 4854 in
1342 4791 1393 4865 ils,
1410 4791 1462 4871 oui
1478 4809 1548 4854 cum
1565 4787 1714 4869 operibus
1729 4805 1792 4850 ma·

25 4877 249 4957 saeperita.
265 4879 361 4957 Quem
378 4878 480 4942 locam
494 4896 522 4942 s.
539 4880 729 4960 Augustinus
755 4882 787 4942 iu
813 4880 892 4964 libro
939 4875 978 4938 lis
993 4878 1031 4938 de
1048 4878 1177 4938 beccila
1193 4875 1369 4948 decedunt,
1386 4877 1433 4938 ret
1448 4891 1519 4937 cnm
1534 4872 1683 4952 operibus
1697 4871 1799 4935 bonis*

25 4965 69 5026 de
84 4965 198 5024 sancta
212 4961 412 5042 virginitate,
429 4961 468 5024 dc
484 4963 600 5026 sanctis
615 4961 784 5042 virginibus
801 5007 808 5034 ,
834 4965 893 5022 tam
939 4960 975 5020 od
997 4957 1089 5022 boam
1105 4959 1181 5020 altae
1194 4957 1387 5037 perueniunt.
1404 4956 1489 5020 liuuc
1504 4971 1560 5037 per
1582 4955 1670 5016 eliam
1686 4956 1795 5017 simiti-

26 5047 202 5119 moscutis,
219 5061 308 5122 uuam
324 5043 468 5108 torminis
483 5045 718 5125 intelligendum
741 5059 813 5107 esso
831 5061 894 5106 ma·
941 5041 1078 5104 tudinem
1095 5041 1132 5104 ab
1148 5043 1257 5103 codem
1274 5039 1345 5119 iguo
1362 5041 1498 5118 petitam,
1515 5037 1690 5116 intelligere
1705 5038 1796 5100 nobis

25 5127 151 5208 gnifica
178 5128 314 5191 oratione
329 5127 529 5194 demonstrat.
553 5129 653 5209 Atque
676 5129 733 5191 ista
755 5127 810 5190 trlo
826 5133 898 5189 sunt
943 5124 1293 5204 licebitgutdoperetur
1304 5123 1468 5192 beescam
1480 5123 1645 5202 iis,quosa
1659 5121 1797 5200 peccatis

26 5227 157 5289 opera,
186 5210 300 5290 ouibus
325 5225 363 5274 cx
384 5225 540 5276 consensu
562 5211 727 5275 Doctorum
744 5210 898 5274 debentur
942 5208 978 5270 ad
995 5206 1214 5282 poenitentium
1231 5212 1329 5268 uocat.

26 5293 188 5356 aureolae
203 5289 233 5355 in
249 5308 346 5372 reguo
367 5293 524 5357 coelorum
539 5339 547 5368 ,
564 5295 675 5358 dantur
691 5295 774 5358 enim
787 5309 895 5358 eureo-
982 5289 1079 5358 llonro
1094 5295 1237 5371 peccator
1251 5289 1362 5352 similis
1377 5294 1424 5351 cst
1438 5285 1531 5361 terro,
1545 5284 1627 5365 quod
1642 5285 1716 5348 dum
1728 5299 1797 5362 pro-

28 5379 96 5452 lae,
114 5375 147 5438 id
164 5379 223 5453 est,
239 5381 321 5439 certa
338 5375 474 5456 praemia
490 5379 714 5456 practer‘altam
729 5383 897 5448 aeternam,
944 5374 995 5438 cul
1010 5375 1097 5436 abest
1111 5372 1150 5437 ob
1163 5374 1246 5452 igue,
1260 5369 1716 5462 aigaum‚irigidum,durum,at
1729 5383 1798 5446 gra·

28 5457 239 5540 Martyribaa,
254 5459 451 5532 Ductoribus,
468 5467 499 5523 et
511 5459 702 5540 virginibus.
717 5459 910 5542 llartpribue-
945 5473 980 5522 rc
995 5461 1054 5522 est:
1071 5454 1125 5520 scd
1142 5457 1169 5520 si
1186 5456 1261 5520 torte
1276 5454 1306 5516 in
1324 5455 1426 5534 ignem
1444 5453 1590 5530 mittatur,
1608 5449 1738 5513 efficitur
1752 5451 1799 5512 lu·

30 5543 169 5618 quidem
187 5541 227 5606 ob
242 5543 453 5607 excellentiam
470 5544 636 5619 charitatis,
654 5543 725 5622 quta
738 5547 897 5607 maiorem
944 5540 1046 5602 cidum
1061 5585 1069 5613 ,
1086 5537 1242 5613 calidum,
1258 5537 1351 5600 molle
1365 5584 1373 5614 ,
1389 5542 1420 5600 et
1433 5537 1514 5600 lero.
1531 5533 1639 5598 Omnia
1654 5539 1799 5610 peccatur

28 5627 236 5688 cbnmtutom
248 5625 512 5707 bertoldesbara
527 5626 898 5706 carncmsoomponct
945 5623 1061 5688 lumine
1076 5621 1217 5686 iutenorc
1235 5627 1328 5699 curet,
1345 5628 1375 5684 ct
1389 5620 1419 5682 in
1435 5619 1574 5682 tenebris
1586 5615 1745 5693 'embolae
1761 5631 1798 5678 ac

145 5727 303 5785 Bruaaaatrrt
316 5727 373 5786 tot.
391 5727 431 5787 ll.
1515 5721 1550 5779 :td
