4080 6252
796 333 903 392 LlDEii
922 333 1110 394 SECUNDUS
1163 356 1167 364 ·

5 479 7 548 f
58 464 202 529 tissimus
216 483 226 530 r
241 481 333 547 quaa,
349 483 419 532 eum
441 467 482 532 sit
501 465 607 549 regina
632 467 786 542 virtutum,
809 485 919 532 omnes

5 553 7 586 t
57 548 193 614 virtutes
214 551 252 614 ed
275 568 310 614 se
326 551 438 629 trahit;
462 568 589 631 quarum
606 552 804 629 possessione
826 553 919 618 homo

5 661 6 666 =
58 630 237 696 ditissimus
252 634 542 711 coelestiumupom
559 637 669 698 eradit.
687 636 737 698 Sic
758 637 850 715 igitur
866 652 919 713 per

57 713 127 780 huc
153 715 378 780 divinissimum
405 718 635 782 Sacramentum
665 734 754 784 mens
783 719 920 798 repletur

55 798 172 876 gratia.

104 881 246 962 Denique
270 883 401 960 suturae
426 884 552 964 gloriae
572 885 664 950 uobis
688 884 808 964 pignus
823 887 921 950 detur

56 979 123 1042 per
138 966 197 1030 hoe
224 967 305 1028 idem
329 968 519 1032 salutiferum
536 969 778 1032 Sacramentum.
796 969 920 1047 Surnptn

56 1055 113 1110 est
127 1055 229 1113 nutem
254 1051 432 1131 metaphora
456 1052 604 1132 pignoris,
629 1053 667 1114 ah
689 1070 727 1114 eo
742 1053 823 1130 quod
839 1051 920 1118 inter

55 1128 210 1196 homines
232 1148 294 1196 non
317 1142 419 1212 potest
441 1137 545 1213 negari
569 1137 610 1209 id,
636 1137 717 1214 quod
733 1137 919 1212 promissum

57 1219 127 1290 est,
144 1216 267 1296 quando
281 1218 313 1278 in
326 1217 417 1280 iidem
431 1219 599 1281 servandae
615 1219 828 1296 promissionis
851 1217 920 1280 reli-

61 1306 151 1362 etum
167 1303 216 1362 ast
231 1301 356 1378 pignus.
374 1299 509 1380 Reliquit
523 1310 623 1364 autem
639 1301 789 1364 Dominus
804 1301 922 1378 Corpus

55 1398 154 1443 strom
171 1384 202 1442 in
225 1381 431 1460 Eucharistia,
447 1392 479 1446 ut
502 1385 613 1464 pignos
628 1385 774 1446 coelestis·
790 1384 920 1456 heatitu-

62 1463 163 1528 dinis.
179 1465 312 1530 Proinde
328 1468 380 1544 qui
397 1468 536 1543 moritur,
554 1474 700 1546 suscepto
716 1465 848 1546 Corpore
862 1466 919 1530 Do·

60 1548 179 1613 mtntoo
206 1565 276 1612 eum
303 1551 405 1612 dehita
433 1551 563 1627 puritate
586 1558 616 1614 et
638 1555 819 1622 reverentia,
834 1551 860 1614 is
876 1552 919 1628 pi-

57 1647 145 1710 gnus
162 1634 316 1708 ostendat,
334 1640 364 1694 et
380 1651 395 1694 a
411 1635 538 1696 coelesti
555 1634 699 1698 lelicitato
715 1632 835 1696 excludi
857 1650 917 1696 non

57 1713 187 1790 poterit.
206 1713 347 1778 Ostendit
361 1725 462 1778 autern
478 1719 600 1796 pignus,
614 1717 665 1796 qui
679 1717 805 1779 moritur
816 1721 919 1780 unitus

61 1795 189 1860 Christo
212 1814 268 1877 per
290 1816 392 1862 rernm
415 1802 605 1872 charitatem,
629 1817 718 1877 quam
742 1801 866 1878 reliquit
886 1799 919 1862 in

56 1881 164 1944 anirna
180 1882 447 1962 dignaperceptiu
461 1884 554 1948 huius
569 1882 717 1948 salutiferi
741 1885 919 1946 Sacramen-

57 1964 96 2026 tt.
113 1963 198 2028 Tune
212 1968 293 2028 enim
304 1967 460 2042 egreditur
472 1968 570 2030 anime
585 1970 623 2030 de
636 1981 812 2046 carperent
823 1982 919 2048 epoto·

54 2064 99 2110 ac
114 2049 238 2112 troica
250 2065 349 2130 super
364 2049 516 2114 dilectum
529 2067 648 2114 eoum:

103 2133 202 2209 Atque
220 2133 280 2196 hoc
296 2141 355 2210 est,
373 2137 454 2200 uuod
472 2134 579 2198 scribit
595 2136 725 2196 Sanctus
739 2131 874 2196 loannes
886 2133 918 2196 in

56 2214 259 2296 Apocalypsi.
276 2233 349 2280 cum
362 2216 435 2279 dicit
450 2235 457 2276 :
474 2217 567 2280 Bauli
587 2217 719 2291 mortui,
737 2216 920 2296 9111111110-

57 2299 153 2360 minc
178 2302 387 2362 moriuntur:
403 2296 524 2384 (dpcc.
544 2300 592 2363 tt.
607 2301 618 2374 )
631 2301 661 2360 id
685 2307 743 2373 est,
758 2299 841 2360 Beati
856 2316 920 2362 mc·

59 2381 192 2454 rienles,
209 2387 261 2460 coi
278 2385 450 2446 moriuntur
461 2384 616 2447 coniuncti
630 2384 811 2450 Domino.ot
826 2399 920 2447 mem·

1009 467 1090 545 Quin
1103 474 1133 534 te
1144 470 1364 548 ectrtemploos
1378 475 1482 532 'totum
1494 467 1611 540 deficit.
1633 493 1636 500 ·

1008 551 1109 630 Visus,
1125 560 1248 635 protos.
1267 561 1367 616 tuctus
1381 555 1418 616 iu
1431 559 1459 612 tc
1472 549 1608 627 fallitur,

1007 637 1070 698 Sed
1084 640 1216 700 ooditut'
1228 639 1289 700 soli
1304 645 1370 698 tuto
1386 635 1538 698 creditur.

1007 719 1104 784 Credo
1122 723 1283 799 quideme
1298 723 1384 784 dimit
1394 720 1449 780 Dee
1462 716 1579 794 Filius,

1004 803 1092 866 Nihil
1110 805 1253 868 l'critctis
1269 804 1327 866 hoc
1343 802 1436 864 uerbo
1447 803 1565 864 verius.

1004 887 1042 948 lu
1058 905 1153 951 cruce
1169 887 1367 950 loicbutacln
1381 885 1499 957 Dee'tus,

1006 967 1069 1032 Sed
1084 972 1135 1034 hic
1150 973 1224 1034 lutet
1238 971 1337 1033 simul
1352 976 1380 1030 ct
1394 969 1594 1030 ltumanitcs.

1007 1052 1105 1118 hotho
1122 1061 1230 1116 tomen
1245 1053 1378 1115 eredens
1394 1061 1490 1130 utque
1502 1049 1665 1127 confiteris,

1005 1136 1080 1199 Peto
1096 1141 1183 1216 quod
1196 1138 1307 1214 petiuit
1321 1137 1403 1197 iutro
1419 1137 1596 1212 poeniteris.

1006 1221 1134 1300 Pingua,
1151 1221 1233 1282 sieut
1251 1220 1396 1285 Thomna.
1412 1233 1479 1280 oon
1493 1219 1633 1292 intueor,

1007 1303 1107 1366 Deum
1123 1311 1233 1364 tumere
1247 1319 1354 1364 meum
1372 1307 1400 1362 te
1415 1298 1578 1375 corifiteor.

1006 1385 1072 1447 Fac
1087 1403 1137 1447 me
1153 1385 1210 1448 libe
1220 1401 1346 1464 semper
1357 1383 1461 1458 acopis
1476 1385 1617 1456 credere,

1004 1469 1043 1530 Ia
1055 1476 1083 1531 ie
1097 1485 1185 1548 spem
1198 1468 1326 1543 hebere,
1340 1476 1369 1528 et
1383 1465 1536 1544 diligere.

1009 1550 1232 1616 Orrromorr'ule
1247 1552 1359 1613 mortis
1375 1549 1514 1620 Domini,

1006 1634 1105 1698 Putris
1119 1653 1214 1698 uerus
1228 1636 1329 1698 eitum
1344 1637 1513 1708 perecutores
1530 1631 1665 1704 tiomiot,

1004 1717 1139 1781 Praesto
1153 1737 1245 1781 rocoa
1259 1719 1360 1779 crrenti
1375 1717 1414 1778 da
1429 1725 1457 1777 te
1472 1719 1588 1776 uicere.

1005 1802 1043 1862 Et
1059 1813 1088 1866 te
1102 1805 1151 1866 ilii
1162 1817 1289 1880 semper
1303 1801 1397 1863 dulce
1411 1813 1536 1876 supere.
1637 1800 1641 1812 ’

1006 1887 1061 1947 t’ie
1076 1887 1235 1962 pelliceae
1251 1883 1328 1947 Jesu
1342 1883 1491 1951 Domine,

1004 1967 1051 2030 Me
1062 1971 1272 2031 immundum
1284 1969 1410 2028 mundo
1424 1974 1478 2027 tuo
1490 1965 1671 2042 Scapulae,

1005 2050 1102 2114 Cuius
1118 2067 1188 2116 uhu
1202 2050 1291 2112 stillo
1305 2051 1432 2112 saluum
1446 2047 1554 2124 fucere

1007 2135 1119 2198 Totum
1133 2134 1293 2198 mundum
1303 2139 1408 2211 poseat
1424 2132 1515 2192 omui
1530 2129 1659 2192 scelere.

1004 2218 1090 2286 Jeou.
1108 2235 1202 2297 qoem
1214 2217 1356 2278 oriolum
1370 2230 1460 2277 corre
1475 2215 1611 2290 ospicio.

1008 2300 1142 2377 Quuudo
1157 2299 1209 2376 het
1223 2301 1318 2373 iliud,
1336 2299 1423 2376 quod
1437 2305 1503 2358 tum
1513 2296 1598 2372 sitio,

1009 2385 1042 2448 iit
1055 2393 1083 2448 te
1098 2385 1241 2448 reuelato
1261 2397 1395 2444 cerneus
1410 2380 1505 2458 fecie,

58 2463 118 2528 hra
140 2465 244 2543 capiti.
268 2465 366 2528 Nemo
389 2469 476 2530 emim
490 2469 638 2530 escendit
651 2467 689 2528 c'n
704 2467 838 2542 coelum,
853 2467 922 2528 uisi

58 2551 122 2626 qui
134 2550 297 2612 deseendit
312 2551 352 2612 de
366 2549 464 2627 coelo,
480 2549 584 2614 Filius
599 2550 748 2624 homimis,
761 2552 819 2629 qui
829 2552 921 2612 estio
1816 2605 1819 2619 ,

60 2631 164 2696 coelo.
189 2629 298 2712 (ioco.
322 2628 369 2714 3.)
391 2633 486 2696 Filios
508 2639 608 2696 eutem
633 2634 767 2696 hominis
782 2631 921 2694 Christos
965 2634 1019 2696 His
1042 2633 1202 2697 versieulis
1224 2633 1424 2698 devotissime
1450 2635 1596 2706 recitatis,
1620 2634 1669 2696 rel
1696 2633 1822 2708 auditis,

59 2731 126 2776 nun
143 2716 282 2779 aseendit
295 2718 364 2778 sine
380 2732 510 2794 corpore
524 2734 592 2793 suo,
609 2717 658 2778 coi
674 2718 740 2793 ipse
753 2723 799 2778 est
816 2723 918 2792 eaput,
966 2719 1132 2794 praemissa
1149 2715 1345 2780 ecclessiena
1361 2721 1512 2780 ordinaria
1529 2766 1536 2790 ,
1561 2715 1720 2796 confiteor
1742 2717 1823 2794 Deo,

52 2789 193 2862 Proinde
214 2800 273 2864 soti
296 2799 341 2861 illi
365 2803 535 2862 moriuntur
557 2805 588 2862 to
612 2801 753 2872 Domino,
776 2801 916 2876 quidum
964 2804 1058 2861 etc.et
1072 2798 1824 2878 acceptaSacerdotisahsulutiuneothenedietiu·

58 2881 244 2956 moriuntur,
259 2885 427 2946 annuerent
441 2883 583 2956 Domino,
602 2889 634 2944 ut
650 2881 786 2944 mamhra
802 2885 918 2958 eapiti:
966 2900 1016 2954 ne,
1034 2893 1062 2944 et
1085 2886 1178 2954 dioto,
1204 2881 1337 2948 Domine
1358 2901 1427 2948 noc
1447 2902 1520 2948 eum
1533 2885 1652 2963 diguus
1667 2901 1676 2961 3
1693 2899 1823 2960 summa,

61 2967 147 3038 uucd
173 2981 282 3028 omnes
307 2966 468 3038 obtinent,
497 2969 549 3041 cui
573 2968 665 3042 paulo
693 2973 764 3027 ante
792 2972 919 3027 mortem
967 2985 1025 3043 qua
1043 2975 1153 3043 potest,
1170 2966 1342 3030 humilitate
1357 2978 1387 3030 et
1410 2968 1573 3031 devotione
1599 2965 1823 3046 adiungendo

59 3045 216 3112 Christum
233 3050 264 3112 in
280 3048 471 3112 Eucharistia
487 3050 581 3128 digno
599 3047 782 3126 percipiunt.
965 3065 1084 3114 manua
1100 3057 1172 3112 tuos
1185 3048 1331 3126 Domine,
1349 3060 1409 3114 etc.
1424 3059 1454 3113 et
1466 3059 1694 3114 sacrosanctum
1708 3066 1744 3111 ae
1756 3064 1827 3112 coe·

102 3133 198 3210 Atque
213 3139 365 3196 haetenus
378 3135 416 3194 de
429 3137 663 3211 praeparatione
676 3130 792 3210 aegroti
804 3131 840 3192 ad
854 3128 919 3192 tita-
966 3135 1075 3196 lestern
1094 3135 1196 3194 cihum
1213 3151 1324 3197 secure
1339 3136 1482 3213 accipiat.
1625 3181 1626 3189 .

59 3215 154 3302 ticum
172 3216 417 3292 percipiendum,
428 3219 589 3292 antequam
601 3212 749 3278 Viaticum
762 3213 862 3290 ipsum
878 3219 917 3274 stt
1009 3219 1137 3286 sumpto
1152 3216 1281 3290 viatico,
1297 3225 1393 3281 restat
1414 3219 1577 3296 gratiarum
1600 3215 1678 3278 aetio
1693 3229 1748 3291 pro
1765 3220 1825 3276 tam

58 3313 222 3374 praesens.
246 3298 317 3360 llam
340 3299 441 3362 statim
458 3308 550 3377 atqua
566 3299 691 3360 Sacrum
708 3295 857 3359 viaticum
877 3296 918 3356 al·
965 3301 1075 3362 eximio
1086 3299 1142 3360 Dei
1157 3301 1321 3363 haneileio:
1339 3309 1370 3364 ot
1386 3309 1505 3377 praeter
1520 3301 1674 3363 orationes
1689 3295 1823 3370 rurales,

57 3381 155 3444 latum
182 3391 241 3458 ast,
265 3382 359 3444 dehet
383 3387 528 3461 aegrotus
555 3398 592 3444 eu
609 3383 713 3452 modo,
730 3394 790 3458 quo
806 3383 918 3457 potest,
966 3400 1045 3460 quae
1062 3401 1098 3443 ex
1116 3383 1174 3461 piis
1191 3383 1306 3447 libellis
1322 3386 1441 3448 recitari
1458 3385 1569 3460 solent,
1589 3383 1677 3445 raldo
1692 3382 1766 3444 utile
1778 3397 1826 3444 es·

59 3481 240 3545 assurgere,
254 3474 285 3528 et
298 3466 462 3532 Dominum
478 3482 570 3528 soum
584 3465 629 3528 rel
643 3467 673 3526 iu
695 3479 794 3542 genua
812 3477 918 3539 proro-
942 3463 945 3468 '
967 3475 1027 3537 set,
1047 3467 1144 3543 utqui
1161 3467 1307 3529 viaticum
1321 3469 1451 3545 aceepit,
1466 3466 1635 3546 ingreditur
1647 3465 1825 3528 cubiculum

59 3547 158 3622 lotus,
187 3550 234 3612 rel
261 3557 347 3610 certe
373 3547 519 3611 inclinato
546 3547 801 3626 oapiteadcrare.
821 3543 921 3621 Saepe
966 3548 1070 3610 cordis
1086 3553 1147 3620 sut,
1172 3558 1201 3610 at
1228 3551 1338 3614 tacitns
1365 3552 1442 3613 intra
1464 3567 1499 3613 se
1521 3551 1719 3612 meditaretur
1732 3546 1825 3610 rerba

59 3641 164 3694 autem
180 3631 330 3706 Dominus
344 3633 425 3696 viras
442 3632 580 3708 praehet,
597 3637 629 3694 ut
650 3628 804 3699 homines,
829 3629 919 3690 etiem
967 3633 1018 3693 illa
1035 3630 1212 3704 dulcissima
1236 3633 1358 3696 Domini
1380 3633 1465 3710 iesu,
1482 3650 1561 3711 quae
1575 3633 1728 3694 habentor
1742 3633 1773 3692 in
1787 3629 1827 3692 A·

61 3714 251 3790 moribundi,
275 3716 306 3778 in
331 3716 382 3779 illa
398 3718 472 3776 hura
490 3717 688 3786 consurgant.
705 3723 736 3774 et
750 3728 849 3791 genua
864 3710 919 3772 ile·
965 3717 1125 3793 paralypsi
1143 3733 1151 3774 :
1167 3715 1248 3778 Ecce
1262 3727 1308 3778 stc
1325 3718 1370 3779 ud
1383 3717 1492 3784 stium,
1509 3725 1538 3778 et
1549 3717 1656 3798 pulso,
1669 3715 1781 3792 etquis
1792 3729 1828 3776 o·

61 3805 158 3862 etant.
177 3799 228 3860 Sic
243 3800 324 3860 enim
338 3800 470 3878 legimus
486 3797 524 3860 de
548 3797 579 3859 S.
604 3795 767 3858 Guilielmo
794 3795 918 3856 hruhie·
969 3801 1115 3876 peruerti
1129 3799 1222 3860 milti.
1238 3802 1368 3863 introho
1391 3803 1436 3862 ed
1450 3816 1536 3871 eum,
1553 3806 1583 3862 el
1597 3797 1739 3862 coenabo
1754 3813 1828 3860 cum

63 3880 194 3958 piscopo
211 3881 392 3946 Bituricensi
407 3899 416 3941 ι
433 3880 466 3942 th
478 3887 586 3948 cutem
599 3880 772 3942 Dominum
787 3885 816 3938 et
832 3876 922 3940 Creu:
969 3881 1071 3958 illo,et
1085 3885 1301 3959 ipsemecum.
1315 3883 1490 3946 Haecenim
1505 3883 1629 3962 proprie
1641 3883 1828 3944 conueniunt

62 3971 166 4026 torem
187 3982 284 4028 suum
301 3967 345 4027 ud
357 3981 391 4028 sc
404 3965 530 4027 cedmae
546 3971 751 4042 cognoceret,
766 3961 854 4023 illico
876 3977 925 4024 re·
971 3966 1034 4025 illis
1050 3981 1100 4040 cot
1118 3984 1133 4024 a
1150 3983 1237 4028 sacra
1254 3966 1663 4029 commonionemcedunt:
1680 3963 1828 4026 Dominus

63 4049 341 4126 sumpttsotrtoos
364 4049 403 4110 de
425 4052 523 4110 atrato
545 4047 729 4125 prosiliens,
757 4051 925 4121 tamquam
969 4048 1064 4116 enim,
1093 4049 1145 4125 qui
1169 4051 1228 4110 hue
1252 4051 1480 4112 Sacramentum
1504 4049 1635 4111 instituit
1661 4049 1691 4109 iu
1718 4045 1825 4122 speeie

63 4132 135 4194 dom
156 4131 254 4208 febris
277 4132 382 4194 omnis
405 4129 616 4206 abscessisset,
631 4146 700 4190 uera
713 4128 781 4190 siue
796 4133 925 4204 stupore
970 4132 1113 4206 convivii,
1125 4133 1200 4191 nihil
1217 4134 1298 4194 aliod
1315 4134 1412 4211 magis
1425 4133 1520 4210 eupit,
1534 4149 1624 4208 uuam
1638 4139 1670 4193 ut
1682 4127 1827 4193 Christia-

64 4215 361 4289 circumstantium,
376 4215 522 4276 maxime
537 4215 624 4291 quod
644 4215 713 4275 ium
733 4210 800 4288 fere
821 4213 858 4272 iot
871 4227 923 4271 co·
970 4214 999 4276 ni
1016 4216 1053 4274 ad
1077 4215 1246 4276 convivium
1265 4219 1345 4278 istud
1362 4218 1531 4278 accedant:
1550 4220 1580 4276 et
1595 4217 1653 4275 hoo
1669 4209 1824 4290 signitica-

61 4314 177 4378 premo
200 4299 321 4378 spiritu
341 4297 465 4376 positus
486 4296 661 4371 videretur,
678 4296 803 4358 cumcito
817 4295 924 4370 predo
970 4306 1017 4361 tur
1031 4297 1093 4358 iltis·
1109 4298 1305 4360 rerhischce
1318 4305 1366 4361 sto
1379 4301 1425 4361 ud
1436 4299 1553 4360 ostium
1568 4305 1599 4360 et
1611 4297 1748 4376 pols03id
1765 4299 1824 4364 est,

65 4383 214 4462 procedit
238 4383 366 4446 choium
389 4379 549 4442 Scloutorr'
573 4395 643 4449 coo,
669 4382 753 4442 eires
767 4375 921 4438 submini-
956 4379 1027 4458 'ego
1043 4397 1091 4440 me
1108 4383 1174 4457 ipse
1189 4381 1283 4444 inrito
1297 4385 1334 4443 ed
1350 4397 1512 4444 commune
1539 4379 1722 4454 conuiuium,
1739 4384 1772 4438 nt
1784 4377 1826 4440 si·

65 4471 189 4528 etrohte
202 4462 691 4544 choritotmiicmisquegcrtibus.
706 4467 787 4523 totus
800 4459 925 4538 lechrg·
972 4464 1033 4524 niul
1051 4481 1170 4540 pasees.
1189 4463 1224 4525 Si
1245 4466 1414 4544 quaemihi
1435 4465 1612 4542 operuerit,
1639 4461 1824 4536 assentiens,

66 4549 128 4610 mis
143 4547 304 4628 diffluens,
315 4549 411 4610 illum
424 4549 553 4608 odoret:
566 4553 666 4624 utque
676 4545 805 4622 saepius
817 4559 925 4620 geone
965 4541 1053 4608 'hono
1069 4547 1225 4608 desiderio
1242 4567 1257 4608 a
1272 4566 1319 4609 me
1335 4550 1380 4610 illi
1397 4549 1556 4626 inspirato,
1571 4553 1605 4609 ut
1615 4545 1708 4608 simul
1722 4547 1826 4606 eonvi-

65 4633 166 4709 poeeit
181 4631 319 4710 plectere,
332 4633 442 4696 crebro
450 4635 631 4708 prostratus
646 4629 780 4707 cripitur
792 4645 800 4704 ;
812 4625 924 4704 illique
972 4646 1076 4693 remus
1090 4648 1098 4705 ;
1113 4629 1241 4692 imtruho
1257 4632 1302 4692 od
1316 4647 1401 4704 eum,
1419 4649 1473 4708 per
1495 4630 1681 4692 sacrosancti
1698 4626 1828 4690 eontirii

67 4731 166 4778 uuum
183 4731 321 4795 ugonem
335 4719 403 4777 tolo
417 4715 584 4776 deuotione
599 4713 814 4788 commender
827 4725 924 4772 crena
970 4713 1274 4776 communicationem
1289 4733 1297 4775 ε
1316 4721 1344 4776 et
1365 4714 1509 4778 oeeooho
1525 4729 1600 4775 cum
1620 4711 1690 4780 tito.
1714 4711 1828 4788 etipse

68 4797 508 4878 otqotdgutdporphodom
521 4802 675 4873 superest,
700 4797 767 4871 ipse
782 4807 925 4872 purpure
969 4811 1105 4859 mecerin.
1131 4797 1215 4858 Deus
1241 4798 1325 4858 enim
1347 4813 1479 4860 coenare
1505 4797 1615 4858 dicitur
1643 4795 1820 4868 nobiscum,

69 4879 235 4960 dignetur,
251 4897 294 4944 ue
308 4883 389 4962 guid
402 4881 548 4957 funestos
571 4877 671 4956 possit
696 4877 842 4940 inuenire
862 4876 926 4938 iui-
970 4881 1092 4956 quando
1108 4882 1276 4942 delectatur
1287 4880 1326 4942 de
1339 4887 1443 4942 nostro
1453 4880 1604 4958 spirituali
1619 4874 1769 4956 proiectu.
1783 4877 1830 4938 iu·

68 4966 193 5028 micae:
480 4989 484 4995 ·
969 4966 1016 5024 ria
1033 4963 1106 5024 illud
1123 4963 1312 5038 Prophetae:
1327 4963 1496 5025 Lotuhiicr
1510 4961 1664 5024 Dominus
1675 4963 1713 5024 io
1724 4960 1831 5038 operi·

111 5046 238 5110 Videtur
253 5053 356 5118 autem
373 5045 446 5108 mihi
460 5045 610 5122 optimum
636 5043 713 5106 laetu
730 5090 739 5119 ,
768 5049 801 5106 ut
821 5058 926 5123 aegro·
969 5045 1026 5106 bur
1040 5048 1121 5108 suis.
1138 5043 1302 5128 (ratos)
1314 5046 1351 5108 ttt
1366 5051 1396 5108 in
1411 5047 1521 5110 eodem
1535 5047 1617 5107 luco:
1634 5043 1828 5106 iocundum

72 5138 121 5194 tus
138 5136 300 5210 autequam
314 5128 438 5192 Domini
454 5129 573 5208 Corpus
584 5129 724 5204 accipiat,
741 5129 860 5204 recitet,
877 5126 925 5187 rel
968 5131 1010 5190 sit
1025 5129 1055 5190 ec'
1069 5129 1234 5208 eloquium
1246 5146 1426 5208 mcum,epo
1438 5145 1511 5192 uero
1527 5126 1760 5191 delectaturam
1774 5125 1832 5186 Do·

71 5213 194 5278 recitari
209 5213 314 5276 audiat
337 5213 504 5274 versiculos
527 5212 597 5274 illus
619 5211 717 5272 saneti
739 5207 873 5272 'rhomae
887 5209 925 5272 h·
968 5215 1069 5274 miuo.
1087 5211 1204 5286 Qorhus
1219 5214 1321 5274 uerbis
1340 5214 1519 5290 exprimitur
1530 5221 1636 5273 mutua
1650 5207 1826 5278 delectatio,

74 5299 218 5376 quinatis,
235 5297 287 5374 qui
303 5295 393 5358 simol
410 5293 502 5356 iidem
519 5299 736 5371 protestantur,
750 5298 882 5384 rippam
894 5308 923 5354 e·
971 5305 1000 5358 et
1015 5298 1100 5372 quasi
1118 5294 1206 5357 dulce
1229 5297 1401 5357 convivium
1419 5295 1473 5357 Dei
1496 5312 1566 5356 cum
1589 5297 1703 5366 anima,
1721 5299 1751 5355 et
1766 5291 1830 5350 ani·

74 5385 188 5461 rigunt,
205 5389 235 5442 et
252 5380 429 5442 charitatem
447 5377 710 5440 accendunt.Sunt
726 5385 825 5440 autem
842 5376 885 5437 hi:
974 5395 1041 5440 mee
1057 5396 1125 5442 eum
1142 5378 1218 5441 Deo.
1242 5377 1324 5441 Deus
1347 5379 1427 5440 enim
1444 5376 1615 5440 delectatur
1638 5377 1677 5439 de
1693 5375 1831 5452 protecto

974 5462 1124 5540 spirituali
1142 5464 1275 5536 animae,
1293 5469 1324 5524 et
1338 5462 1438 5522 anime
1456 5462 1626 5524 delectatur
1641 5461 1680 5520 de
1696 5458 1833 5535 acceptis

976 5564 990 5607 a
1007 5545 1068 5607 Deo
1084 5543 1260 5614 beneficiis,
1278 5560 1409 5624 quorum
1426 5544 1627 5622 praecipuum
1640 5547 1699 5609 est.
1716 5543 1797 5618 quod
1809 5539 1835 5600 i·

974 5645 1031 5706 pse
1053 5627 1135 5692 idem
1153 5645 1208 5710 per
1229 5629 1289 5693 bec
1305 5625 1500 5707 magnifieum
1517 5629 1747 5692 Sacramentum
1764 5641 1834 5688 eum

976 5714 1075 5775 anima
1093 5713 1226 5792 quodam
1242 5711 1336 5775 modo
1352 5709 1559 5794 conglutinari
1574 5710 1730 5790 dignetur.

1011 2469 1082 2532 Viau
1096 2471 1156 2532 sim
1173 2467 1283 2529 tectos
1296 2473 1372 2531 loce
1385 2463 1520 2544 emmor.

10 5607 11 5638 1
116 5543 219 5605 Adoro
235 5549 263 5604 te
279 5543 390 5638 deoote
407 5544 508 5606 luteus
521 5543 637 5612 Deitas.
726 5521 729 5532 ⁴

10 5691 11 5730 1
119 5623 682 5726 Quaesuhhraligrrrisoerelutituo.

10 5777 11 5780 Ἴ
117 5705 418 5792 lihtsecormettm
435 5712 687 5790 cotumaciam,
