4086 6258
314 288 365 344 llll
1009 269 1210 340 PRAEFATIO

285 426 338 487 ills
353 424 445 502 igilur
461 423 642 489 leslimoniis
655 421 845 500 eloquiorom
859 417 1033 482 Divinarum
1046 435 1094 480 sn·
1140 430 1223 481 mora
1239 417 1416 482 bominibus
1430 420 1490 498 piis
1507 436 1566 484 non
1582 421 1717 483 ostendit
1738 419 1848 482 loeiem
1865 421 2010 482 borren-

246 508 285 569 lis
308 509 464 586 probolur,
487 513 616 570 moriem
638 506 668 568 ld
684 504 798 567 babere
814 503 845 566 in
861 518 896 565 se
910 501 996 578 boni,
1013 502 1093 579 quod
1139 503 1221 578 darn,
1235 503 1290 562 sed
1307 500 1446 566 blandem
1459 521 1467 579 ;
1479 519 1540 565 non
1553 503 1733 580 terribilem,
1745 504 1801 564 sed
1814 502 2005 565 amabilem.

244 590 355 653 liberet
376 592 528 654 bominem
551 585 870 666 omiserilsplnrlmls
891 583 982 647 buius
1004 589 1095 648 nilne.
1140 585 1217 646 llino
1230 582 1394 664 Apostolus
1410 585 1519 648 Paulos
1534 601 1643 649 secoro
1658 585 1875 661 elnmn13llr'lri
1889 587 2006 648 niem

245 672 375 748 Deinde,
391 673 593 738 exeelleollus
607 671 720 733 bonum
738 683 820 732 mors
836 666 952 742 adieri;
968 683 1037 729 eom
1054 667 1095 728 le·
1140 665 1282 732 Gbrislnn
1303 673 1359 737 esi.
1383 673 1413 730 et
1433 670 1670 745 morilucrum,
1690 664 1790 752 (Phil.
1805 666 1853 748 2.)
1869 668 2005 731 deside·

244 771 304 818 noa
325 754 451 818 ellidilor
473 773 491 818 a
512 770 635 817 eoreere
657 754 694 822 od
710 751 859 833 Regnum.
876 750 908 812 ld
925 752 1031 812 sannio
1046 747 1095 812 lo·
1141 749 1216 810 riom
1239 749 1358 814 babens
1380 751 1522 836 dissolvi,
1546 757 1575 814 el
1590 767 1655 816 erse
1670 767 1743 814 enm
1760 750 1896 814 Glnrislo.
1914 750 1949 813 Er
1969 752 2005 811 in

244 838 315 900 enni
333 838 542 918 Evangelislne
556 843 586 899 el
601 835 748 915 lposrolo
763 836 928 898 nerelaiom
944 839 992 894 esi
1007 849 1021 894 n
1037 833 1095 894 llo·
1139 831 1275 909 Epislnlo
1302 835 1403 911 priore
1427 838 1466 896 ad
1496 835 1793 898 Thessalonieenses
1810 880 1818 910 ‚
1848 835 2005 898 admonet

245 921 339 994 mino,
363 937 431 982 eom
455 926 580 995 propler
594 917 685 982 fldem
701 918 849 980 exullerel
868 916 898 977 io
913 915 1011 977 insula
1026 915 1093 977 Pel·
1140 913 1330 978 cbrislianns
1352 917 1476 994 probos.
1499 917 1545 992 (2.
1564 917 1666 981 Tiiees.
1689 913 1735 999 l.)
1749 922 1782 980 ui
1802 933 1864 979 non
1881 919 2003 980 coniri·

246 1018 330 1080 mos3
354 1001 482 1074 dodini,
494 1002 614 1081 inquil,
636 1016 744 1063 ooeem
765 1003 805 1063 de
826 998 913 1062 coelo
935 998 1094 1061 dicentem
1139 1002 1260 1062 sienim
1279 999 1311 1060 in
1327 998 1475 1063 mollibus
1489 1001 1662 1077 eberonem,
1679 1015 1780 1079 neque
1795 1015 1851 1063 eos
1866 1006 1902 1063 ol
1919 1015 2001 1060 mor·

244 1085 336 1159 milri,
352 1084 471 1154 Scribe,
486 1083 580 1147 Beoli
601 1084 723 1146 morini
736 1085 794 1164 qni
811 1084 849 1144 in
873 1079 1007 1144 Domino
1029 1096 1095 1162 mo·
1139 1088 1207 1144 loos
1228 1082 1364 1160 logenoi,
1393 1083 1448 1145 sed
1471 1087 1503 1145 ol
1524 1083 1715 1147 dormientes
1742 1082 1909 1162 espleienl.
1935 1081 1999 1145 Sed

244 1169 385 1232 addolor,
395 1165 515 1230 Amabo
524 1167 678 1230 inandieil
690 1165 881 1244 spiritunon
890 1165 1095 1242 requiescam
1139 1163 1210 1225 viril
1225 1163 1314 1226 eliam
1330 1164 1440 1227 mulier
1454 1165 1603 1244 quaedam
1619 1171 1724 1230 sonnio
1735 1182 1858 1228 enorum
1871 1171 2000 1228 noslro·

165 1279 167 1284 v
245 1249 439 1312 olnboribns
454 1250 533 1318 nnis:
549 1250 750 1328 operaenim
764 1249 1092 1327 iilornmseqnnnlnr
1139 1262 1205 1308 rom
1222 1247 1382 1314 memoria.
1401 1249 1524 1310 nomine
1547 1247 2000 1316 Colaninoddorna.llenuen·

244 1330 495 1410 illosilipoedli.
525 1331 614 1396 Bealo
631 1332 720 1410 pleno
737 1347 819 1392 mors
834 1329 1015 1393 Sonelorom
1032 1337 1091 1404 esi,
1138 1328 1192 1403 sis,
1209 1345 1288 1405 nure
1303 1329 1348 1394 sie
1364 1330 1490 1393 ardebnl
1503 1347 1606 1393 amore
1623 1330 1747 1398 Chrisli.
1762 1339 1796 1394 ul
1816 1329 1998 1394 incredibili

244 1430 322 1490 nune
339 1415 422 1477 iussn
435 1429 491 1477 eoo
506 1415 580 1478 eslis
593 1413 682 1493 llegls
697 1412 735 1475 ab
747 1412 903 1492 ergastulo
914 1411 1016 1474 earnis
1030 1411 1094 1473 oni·
1137 1411 1295 1474 desiderio
1316 1419 1444 1490 euperel
1465 1413 1605 1490 dissolri,
1622 1423 1651 1475 el
1666 1415 1702 1476 nd
1718 1413 1861 1478 diieelnm
1877 1413 1997 1494 migra-

245 1501 324 1560 msm
340 1497 454 1573 edunil,
471 1504 501 1558 el
515 1497 552 1560 od
568 1497 851 1578 Regnomooelesle
867 1494 1024 1572 perduoil3
1039 1496 1092 1557 obi
1137 1509 1189 1555 re:
1207 1493 1377 1572 bipennasl
1393 1496 1501 1558 merlis
1515 1511 1617 1558 rmore
1637 1503 1738 1576 enple,
1755 1511 1821 1558 eom
1836 1501 1935 1572 slepe
1961 1505 1996 1559 ul

244 1578 403 1642 delonelae
427 1578 542 1642 loribus
556 1581 677 1642 animes
688 1585 812 1641 semelae
828 1578 957 1640 doleller
971 1579 1094 1654 requie·
1137 1575 1373 1650 pulcherrimam
1397 1579 1424 1640 'el
1442 1579 1702 1657 speciosissimam
1719 1579 1876 1654 leudobol,
1893 1578 1927 1640 ld
1941 1595 1996 1640 so·

243 1662 902 1740 sennl,etpromereedeoperum,eorooom
915 1659 1094 1740 Regniper·
1136 1659 1200 1720 lum
1222 1660 1252 1720 io
1276 1675 1310 1723 ea
1333 1660 1578 1738 reprebendens,
1595 1663 1677 1739 qood
1697 1677 1732 1724 se
1746 1667 1932 1741 quaerenles
1947 1663 1996 1726 lu-

242 1743 370 1822 eipiuni.
385 1743 445 1808 Sed
457 1753 487 1806 el
497 1744 670 1818 animabus,
684 1759 762 1820 quoe
773 1743 811 1804 ad
822 1739 1093 1827 Pergaloriomde-
1136 1747 1233 1816 nerei,
1256 1749 1287 1806 el
1307 1758 1343 1804 se
1363 1742 1505 1822 lugenles
1526 1748 1698 1821 quaererer.
1721 1743 1996 1808 Consnlolbeelor

244 1826 407 1903 doeoolor,
431 1842 492 1889 non
515 1827 656 1906 exiguum
674 1823 858 1889 beneficium
874 1840 957 1887 mors
972 1825 1093 1904 odierl3
1137 1824 1230 1886 llilem
1245 1824 1280 1888 B.
1294 1823 1473 1888 Cnlbarlnne
1488 1825 1662 1890 lienuensls
1675 1828 1767 1907 eapil.
1779 1827 1845 1890 vll.

242 1925 311 1970 eom
334 1925 386 1971 eas
408 1926 423 1970 a
445 1909 555 1973 limone
580 1911 742 1988 gehennoe
756 1907 877 1982 liberal,
894 1914 923 1970 el
938 1915 1038 1971 eerlos
1053 1909 1092 1972 de
1176 1905 1220 1970 lix
1242 1908 1291 1970 bis
1314 1907 1416 1986 igilur,
1439 1925 1519 1987 qrree
1534 1910 1614 1972 dlela
1629 1917 1712 1986 suoi,
1728 1910 1892 1986 babemus,
1910 1926 1992 1972 mor·

240 1986 1093 2068 ioloraoosempilernelelleileleeoosliloil.Quid,quod
1138 1995 1197 2050 lem
1214 1996 1246 2050 ul
1262 1990 1379 2068 prolem
1394 1992 1524 2071 peeenll,
1548 1993 1658 2054 molam
1673 2003 1754 2070 esse,
1771 1994 1826 2056 sed
1842 2007 1879 2054 ex
1894 1995 1991 2069 pratia

243 2073 321 2150 ipsis
336 2073 425 2136 eliam
440 2075 581 2151 reprobis
596 2073 773 2139 bominibus
785 2087 867 2133 mors
881 2071 1049 2136 adveniens
1062 2090 1093 2134 a·
1137 2070 1261 2147 Christi,
1274 2075 1325 2149 nol
1342 2078 1471 2136 moriem
1486 2074 1592 2151 subire
1603 2090 1659 2154 pro
1672 2074 1761 2137 nobis
1772 2075 1920 2154 dignares
1930 2083 1988 2151 esl,

243 2155 338 2233 liquid
361 2156 501 2219 ulililolis
516 2155 635 2220 adlerre
650 2157 779 2228 ridelur,
797 2154 868 2218 dnm
885 2170 969 2219 ensa
985 2171 1093 2236 eorpo·
1137 2153 1243 2218 leolam
1266 2169 1337 2218 esse
1360 2154 1465 2218 mollis
1484 2157 1585 2220 modis
1601 2156 1706 2220 olllem
1721 2165 1751 2221 el
1765 2158 1943 2232 solnlarem,
1960 2177 1989 2221 a·

243 2251 276 2298 re
292 2253 450 2316 separans,
466 2239 497 2301 id
519 2237 621 2312 offleii,
639 2245 672 2301 nl
686 2253 830 2302 mensura
847 2252 1014 2315 poenorum
1030 2255 1093 2301 non
1140 2236 1283 2300 mobilem
1299 2244 1329 2302 el
1343 2237 1591 2304 desiderabilem.

244 2320 375 2397 emplius
398 2321 536 2384 ereseell
557 2322 684 2398 Prnpler
705 2322 760 2384 hos
782 2320 924 2400 egregins
947 2318 1094 2384 nlilileles
1437 2341 1440 2352 ·
