4048 6242
728 235 874 292 edibus
892 235 1061 296 OCTAVUS
1641 239 1693 300 237

10 371 122 442 parata
152 365 256 428 omnis
280 368 407 432 scientia
433 375 547 446 nostro,
572 383 633 431 nan
656 367 796 446 scientia,
820 369 876 432 sed
962 373 1024 450 ige
1040 371 1143 452 igitar,
1160 368 1259 432 anima
1275 385 1354 443 mea,
1370 371 1664 452 pratiaslieo,qacd
1681 381 1763 436 tanto

9 450 199 526 ignorantia
216 450 290 512 εειι
922 454 1079 516 interralto
1101 455 1213 516 distare
1229 453 1358 517 roluerit
1374 459 1511 516 naturam
1528 461 1610 516 tuam
1624 471 1641 516 a
1657 464 1761 518 natura

52 529 265 611 Quartoriget
277 533 415 596 inanima
429 536 561 598 bumana
574 531 762 614 genusaliud
776 533 875 595 scicn-
922 539 1118 598 animeniium
1134 544 1324 598 coeterorum
1337 555 1345 597 :
1360 539 1414 599 sed
1431 537 1521 600 simul
1538 538 1641 600 attolle
1656 541 1763 600 ocutos

10 615 88 688 tiae,
105 615 196 690 quod
210 630 269 677 noa
283 615 313 677 io
326 622 551 694 speculatione,
566 621 621 679 sed
635 619 665 678 in
679 615 798 697 actione
812 633 877 678 rer·
922 623 1030 684 mentis
1051 623 1088 682 ad
1110 619 1210 696 ipsum
1234 620 1375 682 eumdem
1397 619 1589 683 conditorem
1606 628 1712 696 tuum,
1732 625 1762 681 io

10 704 115 758 sator.
126 696 217 759 Unde
229 705 299 760 sunt
312 705 355 762 ιοι
367 700 436 763 libri
449 701 718 776 Philosophorum,
731 700 769 762 de
782 701 873 774 ritirs,
920 719 981 782 quo
995 710 1042 766 cst
1056 719 1148 764 rerus
1164 703 1233 764 lens
1248 701 1363 782 ingenii
1379 747 1386 774 ,
1404 707 1435 764 ei
1448 701 1618 780 sapientiae
1633 701 1764 767 ellcetri·

10 784 40 838 rt
57 780 232 842 virtutibus
246 799 254 858 ς
276 789 317 842 tet
332 783 419 862 leges
433 783 620 862 Principum,
637 787 668 844 ei
682 781 808 844 coasilia
826 782 875 842 lu·
919 792 964 848 ets
981 801 1094 864 rerum,
1108 785 1210 847 abillo
1224 785 1306 846 laute
1321 783 1585 864 delluitquicquid
1597 786 1712 865 ingenii
1725 791 1762 847 ed

10 865 270 925 reconsuitorum
285 884 293 924 ε
311 869 353 926 tot
369 873 580 930 institutiones
595 873 625 928 ει
640 864 875 928 exercitationes
919 875 1056 930 naturam
1078 874 1160 930 tuam
1182 867 1347 930 deriratum
1370 876 1428 940 esi,
1451 875 1481 930 ει
1496 871 1522 930 ει
1546 868 1664 931 miraris
1678 866 1764 947 iugo-

10 945 47 1004 ad
66 953 172 1007 artem
189 945 270 1010 bene
293 947 410 1010 uiuendi
433 951 681 1028 comparandam.
703 947 737 1008 lo
762 949 874 1024 quibos
920 953 1002 1012 niam
1020 951 1165 1022 bominis,
1182 952 1263 1029 qood
1279 950 1484 1014 animantibus
1501 952 1616 1012 ratione
1632 953 1763 1013 carenti·

10 1029 204 1091 admirabile
220 1033 355 1092 cernitur
369 1032 400 1092 in
415 1033 652 1096 lacmioelumcn
665 1029 873 1107 rationisque
918 1033 977 1096 bus
992 1033 1141 1096 industria
1157 1041 1187 1096 et
1202 1037 1265 1093 aric
1281 1033 1428 1094 dominari
1445 1035 1598 1113 didicerit3
1611 1035 1763 1096 admirare

10 1127 78 1172 ano
95 1111 195 1190 longe
218 1130 253 1174 ae
270 1113 361 1192 longe
376 1115 484 1179 bestiis
501 1119 702 1193 praestamus.
719 1113 778 1176 Sed
796 1113 873 1176 aiud
919 1117 1137 1194 potiusbcum.
1151 1119 1199 1177 eui
1212 1119 1313 1177 omnia
1327 1116 1473 1192 serviant,
1486 1124 1515 1180 et
1527 1118 1686 1188 obediunt,
1701 1133 1762 1178 noo

10 1194 212 1256 haecomnia
226 1200 346 1258 suntad
359 1196 459 1277 legem
472 1201 639 1270 aeternam,
654 1195 774 1274 quaein
788 1212 873 1256 meo·
917 1201 1017 1261 solum
1039 1199 1215 1271 animantia,
1239 1198 1295 1258 sed
1318 1202 1407 1260 etiam
1432 1194 1636 1262 inanimodt
1658 1200 1682 1260 si
1701 1215 1761 1261 ma·
1805 1272 1808 1278 ¹

10 1285 40 1338 te
57 1277 235 1341 conditoris
252 1279 341 1358 riget,
355 1295 392 1342 ex
404 1297 462 1358 qua
475 1288 626 1361 tamquam
640 1295 676 1342 er
688 1278 770 1340 toute
783 1277 870 1340 uber·
917 1299 1011 1362 qoam
1027 1282 1080 1344 tibi
1097 1280 1222 1348 ridetur,
1237 1277 1318 1358 quod
1334 1281 1425 1343 bomo
1438 1286 1481 1343 tot
1492 1287 1573 1344 eries
1586 1282 1700 1344 invenit
1711 1299 1764 1344 na·

10 1363 96 1420 rimo
114 1370 279 1424 manarant
294 1378 403 1424 omnes
419 1365 516 1443 teges,
532 1373 561 1426 ct
576 1361 676 1425 omnia
692 1367 769 1424 iura.
788 1360 873 1424 linae
918 1365 1039 1444 rigandi
1061 1363 1165 1436 maria,
1189 1361 1312 1424 colendi
1327 1379 1428 1442 agros,
1446 1363 1615 1429 labricandi
1630 1364 1762 1442 domos;

10 1452 59 1503 εει
75 1445 171 1506 eninr
186 1444 361 1522 lepisiator,
374 1446 520 1512 ctlcdem
530 1447 626 1520 Deus,
639 1445 737 1522 inquit
748 1461 775 1505 s.
787 1443 870 1505 laco·
916 1464 971 1511 cur
986 1463 1046 1510 non
1064 1446 1161 1508 maius
1182 1445 1277 1508 rideri
1294 1445 1398 1516 debet,
1415 1448 1498 1523 quod
1514 1447 1596 1509 licus
1610 1447 1762 1527 sapientia

10 1525 74 1587 bus
91 1526 125 1586 io
143 1529 274 1605 epistota
291 1544 358 1590 sue.
376 1529 446 1597 lose
461 1538 508 1592 εει
521 1531 645 1600 veritas,
659 1537 689 1588 et
703 1526 828 1598 iustitia,
842 1529 873 1588 ει
916 1547 971 1592 sua
996 1529 1151 1592 lubricant
1171 1530 1302 1601 cociam,
1326 1535 1357 1589 et
1379 1536 1500 1604 terram,
1517 1537 1547 1591 ει
1563 1531 1666 1598 marla.
1683 1537 1715 1592 et
1729 1547 1761 1592 ο-

10 1608 362 1689 sapientia,pcrqucm
374 1611 473 1690 lieres
483 1620 632 1690 recount,
642 1617 671 1672 ει
682 1610 788 1688 iopam
798 1625 871 1671 eon·
917 1615 1011 1680 moia,
1034 1629 1113 1690 quae
1135 1610 1165 1674 lo
1189 1610 1234 1674 cis
1255 1617 1338 1686 sunt,
1362 1619 1392 1672 ει
1413 1612 1514 1672 omnia
1531 1613 1716 1688 moderatur,
1733 1617 1763 1675 ει

10 1693 140 1754 ditores
154 1693 242 1756 iusto
258 1695 447 1764 decorant.
466 1698 594 1773 proinde
608 1710 763 1770 nunquam
777 1696 871 1754 artem
916 1699 991 1774 regit
1004 1696 1021 1758 l
1035 1701 1066 1758 ει
1081 1693 1107 1758 si
1123 1695 1258 1772 denique
1280 1695 1477 1771 obstupescis
1501 1700 1595 1758 artem
1612 1695 1761 1773 pingendi

11 1774 100 1836 bene
125 1777 279 1852 beateque
301 1778 422 1839 rirendi
438 1778 597 1857 reperies,
614 1780 713 1838 donec
728 1773 767 1836 ad
781 1776 870 1836 sebo·
916 1780 946 1841 io
964 1779 1087 1847 tabuiis.
1101 1779 1130 1840 et
1141 1777 1228 1854 quasi
1244 1778 1328 1838 riros
1339 1776 1471 1838 ducendi
1484 1775 1523 1838 do
1535 1791 1686 1840 marmore
1699 1779 1761 1840 rul-

13 1857 77 1917 ¹⁸¹¹¹
97 1857 214 1921 Chiisli
229 1877 237 1934 3
262 1861 312 1940 (ιιιΙ
330 1876 409 1921 ⁰¹¹¹¹⁵
425 1871 471 1924 cst
486 1861 632 1933 llarister
654 1875 745 1920 verus
760 1856 872 1919 aduris·
915 1869 974 1924 tus:
989 1877 1044 1924 cur
1059 1875 1119 1922 nan
1132 1859 1326 1938 obstupescis
1341 1866 1434 1922 ortem
1451 1860 1621 1922 conditoris
1636 1859 1691 1936 tui,
1705 1863 1757 1937 qui

12 1955 85 2014 sos,
105 1941 178 2004 eius
192 1942 286 2005 rerba
301 1949 332 2005 ci
347 1945 488 2021 exemplo
510 1943 656 2006 didiceris
673 1943 816 2002 iustitiam
833 1941 868 2000 11·
915 1948 954 2007 (ιε
969 1945 1033 2006 luto
1049 1943 1185 2006 inroravit
1200 1943 1303 2004 reram
1326 1957 1363 2004 ae
1377 1943 1476 2004 rirum
1493 1941 1660 2018 bominem,
1676 1949 1706 2006 et
1722 1946 1760 2004 de

10 2023 90 2096 lam,
110 2041 191 2102 quae
207 2026 341 2088 abundet
356 2041 450 2102 super
472 2029 615 2088 iustitiam
632 2023 819 2098 Scribarum,
841 2027 872 2086 et
893 2091 896 2104 ,
915 2034 998 2091 costa
1021 2025 1074 2089 riri
1098 2041 1197 2088 reram
1221 2041 1257 2086 ac
1277 2023 1372 2086 riram
1393 2023 1552 2087 mulierem
1567 2025 1762 2088 aodidcaritl

11 2104 272 2174 Pharisaeorum.
289 2108 368 2169 addo
384 2109 473 2170 etiam
492 2109 763 2186 lbiiosapborum,
781 2107 871 2168 cuius
916 2111 1095 2183 praesertim
1119 2109 1143 2170 si
1160 2107 1266 2180 addas,
1283 2121 1362 2183 quae
1378 2106 1493 2170 iaciunt
1514 2107 1669 2179 hominos,
1693 2107 1762 2172 sine

12 2187 89 2250 bnis
106 2193 157 2252 esi
171 2189 312 2253 ebaritas
327 2207 371 2253 em
389 2193 487 2254 corde
505 2207 611 2272 puro,
628 2199 656 2256 et
671 2189 869 2253 conscientia
913 2193 978 2256 ιιεο
993 2195 1177 2270 cooperante
1193 2205 1254 2252 aon
1269 2187 1349 2264 lleri;
1365 2205 1443 2268 quae
1460 2196 1559 2252 autem
1574 2189 1647 2256 laeli
1663 2189 1757 2269 licus,

12 2271 117 2348 bono,
136 2278 165 2334 et
177 2269 243 2352 lide
256 2289 325 2336 non
338 2271 426 2354 ficto.
655 2345 661 2358 ¹
912 2276 951 2339 ab
967 2279 1035 2352 ipsc
1050 2275 1117 2336 solo
1132 2273 1217 2334 nullo
1231 2273 1292 2334 aiio
1307 2279 1491 2348 cooperante
1504 2271 1582 2335 tiart.

58 2355 175 2426 Quinto
196 2356 336 2434 possidet
357 2361 457 2420 anima
480 2356 614 2420 bominis
631 2354 751 2418 tertium
768 2370 868 2434 penus
954 2357 1047 2422 Serio
1061 2359 1171 2420 donata
1183 2360 1232 2418 est
1245 2353 1380 2417 bominis
1395 2354 1495 2417 auitae
1512 2356 1609 2420 libero
1625 2356 1760 2420 velunta-

15 2436 276 2517 scicntiao,quod
288 2438 318 2500 in
331 2439 426 2502 rebus
442 2441 604 2520 ingeniose
617 2439 803 2500 labricaadis
816 2453 869 2516 po·
914 2441 952 2504 iis
966 2440 1104 2516 arbitrio,
1121 2438 1202 2519 qaod
1218 2443 1266 2500 est
1282 2436 1324 2498 illi
1341 2451 1505 2500 commune
1520 2453 1589 2502 cum
1602 2439 1672 2516 ipsc
1683 2437 1760 2516 Deo,

14 2522 112 2581 sitoro
129 2526 188 2584 esi.
205 2521 240 2584 Et
262 2521 386 2600 quidem
410 2529 522 2585 norunt
543 2530 632 2586 cuam
648 2535 777 2584 araneae
792 2522 869 2584 tetus
913 2528 943 2587 et
953 2521 1091 2604 Angelis,
1105 2530 1136 2586 et
1150 2536 1212 2600 quo
1226 2538 1241 2582 a
1258 2520 1352 2582 rebus
1366 2522 1497 2583 cacteris
1508 2524 1618 2586 creatis
1632 2522 1763 2585 maxima

15 2609 139 2680 terere,
154 2612 184 2666 et
198 2605 335 2667 aricolae
351 2605 441 2668 nidos
455 2605 631 2676 aedificare,
645 2613 762 2682 etapes
776 2603 868 2665 malls
913 2609 1016 2669 distat.
1040 2603 1145 2684 dopna
1167 2611 1214 2668 εει
1236 2603 1314 2666 baec
1334 2602 1492 2678 nobilitas,
1519 2610 1550 2667 ei
1574 2605 1764 2668 admirabilis

15 2685 187 2760 conficere,
204 2693 234 2749 ει
249 2687 357 2765 rulpes
371 2685 487 2766 loreas,
511 2689 599 2766 quasi
615 2690 723 2750 domos
739 2701 868 2762 quaere·
913 2689 1106 2753 excellentia.
1121 2687 1181 2750 Sed
1198 2690 1280 2748 tanto
1297 2687 1393 2748 maior
1407 2693 1453 2750 est
1469 2685 1595 2752 libertas
1611 2689 1640 2748 in
1657 2688 1762 2750 eandi-

15 2786 73 2830 re:
93 2770 150 2832 sed
169 2770 225 2832 ista
242 2770 405 2832 animantia
426 2777 551 2835 naturae
573 2769 705 2851 quodam
721 2769 870 2831 instinctu
915 2778 979 2837 tore
999 2787 1100 2834 rerum
1116 2768 1252 2832 omnium
1268 2766 1354 2845 lieo,
1371 2773 1402 2830 ul
1416 2767 1536 2832 animae
1552 2770 1678 2833 libertas
1693 2787 1764 2833 oum

17 2867 85 2912 rem
109 2869 201 2914 unam
224 2859 255 2916 et
276 2855 415 2916 eamdem
438 2859 469 2916 et
492 2857 583 2918 modu
604 2857 713 2916 codem
735 2853 868 2915 laeiunir
914 2856 966 2919 illa
982 2853 1229 2931 comperuimus
1244 2852 1350 2914 umbra
1367 2852 1450 2915 illius
1463 2867 1533 2916 esse
1550 2852 1768 2916 rideaturdri·

17 2937 122 2996 anima
137 2951 209 3000 raro
224 2935 356 2998 bumana
373 2937 490 3000 ratione
501 2945 532 3000 et
543 2937 658 3000 iudicio
670 2935 807 3014 praedita
823 2950 870 2996 ar·
915 2955 997 3000 mum
1013 2936 1139 3000 libertas
1155 2935 1320 2996 uoluntatis
1336 2935 1487 2998 bumanae
1503 2933 1624 2998 infirma
1638 2941 1708 3009 esi,
1733 2940 1764 2996 ei

18 3025 66 3078 tes
91 3018 334 3084 innumerabiles
354 3019 532 3095 adinvenit,
557 3035 612 3100 per
633 3035 710 3097 quas
724 3017 869 3079 omnibus
915 3020 955 3083 ad
968 3022 1045 3082 mala
1061 3036 1097 3082 ac
1112 3019 1200 3081 noxia
1216 3017 1274 3080 sibi
1291 3017 1432 3096 eligenda
1443 3016 1544 3080 ieeilis
1559 3023 1590 3080 et
1605 3035 1712 3096 prona;
1726 3017 1762 3080 li·

19 3101 241 3176 animantibus,
256 3103 349 3164 relini
361 3103 471 3179 acirim,
486 3107 626 3180 imperat,
641 3101 869 3172 etdominatur,
914 3104 1018 3166 bertas
1034 3102 1196 3165 roluaiaiis
1211 3099 1330 3163 uicinae
1345 3099 1560 3165 robustissima
1575 3107 1643 3177 est,
1662 3106 1694 3163 ut
1708 3101 1764 3166 de*

18 3199 78 3246 nee
93 3189 224 3262 prosunt
237 3185 345 3249 aribus
360 3185 437 3263 alae,
453 3201 511 3248 bec
522 3185 660 3265 piscibus
677 3183 870 3267 profunditus
914 3185 1021 3262 fidere,
1038 3185 1085 3248 vel
1103 3181 1244 3247 inclinari
1259 3184 1296 3244 ad
1313 3182 1425 3245 malurn
1443 3183 1527 3245 nullo
1544 3182 1633 3246 modo
1649 3187 1761 3261 possit,

19 3280 185 3342 aquarum,
199 3282 257 3331 nec
272 3269 426 3342 leonibus,
440 3278 490 3330 aut
506 3273 587 3332 arsia
602 3268 695 3331 robur
710 3263 868 3340 eximium,
915 3268 1069 3347 quomodo
1084 3269 1165 3330 euim
1188 3279 1280 3343 posse
1295 3266 1371 3327 mori
1388 3263 1548 3328 infirmitas
1563 3270 1611 3328 εει
1627 3267 1766 3345 corporis

21 3367 81 3411 nec
97 3347 188 3427 cquis
204 3357 233 3411 ct
250 3352 341 3414 mulis
356 3351 509 3423 ferocitas.
524 3367 581 3415 nee
594 3366 692 3415 cerrus
708 3355 738 3411 ει
749 3347 870 3424 capreis
916 3352 1065 3428 mortalis,
1082 3366 1144 3413 oon
1159 3363 1252 3428 posse
1267 3350 1342 3410 mori
1360 3350 1475 3410 sanitas
1488 3356 1535 3412 εει
1546 3350 1684 3425 corporis
1699 3349 1766 3428 pio·

22 3433 203 3514 pernicitas.
220 3433 379 3512 Siquidem
397 3437 455 3512 ipsi
471 3436 562 3497 ctiam
578 3433 677 3515 paeri,
696 3430 827 3510 laqueis,
841 3437 871 3492 ει
915 3435 1045 3496 ribcatir
1068 3434 1114 3496 sic
1136 3432 1225 3496 etiam
1249 3447 1342 3510 posse
1365 3445 1506 3509 peecare,
1534 3429 1696 3493 introeas
1717 3436 1766 3494 εει

23 3519 119 3588 risco,
137 3518 168 3577 ει
182 3517 299 3578 retibus
314 3533 385 3579 ares
400 3518 536 3597 capiunt,
553 3525 584 3580 et
599 3518 688 3581 bomo
703 3531 738 3577 ae
753 3514 871 3577 retibus
914 3517 1004 3580 liberi
1020 3514 1149 3590 arbitrii,
1165 3529 1225 3577 ooo
1239 3529 1332 3592 posse
1346 3529 1475 3592 peccare
1487 3515 1602 3576 sanitas
1615 3513 1671 3576 erit
1683 3513 1764 3577 eius·

24 3601 195 3674 piscatores
210 3599 314 3676 pisces
329 3601 586 3679 approbandant:
600 3597 654 3661 riri
668 3603 770 3672 autem
786 3599 871 3675 inqe-
916 3600 986 3662 dem
1008 3598 1137 3670 arbitrii,
1160 3595 1285 3675 quondo
1299 3595 1383 3660 Deus
1404 3598 1434 3658 in
1452 3596 1578 3664 coelesti
1595 3599 1691 3676 patria
1706 3596 1766 3658 boc

25 3683 75 3743 nio
92 3688 123 3743 ει
137 3687 201 3744 arie
216 3683 326 3745 leones
341 3691 371 3744 ει
386 3699 475 3746 ursos
491 3683 593 3746 cereis
608 3681 717 3744 icrrcis
732 3679 870 3742 includo·
917 3683 1008 3745 uobis
1020 3682 1156 3744 conteret
1169 3695 1224 3759 per
1237 3678 1376 3760 qratiam,
1387 3680 1469 3758 quod
1482 3680 1548 3760 ipso
1560 3695 1685 3759 semper
1695 3693 1766 3757 pos-

25 3777 68 3838 re,
85 3768 117 3826 ει
131 3765 364 3827 circumducere
379 3784 387 3826 r
405 3782 497 3845 apros
513 3774 542 3828 et
558 3781 666 3828 cervos
680 3765 727 3828 rel
742 3763 870 3826 ionibus
916 3766 997 3828 sidet
1013 3780 1068 3842 per
1083 3769 1233 3826 naturam.
1249 3759 1369 3824 Deinde
1390 3761 1523 3826 liberum
1539 3761 1697 3824 arbitrium
1713 3776 1767 3824 uo·

26 3848 155 3920 irretire,
173 3848 219 3911 rel
234 3848 314 3910 terra
329 3847 508 3913 conludere:
524 3863 620 3926 equos
635 3856 666 3911 et
678 3848 779 3909 mulos
795 3848 870 3907 trae·
916 3854 1027 3921 strum,
1040 3847 1172 3909 liberum
1185 3844 1311 3922 quidem
1327 3854 1385 3919 εει,
1400 3851 1432 3907 ει
1448 3846 1545 3924 possit
1557 3845 1647 3924 reite,
1661 3850 1692 3907 cl
1704 3859 1767 3907 non

27 3945 63 3989 no
78 3929 214 4005 domare,
238 3937 269 3993 ει
294 3931 421 4008 imperio
447 3947 504 3996 suo
526 3933 660 3994 subdere
683 3931 869 3992 didicerunt.
915 3932 1008 4007 relle,
1026 3931 1073 3992 rel
1089 3931 1180 3992 citam
1196 3927 1287 3998 reite,
1301 3934 1331 3988 et
1342 3929 1437 4005 nolle3
1451 3929 1507 3990 sed
1523 3942 1583 3991 non
1596 3935 1644 3992 est
1655 3933 1766 4007 potens

27 4013 102 4082 Quid
119 4011 217 4074 dicam
234 4012 274 4076 de
288 4020 352 4076 arte
367 4015 546 4094 navigandi?
561 4020 670 4097 quanta
688 4016 738 4074 lur
752 4012 871 4091 ingenii
917 4012 1040 4077 allicere
1055 4012 1137 4093 qaod
1152 4013 1229 4084 ruit,
1250 4013 1298 4074 rei
1317 4017 1347 4074 ui
1363 4027 1423 4072 noa
1443 4011 1505 4087 liat,
1528 4014 1610 4088 quod
1626 4026 1687 4073 noo
1702 4013 1769 4074 rult

25 4095 54 4154 in
71 4097 170 4158 anima
187 4095 318 4160 bumana
335 4095 430 4168 iulsit,
445 4099 568 4175 quando
581 4095 797 4177 perliquidum
810 4111 871 4157 me·
916 4098 1008 4159 etiam
1024 4095 1055 4158 in
1071 4095 1189 4174 seipso,
1212 4099 1325 4172 quauta
1348 4093 1445 4173 magis
1468 4095 1498 4155 in
1514 4093 1672 4156 cacteris?
1686 4091 1767 4156 dudi

25 4191 57 4240 re
68 4193 162 4240 uaros
175 4178 333 4252 maximas,
348 4185 378 4243 et
390 4181 580 4258 ponderibus
592 4179 782 4258 gravissimis
795 4193 871 4240 onu·
916 4180 1098 4253 Apostolum
1114 4183 1328 4240 lamentantem
1346 4177 1375 4236 in
1391 4179 1522 4254 epistola
1537 4178 1573 4238 ad
1590 4177 1763 4238 Romanos:

27 4266 99 4336 stas,
122 4277 183 4324 non
205 4263 305 4324 solum
327 4263 430 4332 ramis.
455 4263 542 4341 quari
563 4263 718 4344 pedibas,
735 4277 870 4336 currere,
916 4263 989 4326 lt'on
1002 4261 1091 4343 qttod
1103 4261 1173 4324 uoto
1189 4258 1320 4340 bonum,
1335 4259 1395 4322 boc
1409 4259 1572 4338 [εειεεεει
1587 4260 1677 4339 qood
1691 4257 1767 4322 nalo

27 4343 80 4404 sed
96 4342 187 4406 etiam
204 4347 293 4412 retis.
311 4345 398 4423 quasi
414 4347 470 4408 alis
487 4347 587 4409 rolare
603 4344 730 4410 docuit?
742 4345 820 4418 Quid
833 4345 872 4407 de
917 4347 1053 4419 molum,
1070 4346 1128 4408 boc
1142 4358 1216 4422 epo.
1232 4341 1269 4403 lit
1283 4347 1354 4418 quis
1368 4350 1505 4405 nostrum
1523 4343 1580 4404 boc
1596 4358 1657 4403 non
1673 4355 1764 4420 cxpe-

29 4426 235 4504 agriculioral
250 4429 320 4504 quis
342 4445 403 4490 ooo
420 4429 616 4509 obstupescet
641 4429 800 4509 ingenium
819 4431 873 4489 bo·
918 4429 1010 4491 riter?
1026 4429 1094 4490 rolo
1108 4431 1224 4490 attente
1239 4438 1326 4487 orare
1342 4426 1450 4501 lieura,
1468 4433 1498 4486 ci
1513 4423 1604 4487 iubeo
1617 4423 1770 4504 imagina-

31 4511 129 4584 miois,
147 4511 172 4571 ει
188 4518 324 4589 segetes,
336 4511 363 4576 si
379 4511 493 4585 cineas,
508 4516 532 4574 si
550 4514 696 4590 pomaria,
712 4509 739 4572 si
756 4513 871 4581 burins,
919 4512 993 4574 tiani
1010 4526 1107 4582 meae,
1124 4509 1195 4572 dum
1212 4507 1248 4570 ad
1265 4506 1412 4569 orandum
1429 4507 1551 4577 assisio.
1565 4513 1598 4568 ut
1614 4521 1766 4587 nusquam

32 4593 54 4652 si
70 4593 218 4670 piscinas,
242 4595 269 4656 si
291 4595 391 4657 rarius
412 4611 560 4674 aquarum
581 4597 696 4658 rivulos
714 4594 751 4655 ad
768 4596 873 4655 bortos
919 4598 1075 4672 erogetur,
1090 4607 1149 4655 aec
1161 4606 1211 4654 me
1227 4589 1326 4653 trabat
1340 4595 1377 4652 ad
1395 4591 1452 4653 alia
1469 4591 1643 4671 cogitanda:
1656 4597 1687 4652 ει
1698 4605 1765 4653 cam

34 4675 214 4752 irrigandos.
230 4685 344 4739 eterra
364 4679 567 4742 bumectanda
582 4679 692 4740 ductos
708 4676 875 4756 inspiciat?
919 4678 1053 4740 retinere
1069 4692 1130 4738 non
1147 4689 1274 4752 possum
1287 4675 1318 4738 in
1334 4671 1455 4744 cilicio,
1473 4689 1509 4734 ac
1524 4674 1595 4734 dum
1613 4673 1714 4736 minus
1731 4675 1770 4735 de

37 4757 110 4830 Quid
133 4763 171 4821 de
186 4759 413 4824 architectura?
433 4761 506 4838 quis
529 4778 589 4823 nou
613 4761 736 4822 miretur
753 4760 872 4838 palatia,
919 4759 976 4821 bac
991 4776 1025 4822 re
1041 4757 1192 4822 sollicitus
1206 4770 1287 4825 sitm,
1305 4755 1428 4818 inrenin
1441 4771 1490 4818 me
1502 4755 1770 4834 abimaqinatiooe

34 4841 154 4918 templa,
171 4841 277 4918 urbes,
295 4859 395 4911 arces.
413 4852 528 4917 turres,
546 4843 778 4918 amplritbeatra,
794 4841 875 4922 pira·
919 4842 1083 4905 delusum.
1108 4840 1246 4902 oratione
1269 4839 1444 4902 intermissa
1466 4836 1503 4899 ad
1528 4838 1585 4900 alia
1608 4839 1771 4918 cogitanda

34 4922 139 4996 arides,
162 4923 345 4988 obeliscos?
366 4925 479 5007 Omitto
502 4927 648 5005 pingendi
666 4929 697 4988 et
711 4925 873 5000 sculpendi
920 4925 1094 5001 delapsam.
1114 4922 1187 4986 laio
1210 4923 1533 4998 conconcupiscere,
1558 4927 1588 4982 ει
1603 4937 1664 4982 aon
1681 4921 1771 4984 irasci

34 5010 120 5076 artes,
137 5007 249 5084 quibus
262 5011 310 5070 sic
322 5011 474 5072 interdum
487 5011 524 5072 ad
537 5007 872 5092 rirumerprimuntur,
920 5015 1042 5084 praeter
1067 5006 1205 5069 ordinem
1223 5004 1349 5066 rationis
1363 5051 1370 5070 .
1388 5011 1418 5066 et
1434 5005 1553 5081 impero
1568 5019 1623 5081 per
1640 5003 1770 5067 liberum

35 5089 79 5151 rel
94 5089 247 5151 coloribus
269 5094 300 5152 in
316 5093 431 5166 labala,
449 5091 499 5156 rel
513 5093 662 5172 scalpello
678 5094 707 5153 in
725 5108 874 5152 marmore
920 5091 1079 5153 arbitrium
1090 5084 1684 5166 irascibili,eteoneopiscibililaeultati,
1695 5103 1773 5170 quae

36 5173 131 5234 ruttus
146 5172 302 5234 bominum
318 5221 326 5250 ,
342 5175 391 5238 rel
407 5191 457 5238 res
471 5181 623 5253 coeterae,
640 5180 672 5236 at
688 5190 788 5249 reme,
813 5190 873 5237 aon
920 5175 951 5235 io
968 5189 1015 5234 me
1032 5179 1115 5243 sunt,
1132 5169 1290 5232 occationi
1311 5169 1378 5231 iore
1393 5168 1535 5231 subditae
1550 5170 1771 5244 resedebant,

37 5257 140 5332 pictae,
155 5255 203 5317 rcl
218 5255 358 5335 sculptae
371 5259 545 5321 credantur.
558 5256 670 5322 Omitto
683 5257 817 5334 reliquas
829 5274 874 5319 ar·
920 5264 952 5318 ut
968 5255 1095 5318 rationis
1118 5254 1246 5334 imperto
1257 5251 1382 5314 omnino
1398 5251 1589 5320 subiaceant.
1608 5267 1665 5314 nec
1681 5269 1715 5316 se
1731 5255 1773 5316 si-

37 5345 76 5400 tes
98 5338 229 5402 bumana
251 5341 387 5419 ingenio,
411 5343 475 5404 sire
497 5342 535 5405 ad
547 5343 767 5404 ‚necessitatem
785 5342 873 5417 ritae,
919 5348 993 5402 nant
1005 5356 1020 5402 a
1034 5337 1179 5402 sensibus
1195 5335 1332 5412 corporis
1348 5335 1411 5397 ullo
1425 5335 1515 5397 modo
1527 5335 1646 5408 seduci,
1661 5345 1772 5401 eisae-

36 5421 94 5482 sire
108 5421 144 5482 ad
159 5426 405 5486 commoditatem
420 5470 429 5499 ,
445 5423 510 5487 sire
524 5423 562 5487 ad
579 5425 764 5502 voluptatem
786 5437 875 5486 eirca·
921 5440 959 5501 pa
972 5437 1032 5484 oon
1046 5421 1199 5494 obeditur,
1215 5433 1272 5480 nce
1285 5419 1316 5478 ιιι
1329 5419 1410 5496 quod
1425 5418 1505 5487 roto.
1520 5418 1671 5494 sed'quod
1687 5419 1773 5486 oola.

36 5509 146 5581 qiiatas,
163 5520 241 5586 (tute
257 5509 300 5569 toi
314 5514 396 5585 suut,
414 5512 446 5570 ut
461 5511 612 5574 numerari
630 5509 675 5570 rix
691 5506 822 5587 possint.
923 5505 984 5572 Sed
1007 5502 1088 5586 quod
1112 5517 1237 5580 prorsas
1258 5500 1440 5564 admirabile
1463 5507 1493 5563 ct
1515 5499 1688 5564 miserabile
1712 5509 1772 5585 est,

105 5687 257 5746 Bructerum
273 5689 330 5749 l'ol.
347 5689 388 5748 tl.
1525 5685 1557 5742 itt
