4086 6258
778 345 886 404 tioiiit
905 343 1088 406 SECUNDUS
1699 343 1758 402 itt

6 481 10 522 t
76 482 323 560 tiamersohtre,
338 499 401 547 noo
416 487 464 548 ιιι
477 483 600 550 difficile
612 485 734 550 discere
748 461 933 552 retdicera.
979 455 1085 549 tudine
1105 482 1272 550 canonicas
1292 445 1540 548 sarcasmum
1553 478 1734 544 Eraoeiscus
1747 480 1831 559 tapa-

6 581 9 598 ·
75 567 215 631 Primum
231 570 312 630 enim
329 585 383 646 pro
398 572 727 652 compertohahemos,
742 587 934 652 carpuneno·¹
979 570 1042 642 bat,
1065 575 1095 632 et
1120 574 1191 631 tuuc
1215 567 1398 648 intelligent,
1424 566 1487 628 hod
1506 563 1589 642 pium
1612 561 1744 625 officinm
1760 564 1830 630 siue

76 651 130 713 bis
145 653 269 715 mandat
283 651 376 714 tiator
390 653 540 724 Ecctesie.
558 647 696 735 quamne
710 655 783 718 dura
799 656 844 718 ret
857 654 932 717 diiii·
981 652 1145 734 patiantiee
1166 652 1278 715 auritio
1299 651 1404 731 peragi
1419 666 1481 713 non
1497 663 1601 727 posse.
1619 645 1773 726 sicigitur
1787 647 1831 708 to·

6 763 7 774 ι
74 735 150 798 aitia
165 735 239 807 sint,
256 735 437 800 obedienter
448 745 478 799 et
489 742 641 817 patienter
652 737 836 817 perficienda
849 753 933 802 esse.
982 737 1083 814 quitur
1098 735 1131 799 S.
1142 735 1354 798 Beneventum
1368 737 1397 795 io
1410 733 1474 796 Vita
1487 731 1583 794 sancti
1595 728 1762 792 Francisci.
1775 729 1832 792 Eo·

6 835 7 848 ¹
74 818 159 894 Quid
173 819 266 882 nobis
282 821 405 881 mandat
419 820 716 903 Ecclesiatj'eJunia
732 821 935 902 Quadragesi-
982 823 1057 884 titus
1079 827 1147 885 erat
1166 821 1218 883 cir
1238 824 1367 882 canctus
1381 815 1830 883 Horasconanicosncnmt·

74 919 161 978 maa,
190 903 325 976 Quatoor
346 902 542 983 temporum,
570 914 599 968 et
624 899 820 984 Vigiiiarom':
838 906 894 967 istu
910 904 936 966 si
981 919 1044 968 nas
1059 905 1207 968 timorate
1221 901 1484 986 Deopersotuere,
1499 915 1598 979 quom
1613 899 1734 970 denote,
1749 911 1829 960 nam

6 1023 7 1026 =
74 988 289 1067 suscipiantur
313 992 346 1050 ot
367 995 497 1069 oportet,
515 991 575 1050 odo
591 989 659 1051 sine
671 990 814 1067 patientia
830 987 937 1065 pertici
983 989 1055 1050 ticet
1075 987 1254 1062 acutorum,
1267 984 1435 1061 stomachi,
1451 983 1583 1064 sptenis,
1596 987 1625 1044 ιι
1640 981 1765 1060 hepatis
1780 995 1833 1044 ce

76 1077 222 1148 possunt.
248 1069 321 1133 dam
347 1069 374 1132 'si
400 1072 469 1151 quis
491 1074 563 1134 retii
577 1073 608 1134 iu
624 1072 735 1134 diebus
747 1073 938 1150 ieiuniorum
981 1071 1148 1152 prtipdine
1163 1069 1334 1144 tohorocct;
1348 1069 1477 1132 notabat
1490 1074 1598 1129 tomen
1608 1063 1764 1128 marocci
1775 1079 1833 1142 po·

6 1157 7 1168 ’
76 1155 244 1232 exquirere
270 1153 420 1216 delicatas
442 1155 561 1234 epulas,
578 1162 609 1218 et
624 1155 655 1216 io
671 1171 767 1218 coena
785 1171 856 1229 nna,
872 1156 937 1217 sire
980 1155 1056 1217 rieta'
1074 1151 1257 1228 inhaerere,
1281 1154 1360 1215 dnm
1379 1152 1548 1230 aparinen
1564 1149 1621 1212 aad
1641 1148 1834 1210 Emessam

6 1251 7 1268 ι
75 1238 208 1318 prandio
238 1252 312 1313 uno,
344 1242 459 1300 tantum
490 1237 551 1300 cibi
577 1253 713 1315 sumere,
741 1245 886 1315 qnantum
904 1238 935 1298 in
980 1254 1040 1314 per
1053 1242 1187 1311 erectos,
1204 1235 1560 1314 etsineeoputio,non
1573 1232 1834 1313 pprooopisacac·

6 1339 7 1352 ¹
74 1324 208 1401 prandio
223 1319 314 1383 simoi
332 1329 362 1382 at
377 1337 472 1382 coena
488 1337 599 1400 capere
615 1322 724 1384 soiitos
739 1330 823 1397 erai;
840 1327 870 1382 et
881 1322 936 1382 ho·
982 1321 1101 1404 tiammo
1112 1319 1186 1381 eccm
1197 1320 1311 1397 adona
1322 1311 1719 1398 symcopupersotucbot.st
1729 1329 1834 1394 quoci-

6 1409 7 1449 ι
74 1421 142 1468 ram
157 1406 337 1482 anticipare,
356 1411 385 1465 ei
400 1413 504 1483 postea
521 1406 579 1468 snb
593 1419 756 1482 vesperum
774 1405 933 1468 coenulam
982 1406 1025 1466 cto
1039 1408 1119 1466 esset
1132 1404 1170 1465 im
1189 1402 1307 1464 itincre
1318 1405 1517 1477 constitutus,
1533 1398 1648 1479 tipehot
1662 1406 1738 1461 tanc
1760 1405 1835 1460 tam·

6 1529 7 1536 1
74 1504 203 1552 sumere
233 1495 291 1548 tarn
319 1489 489 1564 copiosam,
509 1495 540 1550 ut
555 1504 651 1551 coena
667 1486 727 1550 dici
743 1488 861 1566 possim
878 1489 935 1550 iate
980 1489 1070 1566 poris
1094 1501 1239 1564 messam
1263 1484 1451 1560 hujusmodi
1465 1481 1731 1546 consuetudinem
1745 1497 1832 1544 rece-

74 1577 163 1634 certe
189 1587 250 1632 non
279 1570 366 1632 tacita
395 1573 522 1647 esuriet,
540 1586 641 1646 neoaie
655 1572 749 1643 sitiet,
767 1587 869 1647 neque
885 1587 936 1647 pa·
980 1567 1837 1646 rentameisacromotptuutornminondantiomnon

77 1656 185 1718 tientia
200 1669 279 1730 opus
295 1651 430 1723 habebit,
448 1656 502 1715 sed
526 1657 550 1714 si
566 1655 649 1717 serio
664 1660 788 1724 statuat,
807 1669 867 1716 non
883 1671 936 1714 an·
983 1655 1141 1716 conitiens.
1158 1651 1302 1715 Graviter
1315 1653 1413 1712 ctiam
1428 1667 1461 1713 se
1475 1649 1609 1727 potabat
1622 1647 1793 1730 offendere,
1805 1647 1836 1710 si

74 1737 206 1815 ticipara
223 1738 339 1805 horico,
359 1738 416 1798 nisi
431 1737 556 1800 morbus
571 1746 621 1797 aut
632 1737 689 1798 etia
704 1741 923 1800 necessitasne
983 1737 1114 1815 qnando
1137 1738 1279 1799 urationi
1293 1735 1422 1798 deditos
1436 1735 1531 1797 uenis
1552 1731 1836 1810 phantasmatibus

75 1829 151 1900 gat:
168 1819 309 1900 vulgares
325 1826 354 1881 et
370 1821 446 1881 uites
458 1822 567 1896 epotas
581 1819 787 1897 poenitentiae
800 1821 937 1898 agendae
981 1822 1118 1882 incertus
1138 1825 1325 1896 caperetur.
1352 1817 1429 1880 cum
1444 1818 1573 1899 ctioutd
1586 1817 1649 1878 tote
1664 1815 1836 1889 accederet,

76 1905 294 1966 accomodatas
316 1917 450 1978 sumere,
465 1918 580 1979 easque
596 1906 625 1964 in
641 1918 674 1965 ea
693 1919 846 1973 oceasum,
860 1921 937 1978 uuae
982 1918 1051 1965 non
1077 1901 1232 1980 porrehot
1260 1901 1466 1980 confessioni,
1484 1901 1565 1980 quin
1588 1899 1672 1962 iilud
1685 1900 1836 1978 protinas

74 1985 275 2050 reiectionem
293 2001 543 2063 emmennone
567 1985 749 2048 ordinariam
773 2003 833 2048 non
849 2000 935 2050 exce
984 1989 1143 2065 coaptaret.
1168 1985 1312 2048 Psutmos
1333 1994 1406 2048 cum
1422 1992 1514 2046 tantu
1533 1985 1648 2046 mentis
1662 1984 1839 2044 attentione

76 2070 142 2141 dat,
158 2075 189 2131 et
204 2069 286 2145 qood
302 2071 332 2130 in
348 2067 403 2129 otia
421 2068 608 2150 periectione
624 2077 809 2141 sumeretur,
827 2071 852 2130 si
870 2073 937 2131 dies
983 2068 1122 2144 dicetur,
1139 2072 1234 2147 qnasi
1247 2067 1344 2132 Deum
1357 2066 1712 2148 praesentemhoherct:
1723 2071 1751 2125 ei
1763 2079 1838 2126 eum

73 2150 188 2233 jejunii
212 2166 271 2212 ιιοιι
290 2159 382 2220 esset,
400 2153 473 2213 dare
489 2152 690 2232 pauperibus,
709 2159 740 2212 nt
755 2153 795 2214 sit
806 2151 889 2230 juxta
902 2153 936 2214 B.
982 2151 1241 2214 nomentiomini
1254 2154 1291 2211 ta
1305 2153 1350 2212 eis
1365 2157 1556 2219 accurrerat.
1570 2165 1653 2230 prua
1667 2149 1839 2211 suauitatis

6 2249 7 2286 3
76 2234 361 2313 Leonem,re[ectio
373 2236 540 2314 pauperis,
553 2235 748 2299 abstinentia
755 2235 938 2315 jejunantis
984 2235 1168 2298 dut‘catine.
1183 2234 1341 2297 tantuma
1353 2235 1476 2315 timpora
1486 2233 1666 2297 mechatur.
1677 2230 1770 2308 (Gap.
1786 2230 1837 2291 io.

77 2324 114 2380 et
127 2319 215 2380 aiibi:
230 2318 422 2381 Esuriomos
437 2319 610 2394 caninam
626 2319 844 2395 dcttctissimi3
861 2329 890 2382 et
904 2319 938 2381 o'-
989 2319 1075 2380 Vitae
1091 2316 1123 2378 S.
1141 2314 1338 2400 Eroneimt)
1353 2316 1440 2379 Certe
1456 2320 1481 2378 si
1500 2320 1569 2395 quis
1585 2315 1688 2377 conari
1704 2315 1778 2377 vetit
1792 2315 1840 2377 sic

78 2401 325 2482 liquontntnm,
352 2401 440 2479 quod
459 2403 617 2480 jucundis
642 2405 761 2478 possit.
787 2404 939 2481 prodesse
984 2401 1080 2464 Horas
1096 2403 1262 2462 canonicas
1277 2400 1392 2479 tegere,
1410 2407 1440 2463 et
1456 2409 1546 2462 noctu
1558 2399 1647 2461 etiam
1664 2399 1842 2475 surgereod

74 2482 293 2563 pauperihus.
309 2491 441 2546 nostroe
455 2485 683 2547 consuetudini
696 2484 937 2550 subtrahamus.
986 2491 1149 2548 ituaturnas
1159 2484 1255 2548 Horas
1269 2483 1501 2562 personandas,
1514 2485 1690 2560 experietur
1701 2481 1841 2554 omnino,

6 2617 7 2622 1
79 2565 200 2660 (darm.
218 2565 268 2630 ii.
283 2568 323 2630 de
336 2565 444 2646 tejam.
461 2565 511 2629 m.
527 2568 658 2631 amasis.
676 2567 778 2630 Serm.
795 2567 826 2632 e.
840 2570 879 2630 de
894 2568 940 2631 tc·
985 2570 1053 2629 sine
1069 2568 1173 2629 tabere
1189 2575 1218 2629 ct
1234 2569 1376 2645 patientia
1393 2584 1427 2630 se
1441 2584 1501 2629 non
1515 2580 1608 2645 posse
1620 2565 1723 2626 dieino
1734 2561 1841 2625 Officio

73 2667 155 2726 run.
172 2648 202 2710 i.
218 2651 365 2727 mensis.)
380 2659 411 2711 et
425 2651 633 2729 doniquesoh
652 2657 770 2714 noctem
794 2654 937 2727 coenata,
986 2651 1173 2724 satistacere.
1196 2651 1286 2713 diutia
1309 2658 1380 2712 snut
1401 2651 1471 2727 alia,
1495 2665 1572 2727 quae
1586 2647 1680 2710 ticin
1701 2645 1839 2712 Ecclesia

81 2747 164 2814 qnae
190 2732 270 2795 sorni
296 2750 311 2792 a
328 2732 434 2794 moitis
450 2735 539 2800 sotct.
556 2749 627 2796 rete
654 2736 858 2797 sit'ooenuta:
875 2742 938 2797 tum
985 2735 1024 2795 de
1041 2733 1276 2808 reluctemini,
1294 2749 1331 2795 ex
1345 2731 1467 2795 Litteris
1481 2732 1710 2807 sacrisedocta,
1726 2729 1843 2810 praeci-

80 2815 153 2877 sine
168 2816 263 2877 dubio
278 2815 611 2887 patientia'nccessaria
628 2819 685 2880 arii
700 2819 736 2879 ad
760 2820 893 2880 esuriem
911 2823 942 2881 et
986 2815 1040 2895 pit,
1058 2831 1135 2894 quae
1150 2818 1218 2878 sine
1234 2817 1378 2895 patientia
1394 2825 1477 2894 recte
1494 2817 1597 2894 peragi
1614 2831 1674 2877 non
1688 2819 1842 2892 possuot;

80 2899 164 2962 sitim
180 2898 385 2960 tolerandam:
400 2905 430 2960 et
444 2899 489 2961 sie
498 2899 683 2978 jejunando,
698 2899 809 2962 Christi
824 2902 940 2979 panen-
986 2899 1086 2979 quatis
1113 2906 1197 2976 sunt,
1224 2901 1296 2961 dare
1322 2899 1514 2978 superfluum
1530 2914 1623 2976 opum
1640 2897 1842 2978 paoperibus,

80 2983 154 3044 tiam
171 2988 339 3060 utcumque
352 2980 458 3044 saitem
476 2983 674 3061 imitabimur;
691 2993 721 3044 ιι
736 2981 855 3046 Christo
870 3000 941 3046 con·
987 2984 1150 3062 ignoscere
1177 2984 1378 3059 peccantibus
1403 2984 1433 3044 in
1456 2999 1526 3058 nas,
1543 2989 1573 3044 et
1594 2980 1838 3054 satisfaceretis,

79 3062 132 3126 fixi
150 3062 265 3126 erimus
279 3066 376 3141 cruci,
393 3066 502 3128 satiem
515 3082 552 3128 ex
564 3073 662 3143 parte.
677 3065 783 3129 Atista
795 3083 856 3128 noo
870 3073 942 3128 sunt
988 3082 1065 3144 quos
1089 3082 1145 3127 nos
1172 3063 1379 3139 offendimus3
1405 3065 1561 3128 confessio
1587 3071 1782 3142 peccatorum
1810 3078 1842 3124 o·

80 3149 186 3209 omnia
209 3149 395 3210 necessarius
417 3147 461 3210 Ita
476 3149 527 3220 sit,
544 3151 599 3211 sed
615 3150 652 3209 ad
666 3149 841 3225 patientiam
859 3165 942 3212 exer·
989 3149 1103 3210 mnium
1120 3149 1227 3210 saitem
1243 3147 1333 3210 annis
1348 3149 1494 3228 singolis3
1511 3148 1669 3227 perceptio
1685 3161 1844 3208 sacrosan·
1910 3193 1914 3202 .

82 3231 227 3305 cendam
251 3231 331 3292 etad
354 3230 463 3294 curisti
480 3233 654 3309 passionem
671 3231 816 3300 imitanda
834 3249 940 3294 neces·
987 3238 1053 3292 ctae
1070 3230 1290 3302 Eucharistiae,
1308 3247 1385 3306 onae
1399 3247 1459 3293 non
1477 3247 1597 3310 paream
1611 3232 1844 3309 eiigitpmepa·

82 3315 166 3376 sarta
188 3321 272 3375 sont.
289 3313 409 3377 Deinde
423 3315 516 3377 Mater
532 3314 671 3376 Ecclesia
685 3315 774 3393 jubet
788 3315 939 3377 Ecclesia·
988 3315 1234 3389 rationemqnaa
1247 3315 1314 3374 sine
1330 3315 1473 3393 patientia
1487 3321 1568 3377 recte
1580 3313 1685 3392 peragi
1697 3329 1759 3375 ooo
1771 3327 1843 3392 pos·

80 3398 179 3460 sticos
192 3405 223 3458 et
237 3397 406 3473 Reputeres
422 3401 550 3459 recitare
566 3399 613 3460 ret
630 3400 740 3459 canere
752 3408 870 3476 septem
883 3398 942 3458 iio-
988 3404 1059 3460 sunt
1072 3417 1081 3477 3
1092 3399 1152 3458 scd
1169 3411 1226 3476 ego
1242 3413 1336 3475 panae
1352 3400 1409 3460 isia
1423 3413 1479 3478 per
1500 3400 1624 3461 modom
1637 3396 1768 3476 exempli
1784 3411 1837 3476 pc·

81 3496 135 3542 ras
150 3479 338 3540 canonicas:
355 3487 386 3543 et
407 3489 440 3542 ut
455 3479 565 3542 idetis
580 3496 690 3542 omnes
705 3481 812 3544 saitem
829 3482 943 3542 orando
987 3495 1063 3542 nere
1077 3481 1170 3542 votui.
1432 3493 1433 3496 ’

84 3562 190 3641 legant
211 3562 402 3625 Dominicam
425 3566 606 3636 orationem,
624 3571 653 3625 ei
668 3563 845 3641 Angettcom
862 3566 943 3625 satu·
1030 3566 1165 3626 aiterum
1182 3568 1241 3638 est,
1256 3562 1287 3624 in
1304 3578 1364 3638 quo
1381 3561 1482 3625 divina
1497 3564 1637 3626 voluntas
1649 3563 1797 3639 cernitur,
1813 3568 1846 3625 et

82 3654 243 3710 tatianam.
259 3645 319 3708 isia
333 3663 419 3708 sacra
432 3645 522 3708 lectio
534 3653 565 3708 ιι
577 3647 713 3722 οιιιιο,ιι
727 3648 778 3709 tint
789 3663 826 3720 eo
840 3649 940 3720 modo,
988 3646 1055 3708 sine
1078 3645 1222 3723 patientia
1245 3644 1350 3724 petroci
1375 3646 1480 3724 nequit
1495 3692 1503 3723 ,
1521 3648 1551 3708 id
1576 3654 1682 3720 totum,
1707 3648 1788 3720 ouod
1804 3645 1842 3708 ad

83 3744 147 3806 quo
170 3736 275 3806 posset
296 3735 327 3790 et
349 3729 476 3791 deheiet
492 3729 570 3803 iteri,
586 3731 654 3792 sine
669 3729 763 3792 dubio
780 3731 943 3804 patientiae
990 3746 1046 3791 nos
1062 3729 1214 3792 vexandas
1235 3729 1283 3790 ιιι
1298 3728 1465 3791 daemones
1486 3731 1534 3793 rel
1556 3732 1698 3793 homines
1712 3730 1839 3794 iaciunt.

82 3811 198 3876 auxilio
224 3811 391 3890 indigebit:
419 3816 473 3874 sad
503 3813 693 3875 non-desani
718 3812 817 3889 multi,
835 3814 886 3891 qui
911 3820 942 3873 ut
989 3811 1132 3886 Quamuis
1157 3815 1239 3873 enim
1256 3813 1397 3874 homines
1420 3811 1502 3886 maii,
1518 3814 1728 3876 etdaemones
1744 3811 1842 3891 pessi·

85 3895 253 3974 patieotiae
281 3893 426 3970 suffragio
449 3912 511 3957 non
537 3897 706 3974 indigeant,
733 3897 841 3958 tottere
865 3903 942 3957 sata·
989 3899 1043 3971 mi,
1061 3912 1130 3956 eum
1147 3911 1203 3956 nos
1218 3901 1375 3971 exercent,
1394 3897 1469 3956 nihii
1486 3896 1560 3958 boni
1575 3899 1720 3976 cogitent:
1737 3903 1841 3960 tamen

84 3985 164 4058 gunt
185 3993 293 4043 omnes
315 3977 523 4041 difficultates.
547 3978 690 4052 Primum,
714 3981 802 4056 quasi
818 3995 897 4041 oons
912 3997 942 4038 a·
988 3978 1084 4048 Deus,
1101 3981 1168 4039 sine
1184 3994 1245 4056 quo
1267 3980 1311 4039 itti
1335 3981 1410 4039 nihii
1426 3995 1519 4058 agere
1535 3986 1675 4057 possunt,
1691 3979 1775 4044 ittam
1790 3997 1840 4041 rc·

85 4064 193 4136 tiouod
216 4077 308 4140 graie
336 4076 445 4140 gerere
470 4061 624 4132 neceam,
654 4062 847 4124 velocissime
879 4078 944 4140 per·
989 4063 1141 4124 irationem
1167 4076 1227 4121 non
1246 4061 1445 4137 permitteret,
1463 4063 1522 4126 uisi
1545 4062 1754 4130 nchisutitcm
1772 4077 1843 4124 essa

86 4152 214 4208 currunt
227 4144 342 4216 omnia,
359 4150 392 4206 ut
406 4145 548 4206 videlicet
571 4146 609 4206 ab
625 4144 677 4207 itlo
691 4160 785 4207 onere
801 4146 945 4207 brevissi·
986 4145 1153 4226 judicaret:
1171 4144 1299 4221 proinde
1316 4144 1417 4206 omnis
1431 4143 1484 4207 itta
1500 4147 1616 4206 vexatio
1628 4147 1666 4208 de
1680 4161 1772 4207 manu
1784 4143 1843 4206 lio·

86 4243 138 4288 ute
159 4245 196 4287 se
216 4230 382 4304 expediant
397 4244 405 4288 ι
423 4226 535 4289 deinde
558 4244 620 4289 non
643 4229 735 4289 erecti
763 4235 793 4289 et
817 4236 943 4305 stantes,
991 4230 1065 4289 mini
1081 4227 1292 4306 suscipienda3
1308 4244 1343 4288 ac
1358 4243 1414 4306 per
1430 4229 1489 4288 hoc
1504 4226 1653 4305 patienter
1666 4228 1846 4291 ettibeoter
1889 4241 1891 4247 ⁴

85 4309 136 4372 vel
158 4309 249 4373 flexis
274 4310 429 4388 genibus,
456 4310 511 4376 sed
538 4312 684 4374 sedentes
698 4307 714 4386 ,'
730 4311 776 4372 ιιι
798 4311 944 4373 deamon-
991 4309 1146 4373 toteranda
1163 4317 1222 4371 cst.
1236 4309 1287 4372 Sic
1298 4309 1354 4371 tob
1367 4310 1497 4388 simplex
1510 4316 1539 4372 et
1552 4318 1669 4385 rectus,
1680 4326 1742 4373 uon
1754 4311 1844 4390 iguo·
1959 4315 1968 4326 ‘

83 4392 186 4456 lantes
200 4393 310 4456 ΙΗοιιιε
331 4393 497 4455 canonicas
523 4393 807 4472 lepon13videticct
828 4402 861 4456 ut
883 4399 945 4456 tae-
992 4396 1075 4455 raim
1090 4399 1222 4471 stragem
1244 4393 1340 4465 ittam,
1357 4410 1447 4471 qoam
1470 4409 1579 4469 passus
1602 4401 1671 4472 est;
1692 4409 1762 4457 cum
1779 4409 1845 4456 uua

85 4476 172 4538 diurn
200 4476 359 4550 iectionis,
385 4483 415 4538 et
440 4477 587 4538 orationis
612 4475 750 4538 sedendo
777 4477 942 4555 minuatur,
991 4477 1042 4540 die
1059 4475 1191 4554 perdidit
1205 4491 1314 4537 amnes
1329 4490 1406 4553 opes
1422 4483 1452 4537 et
1467 4493 1576 4538 omues
1590 4475 1682 4549 tilios,
1698 4494 1734 4539 ae
1751 4476 1840 4542 dein·

87 4561 136 4620 ret
163 4558 389 4622 deambutando
411 4561 538 4620 teretur.
562 4557 684 4637 Loquor
708 4565 809 4621 eutem
833 4560 871 4621 de
894 4559 943 4636 iis,
992 4560 1031 4622 de
1045 4562 1136 4621 totius
1152 4558 1290 4635 corporis
1302 4559 1473 4634 sanitatem,
1487 4575 1502 4620 e
1516 4560 1628 4622 uiuenti
1643 4560 1755 4628 invidia
1769 4575 1842 4635 pro·

86 4642 142 4720 aui
164 4641 303 4719 privatim
319 4643 416 4704 Horas
437 4643 556 4721 tegunt,
585 4658 645 4704 non
673 4641 711 4703 de
738 4642 812 4719 iilis,
839 4643 890 4721 qut
913 4643 944 4704 in
993 4643 1151 4704 cessisse:
1168 4641 1243 4703 dicit
1258 4646 1379 4704 tamen:
1396 4641 1551 4706 Dominus
1566 4644 1665 4716 dedit,
1684 4643 1843 4712 Dominam

86 4723 189 4787 choro
212 4725 348 4788 Pmtmos
370 4727 545 4787 decantant.
569 4725 727 4788 Praeterea
752 4742 789 4788 ne
804 4742 945 4788 sumnum
993 4725 1135 4800 noscant,
1150 4719 1687 4800 sitnomentiominihenecttctnm
1702 4725 1846 4812 (ioht.)

87 4809 316 4885 interrumpere
331 4817 490 4887 cogantur,
505 4823 565 4869 non
582 4809 682 4870 sotum
699 4807 796 4870 Horas
809 4809 946 4883 diurnas,
993 4810 1064 4887 outa
1081 4814 1216 4884 noverat,
1232 4817 1365 4888 stragem
1382 4811 1463 4873 itiam
1476 4812 1544 4874 sine
1555 4810 1776 4876 ttairoiuntete
1788 4809 1842 4874 fle·

87 4896 145 4954 sed
162 4891 252 4954 etiam
270 4899 435 4954 nocturnas
456 4891 522 4954 sole
543 4890 682 4970 ioigeote
704 4893 880 4954 decantant.
906 4891 950 4954 tte
996 4891 1022 4955 ri
1036 4908 1097 4955 nou
1115 4892 1266 4969 potuisse.
1281 4892 1346 4954 Non
1363 4895 1438 4955 haec
1454 4893 1523 4956 dico
1538 4895 1625 4972 qnasi
1641 4897 1729 4958 veiim
1742 4896 1842 4958 homi·

89 4976 261 5038 attentione
287 4982 317 5036 et
342 4975 454 5036 mentis
480 4974 664 5045 e‘teaatione,
689 4990 758 5034 cum
782 4975 864 5037 ttcus
886 4975 950 5038 luu-
996 4991 1052 5037 nes
1067 4975 1104 5039 ab
1120 4975 1299 5037 hominibus
1313 4975 1360 5037 rei
1385 4977 1620 5039 adaemooibus
1635 4977 1764 5042 amictos
1779 4995 1842 5043 nou

90 5058 182 5119 datur
205 5057 254 5119 rel
281 5063 397 5132 oratur,
428 5056 504 5119 nihil
520 5057 602 5132 dico,
628 5057 699 5134 quia
716 5058 855 5134 pteriuue
872 5058 948 5120 nihil
997 5074 1102 5139 posse,
1119 5065 1170 5119 aut
1185 5073 1245 5120 nco
1273 5057 1388 5121 debere
1402 5059 1552 5120 resarcire
1568 5060 1698 5137 damna,
1715 5062 1845 5124 medici·

90 5139 196 5204 minus
211 5142 359 5219 cogitant,
374 5155 463 5218 qoam
480 5142 523 5209 id,
539 5140 621 5217 ouud
638 5145 754 5202 canunt
767 5140 814 5203 rel
828 5141 947 5219 tegunt,
997 5159 1066 5204 nam
1082 5142 1202 5202 auterre
1217 5144 1349 5220 corpori,
1365 5156 1589 5220 sequacesque
1611 5157 1684 5218 suas
1699 5143 1845 5217 deiende·

89 5223 201 5298 ltaque
227 5225 345 5286 suhteta
376 5220 552 5285 difficultate
588 5224 791 5286 consumendi
822 5224 948 5302 tongum
997 5241 1029 5286 re
1044 5243 1052 5284 :
1068 5223 1123 5286 sed
1148 5224 1207 5284 icoc
1229 5230 1344 5284 tautum
1359 5226 1523 5302 admoneo,
1542 5241 1602 5287 uon
1625 5241 1695 5290 esse
1710 5225 1844 5307 cogitan-

92 5313 221 5382 tempus
246 5306 276 5368 in
293 5305 427 5368 tectione
450 5313 479 5366 et
495 5306 643 5384 oratione,
659 5317 781 5370 necnon
805 5308 952 5386 surgendi
997 5309 1068 5370 dom
1086 5307 1124 5367 de
1139 5306 1256 5370 ultione
1271 5310 1375 5369 contra
1389 5307 1530 5370 homines
1543 5308 1650 5386 malos,
1664 5325 1766 5388 oeque
1777 5309 1846 5378 red·

93 5387 134 5452 ad
156 5389 254 5452 Horas
277 5396 461 5467 nocturnas3
478 5396 508 5450 ιι
521 5391 637 5452 omisso
658 5389 763 5452 tabere
778 5391 891 5459 standi,
905 5390 953 5451 ιιι
998 5391 1133 5453 dandum
1157 5389 1269 5452 maium
1292 5406 1348 5469 pro
1364 5391 1456 5464 mato,
1474 5390 1529 5453 sed
1552 5393 1700 5469 patienter
1715 5393 1845 5456 toleran-

91 5471 242 5534 ssectendt
258 5489 369 5552 genua,
387 5479 417 5534 ιι
431 5473 565 5534 animum
579 5472 756 5540 coercendi,
773 5479 806 5535 ut
818 5485 879 5535 oco
892 5473 952 5534 hue
999 5471 1084 5544 dum,
1101 5473 1181 5551 quod
1197 5473 1280 5538 Deus
1296 5490 1353 5537 nos
1369 5473 1498 5536 tolerare
1513 5476 1652 5546 intuerit,
1666 5482 1698 5538 ut
1709 5475 1845 5540 voiunta-

93 5562 187 5632 atone
199 5556 277 5620 iiiuc
299 5556 467 5635 divagetur,
484 5555 539 5618 scd
553 5561 633 5618 totus
648 5558 687 5619 sit
702 5557 733 5618 in
748 5557 800 5632 iis,
816 5571 895 5634 quac
910 5556 953 5618 le·
1000 5563 1059 5619 tem
1075 5555 1131 5618 Dei
1148 5555 1294 5620 iacientes
1309 5565 1502 5640 reportemus
1513 5559 1762 5637 promissionem.
1786 5625 1789 5633 ,

92 5639 152 5719 git,
169 5639 279 5708 mirum
295 5654 358 5702 oon
373 5645 431 5714 est,
446 5639 473 5701 si
490 5637 575 5701 motti
589 5638 753 5717 patientiae
764 5638 907 5703 subsidio
922 5655 954 5704 e·
1020 5667 1023 5674 ·
1039 5637 1230 5703 Postremum
1244 5639 1321 5704 illud
1337 5647 1396 5716 est,
1418 5649 1453 5704 ut
1477 5643 1589 5720 omnia,
1602 5657 1684 5720 ,quae
1706 5657 1781 5707 casu
1795 5643 1845 5708 vel

93 5738 171 5805 gerp
192 5738 255 5795 oon
277 5723 447 5792 rideantur.
469 5721 531 5790 sai
545 5720 598 5788 iati
612 5723 825 5805 audiena-oua
839 5723 953 5790 sottioi·
999 5722 1122 5790 tortuito
1146 5726 1288 5790 occidue
1309 5724 1460 5803 rideatur,
1476 5733 1510 5792 ut
1523 5725 1647 5791 nimiam
1662 5725 1843 5808 siccitatem,
