4086 6258
331 313 383 373 teo
624 271 626 278 Α
924 317 970 374 nn
990 317 1133 378 serrare
1152 317 1260 376 rans.
1280 318 1365 378 nort.

261 447 359 510 lorum
377 465 561 516 enumerans
587 452 617 513 in
640 451 774 528 ltpistela
796 451 833 514 ad
856 453 1017 524 Romanos,
1041 454 1104 517 ait:
1150 455 1421 532 quiditenitnos.
1439 453 1543 532 (Rom.
1559 452 1606 535 8.)
1620 452 1738 516 Deinde
1762 452 2003 531 possuntetism

263 527 336 606 Quis
351 549 437 612 erga,
453 551 512 598 nos
526 536 689 612 separabit
703 551 724 596 a
738 535 894 600 charitate
911 536 1035 604 Christi.
1050 542 1102 602 tri·
1149 538 1448 610 rodenmannum,
1467 543 1517 614 qui
1535 553 1655 598 crucem
1680 553 1766 596 suam
1784 537 1938 609 deponere
1956 537 2004 596 si·

259 611 398 680 bulatiot
413 634 458 680 on
472 619 639 698 angustiat
655 618 827 694 oniomes‘?
839 637 884 682 an
896 621 1045 684 nuditas?
1060 637 1106 684 an
1151 637 1189 682 ne
1205 631 1331 698 peccato
1348 629 1525 698 nequeunt,
1544 635 1603 682 non
1621 628 1678 680 tam
1703 627 1896 697 praesentem
1912 620 2002 680 tabo*

256 702 458 777 periculum?
472 720 516 765 an
527 703 723 781 persecutio?
735 719 778 764 ott
790 703 936 780 gladius?
945 703 1103 786 (hamb.)
1150 721 1213 765 rem
1226 706 1435 773 *corisiderare
1454 720 1542 778 qnam
1557 707 1689 765 tarnum
1714 703 1902 776 mercedem,
1918 719 2002 781 quae

258 777 518 864 (sicutserr'ptum
532 793 587 848 cst:
604 784 683 861 Quin
695 789 1105 867 proptertemortirtcumur
1149 791 1216 848 siue
1233 789 1421 850 dubitatione
1442 790 1503 848 ulla
1518 793 1642 866 superat
1664 801 1786 848 omnem
1813 785 1953 846 laborem
1971 794 2003 846 et

257 871 325 928 toto
339 866 391 928 die
407 870 566 930 aestimati
581 885 693 930 suosne
707 870 790 930 sicut
813 885 885 930 ones
907 873 1103 946 occisionis.)
1150 870 1285 932 dolorem
1303 875 1378 932 ritae
1397 873 1578 946 proesentis.
1596 868 1719 930 dicente
1735 869 1883 946 Apostolo
1902 886 1910 928 :
1927 869 2003 930 Non

256 945 398 1032 (Psatm.
416 949 492 1034 bb.)
507 959 537 1014 et
551 957 739 1029 respondet,
755 953 812 1014 sed
832 955 869 1016 in
886 953 936 1016 his
954 956 1103 1018 omnibns
1147 961 1223 1016 sunt
1238 957 1422 1034 condipnae
1435 956 1603 1034 passiones
1615 953 1712 1014 buiris
1726 953 1939 1030 temporisne
1950 952 2002 1026 tn-

256 1051 459 1112 snperomus,
475 1041 605 1114 propter
620 1051 695 1097 enm
710 1037 767 1114 qni
782 1036 898 1098 ditemit
911 1053 983 1100 nos.
1000 1037 1034 1100 Ut
1048 1041 1104 1104 du·
1149 1046 1255 1100 turum
1267 1040 1418 1116 pieriam,
1430 1037 1718 1118 qnaerouetabitur
1728 1039 1767 1098 in
1775 1032 2001 1114 nobistllom.

256 1123 358 1180 rarcnt
383 1126 413 1180 et
436 1124 667 1195 perseverarent
689 1119 718 1179 in
743 1121 940 1197 eruciatibus,
958 1137 1017 1184 non
1035 1141 1104 1185 eru·
1147 1120 1193 1196 8.)
1209 1131 1238 1184 et
1254 1124 1324 1185 alibi
1339 1127 1375 1183 de
1388 1123 1471 1183 hirae
1488 1123 1629 1198 loquens.
1647 1119 1783 1182 Maiores
1797 1119 1934 1182 diuitias
1950 1135 2002 1180 oc·

256 1201 354 1262 clatus
369 1202 579 1278 attendebant,
597 1203 651 1264 sed
669 1219 802 1268 aurorem
826 1204 890 1280 bei,
912 1206 963 1282 oui
988 1223 1044 1268 nos
1060 1207 1103 1268 di·
1147 1209 1282 1266 stimans
1313 1206 1462 1267 thesauro
1490 1204 1728 1282 imperitorum,
1756 1202 2000 1280 improperium

254 1283 342 1360 laxit,
359 1291 388 1346 et
403 1283 514 1347 Filium
528 1301 617 1346 suum
635 1302 690 1364 pro
706 1285 796 1348 nohis
813 1287 896 1349 dedit
911 1305 919 1366 ;
936 1291 980 1350 rel
997 1293 1099 1364 etiam,
1149 1286 1284 1361 Christi3
1312 1288 1488 1367 aspiciebat
1512 1288 1600 1349 enirn
1623 1289 1661 1348 in
1685 1287 2001 1350 remunerationem.

150 1361 155 1376 '
256 1366 501 1443 antechristum
525 1368 625 1446 ipsum
648 1370 899 1442 considerabant,
925 1375 975 1446 aui
999 1374 1104 1435 ditexit
1147 1370 1250 1448 (Rom.
1269 1373 1334 1448 rt.)

255 1465 333 1524 nos,
350 1457 381 1511 et
407 1451 495 1514 dedit
515 1453 721 1531 semetipsum
741 1468 801 1530 pro
823 1453 926 1516 nobis.
944 1453 1025 1535 (ro.
1043 1457 1099 1534 2.)
1189 1455 1325 1532 benique
1353 1456 1467 1516 adeleia
1495 1469 1661 1531 possumus
1690 1453 1727 1513 ad
1754 1452 2001 1514 consolationem

253 1530 340 1594 Idem
355 1533 521 1611 Apostolus
536 1536 678 1600 scribens
700 1536 738 1598 ad
754 1535 937 1612 Corinthios,
954 1537 1101 1616 Raptatus
1146 1551 1266 1608 eornm,
1285 1541 1335 1615 ani
1352 1553 1473 1599 erucem
1491 1553 1613 1616 gravem
1635 1545 1664 1597 et
1680 1537 1773 1613 longo
1788 1541 1931 1612 ternpore
1947 1552 2000 1612 ge·

252 1617 466 1692 nominauit,
483 1620 712 1691 consolatione,
728 1621 958 1696 superabundo
979 1625 1101 1700 gaudio
1146 1629 1225 1683 stare
1239 1628 1400 1700 eoguntur,
1417 1621 1555 1698 exempla
1572 1620 1715 1690 duorum,
1731 1618 1782 1696 qui
1796 1633 1999 1694 perseveran-

251 1699 290 1760 in
314 1702 406 1762 omni
430 1701 637 1765 tribulatione
663 1710 787 1764 nostra.
804 1700 817 1782 (
833 1703 862 1764 2.
883 1703 1024 1766 Corinth.
1044 1703 1100 1788 i.)
1146 1705 1215 1764 tiam
1231 1707 1452 1783 perdiderunt,
1471 1710 1501 1765 et
1523 1717 1645 1765 erucem
1668 1701 1736 1763 sine
1762 1700 1999 1780 comparatione

253 1780 339 1844 Unde
352 1785 522 1848 consolatio
537 1788 718 1856 tanta,unde
731 1790 873 1863 gaudium
890 1792 1101 1864 tantumquod
1144 1791 1312 1865 graviorem
1339 1788 1535 1849 invenerunt.
1567 1785 1664 1848 iudas
1689 1782 1799 1847 Christi
1826 1785 1997 1860 proditor,

254 1865 481 1929 tribulationem
499 1869 587 1944 quasi
602 1869 707 1931 sentiri
723 1884 784 1929 non
801 1869 948 1946 patiatur?
964 1871 1099 1949 llespon-
1143 1887 1213 1932 cum
1229 1873 1260 1932 in
1276 1888 1310 1936 sa
1325 1887 1467 1934 reversus
1490 1869 1672 1947 proditionis
1687 1868 1803 1929 crimen
1820 1868 1994 1930 detestare-

253 1950 340 2012 deret
354 1951 414 2012 alio
432 1952 510 2022 loco,
529 1952 600 2029 quia
622 1953 711 2032 qnod
732 1953 947 2028 inpraesenti
971 1962 1016 2018 est
1035 1971 1100 2019 mo·
1146 1961 1203 2026 tur,
1221 1971 1280 2017 non
1307 1956 1409 2016 terens
1435 1953 1671 2023 contusionem,
1687 1968 1746 2029 qua
1769 1949 1909 2012 suffundi
1927 1964 1996 2012 eum

251 2039 461 2096 mentonenm
483 2043 512 2096 ei
527 2036 592 2098 teuc
608 2035 828 2098 tribulationis
842 2042 983 2114 nostrae,
999 2053 1101 2114 snpra
1146 2054 1275 2100 necesse
1291 2045 1366 2114 erat,
1384 2038 1408 2097 si
1426 2053 1495 2098 cunr
1512 2036 1669 2114 Apostolis
1684 2035 1730 2096 rel
1747 2033 1915 2111 discipulis
1930 2033 1999 2096 aliis

253 2115 386 2180 modum
400 2119 437 2179 in
450 2119 645 2181 subtimitate
659 2121 827 2180 aeternnm
838 2121 1101 2201 giorioepondns
1146 2122 1258 2182 versari
1274 2122 1432 2188 coluisset,
1456 2119 1567 2198 laquea
1590 2134 1624 2182 se
1649 2119 1722 2194 ipse
1740 2116 1918 2195 suspendit,
1942 2117 1997 2179 sed

251 2207 405 2278 operatur
425 2203 461 2263 in
476 2201 580 2264 nobis.
598 2199 652 2283 (2.
673 2200 814 2264 Corinth.
832 2202 1012 2282 Aphaeae
1029 2222 1099 2268 eon·
1146 2207 1280 2269 mutarit.
1299 2221 1358 2264 non
1377 2203 1471 2265 erasit
1484 2219 1608 2264 crucem
1621 2201 1826 2276 contusionis,
1843 2199 1994 2278 anemio·

250 2283 408 2360 temptatio
423 2285 538 2362 gloriae
554 2285 773 2360 sempiternae,
790 2302 880 2362 quam
903 2295 973 2349 ante
990 2291 1097 2352 oculos
1143 2286 1256 2361 giebat.
1272 2288 1367 2350 linior
1382 2289 1463 2348 enirn
1478 2284 1718 2348 confusioillum
1731 2290 1885 2361 sequetur
1899 2286 1932 2344 ia
1947 2283 1994 2344 die

252 2367 365 2428 mentis
378 2367 515 2446 gerebat,
535 2384 625 2430 eausa
639 2374 713 2433 crat,
728 2385 781 2428 cur
794 2367 948 2431 tribulatio
963 2387 1099 2434 momen·
1142 2368 1253 2430 iudicii
1279 2387 1383 2430 aorem
1410 2370 1554 2432 omnibns
1581 2369 1708 2446 Angelis
1732 2371 1763 2428 et
1788 2367 1992 2437 hominibus,

252 2456 340 2511 tanea
356 2459 387 2528 ct
402 2449 478 2512 teris
490 2452 551 2512 illis
564 2454 730 2512 rideretur.
743 2451 807 2512 iias
819 2453 1038 2531 cogitationes.
1053 2458 1099 2518 in·
1143 2455 1265 2530 quando
1280 2469 1343 2514 nou
1360 2453 1459 2513 solnm
1476 2452 1587 2514 Christi
1601 2451 1750 2528 proditor,
1764 2449 1820 2512 sed
1834 2449 1932 2512 etism
1944 2451 1993 2511 ho·

251 2531 317 2608 quit
338 2541 463 2596 sanctus
485 2533 664 2614 Cyprianus.
688 2549 772 2612 qnae
793 2537 973 2610 persecutio
997 2545 1100 2616 potest
1144 2536 1252 2598 uricida
1268 2537 1318 2598 sui
1335 2538 1432 2612 ipsius
1448 2535 1664 2598 declarabitur.
1680 2533 1717 2594 itt
1732 2539 1842 2610 quante
1860 2534 1996 2595 caecitas

249 2616 376 2678 uincere
388 2615 404 2674 l
418 2633 502 2694 qnae
517 2625 651 2694 possunt
664 2621 825 2680 tormenta
839 2623 1021 2697 superaret
1036 2623 1098 2698 (bi-
1141 2619 1191 2679 illa
1209 2621 1265 2680 init
1280 2667 1286 2682 .
1304 2620 1399 2680 vitare
1415 2617 1628 2681 contusionem
1652 2616 1803 2678 merlinum
1826 2617 1912 2692 epod
1930 2633 1997 2695 gre·

250 2696 306 2759 bro
323 2699 362 2760 de
377 2698 513 2764 iimhort.
529 2696 679 2781 Mortgr.)
701 2699 756 2762 Hie
776 2701 846 2762 addi
874 2709 974 2780 potest
996 2721 1098 2768 eram·
1140 2717 1209 2778 gem
1227 2701 1370 2779 pusillum
1398 2713 1427 2762 et
1451 2709 1644 2764 mansuetum
1667 2700 1893 2774 discipulorum
1913 2700 1998 2762 Chri·

249 2781 335 2859 ptum
352 2785 449 2844 sancti
475 2783 626 2850 Andreae.
652 2785 702 2859 uui
725 2801 860 2859 crucem,
879 2786 909 2846 in
926 2805 982 2863 qua
1001 2789 1092 2850 biduo
1142 2785 1191 2852 sti,
1209 2786 1262 2862 qui
1279 2801 1387 2847 ornnes
1404 2788 1490 2846 illum
1513 2787 1550 2846 ad
1573 2785 1860 2860 hcnesperandum
1883 2784 1925 2844 de
1943 2783 1996 2842 mi·

250 2866 410 2940 pependit,
429 2883 488 2928 non
515 2872 547 2928 ut
561 2883 684 2928 erucem
701 2870 829 2946 aspexit,
847 2870 901 2932 scd
925 2877 955 2930 ut
969 2872 1096 2934 amicam
1142 2869 1308 2929 scrieordia
1326 2868 1491 2931 salvatoris
1509 2868 1690 2940 erexissent,
1708 2871 1738 2927 ct
1753 2881 1813 2926 non
1838 2863 1937 2927 vitare
1954 2868 1996 2926 in·

248 2947 402 3010 salutarit:
420 2958 449 3010 et
466 2966 533 3012 cnm
552 2951 684 3027 populus
700 2966 767 3011 eum
782 2952 1000 3026 deponendum
1013 2973 1097 3016 cura·
1139 2950 1260 3012 iamiam
1279 2961 1308 3012 et
1323 2953 1536 3013 contusionem
1552 2950 1735 3029 proditionis
1750 2947 1861 3010 Christi
1878 2955 1913 3010 et
1928 2966 1994 3026 pro

247 3046 280 3092 re
295 3031 399 3108 vellet,
416 3034 500 3094 nullo
513 3035 605 3094 ruodo
618 3033 767 3108 permisit,
782 3035 836 3094 sed
852 3035 880 3093 iu
894 3051 984 3097 cruca
998 3055 1096 3114 usque
1142 3034 1199 3109 prii
1215 3037 1375 3113 suspendii
1401 3035 1481 3110 apud
1499 3035 1650 3096 theatrum
1666 3033 1804 3094 omnium
1830 3033 1992 3094 homiuum

246 3114 284 3176 ad
301 3123 429 3176 mortem
448 3132 646 3193 perseverare
662 3115 767 3190 valuit,
782 3133 882 3193 neque
896 3125 959 3179 erat
972 3121 1030 3184 iste
1043 3122 1082 3182 ho
1142 3125 1171 3176 ct
1187 3119 1395 3196 Angelorum?
1410 3120 1544 3180 Alterum
1562 3117 1735 3193 exemplum
1752 3115 1875 3176 desumi
1892 3119 1994 3192 potest

247 3212 297 3259 mo
310 3197 503 3276 imprudens,
518 3201 573 3264 scd
587 3199 847 3276 sapientissimus,
860 3208 889 3263 ct
902 3201 1015 3280 Spiritu
1028 3221 1081 3267 san
1141 3217 1177 3260 ex
1193 3199 1338 3264 Oratione
1364 3204 1460 3263 sancti
1484 3200 1587 3261 Basilii
1614 3201 1646 3258 in
1662 3199 1868 3275 Quadraginta
1885 3199 1993 3276 Marty-

245 3287 295 3342 eto
312 3282 435 3356 plenus.
1141 3299 1203 3342 res:
1220 3301 1339 3346 summa
1356 3287 1430 3347 haec
1446 3292 1505 3344 est:
1521 3283 1554 3344 ln
1574 3283 1789 3360 perseeutione
1805 3279 1919 3342 Licinii
1939 3283 1994 3342 lm·

288 3361 333 3426 Ex
360 3365 408 3425 his
425 3367 576 3442 erenrplis
602 3365 711 3428 Christi
739 3372 769 3427 et
783 3365 998 3441 Apostolorum
1016 3371 1094 3440 cius,
1141 3370 1323 3443 peratoriis.
1342 3369 1454 3429 milites
1478 3367 1675 3445 quadraginta
1691 3381 1761 3426 cum
1784 3363 1816 3424 in
1830 3361 1895 3426 ilde
1912 3363 1992 3426 Chri·

246 3446 368 3509 discere
388 3457 523 3525 possunt
545 3465 653 3511 omncs
675 3449 838 3511 Christiani
855 3495 862 3519 ,
879 3467 939 3528 quo
956 3452 1045 3514 modo
1061 3469 1095 3514 se
1139 3451 1176 3510 sti
1194 3467 1391 3525 perseverare
1413 3453 1604 3526 statuissent,
1622 3447 1756 3510 damtrait
1772 3452 1855 3518 sunt,
1873 3454 1908 3508 ui
1924 3448 1993 3508 sub·

246 3545 356 3610 gerere
372 3531 517 3602 debeant,
535 3549 604 3600 runt
621 3534 659 3593 de
674 3550 765 3594 eruce
781 3550 835 3594 sua
849 3534 1050 3605 descendere,
1064 3537 1094 3598 id
1140 3535 1219 3594 sidio
1236 3536 1321 3609 nudi,
1332 3541 1469 3612 tempore
1485 3543 1513 3596 et
1529 3535 1598 3594 loca
1611 3530 1931 3610 frigidissimatetam
1943 3548 1993 3591 no·

248 3620 307 3689 est,
325 3613 363 3676 de
381 3614 578 3676 tribulatione
595 3615 716 3678 libcrari
730 3617 797 3676 sine
811 3625 935 3688 peceato
951 3634 1010 3680 non
1026 3635 1090 3695 pos·
1139 3624 1218 3677 elem
1234 3627 1471 3692 consumerent,
1490 3624 1520 3678 et
1534 3631 1571 3678 eo
1587 3620 1677 3676 modo
1699 3614 1882 3692 longissimo
1904 3630 1988 3675 acer·

248 3703 332 3760 sunt.
349 3695 506 3759 Eiusmodi
531 3707 603 3760 sunt
625 3699 656 3760 in
671 3697 779 3775 primis
793 3698 960 3776 Regulares
975 3717 1093 3774 omnes,
1138 3699 1329 3776 hissirnoaue
1346 3704 1488 3780 martyrio
1504 3717 1541 3760 ex
1556 3699 1767 3778 congelatione
1783 3699 1936 3774 perirent.
1952 3699 1987 3760 A·

250 3795 379 3855 cuorum
392 3781 460 3840 rita
483 3783 560 3843 rotis
584 3783 956 3856 paupertatis‚·castitatis,
978 3791 1008 3844 et
1022 3787 1095 3847 ohe·
1140 3783 1226 3844 derat
1241 3793 1339 3844 eutem
1357 3789 1494 3862 pararunt
1509 3784 1653 3844 balneum
1670 3780 1827 3849 calidum,
1846 3788 1878 3840 ut
1893 3785 1921 3840 si
1938 3784 1986 3859 qui

249 3862 384 3925 bientiae
400 3863 557 3936 adstricta,
573 3865 685 3924 similis
701 3864 843 3944 martyrio
858 3881 926 3927 csse
940 3875 1094 3931 censetur.
1141 3865 1232 3926 hdcm
1249 3867 1402 3943 abnegare
1419 3869 1542 3932 vellent.
1560 3866 1590 3926 in
1604 3881 1642 3926 eo
1656 3866 1882 3940 reciperentur.
1897 3862 1942 3924 Ex
1953 3867 1990 3924 iis

247 3945 332 4007 idem
354 3945 519 4024 coniugati,
545 3965 612 4009 cum
636 3948 736 4008 divina
760 3949 947 4025 prouidentia
971 3954 1096 4013 maritus
1142 3950 1260 4027 triginta
1280 3966 1386 4009 novem
1404 3967 1464 4010 non
1482 3955 1541 4010 tam
1565 3949 1600 4008 ad
1617 3963 1748 4025 poenum
1763 3946 1989 4027 congelationis

248 4043 372 4090 uxorem
390 4030 561 4107 querulam,
580 4047 744 4105 morosam,
762 4033 950 4103 iracundam,
966 4050 1001 4094 ac
1017 4051 1096 4112 pene
1142 4039 1333 4109 praesentem
1353 4041 1380 4093 et
1398 4034 1480 4094 brari
1497 4031 1676 4102 finiendam,
1689 4047 1779 4106 quarn
1791 4034 1828 4090 ad
1843 4045 1986 4092 coronato

248 4112 476 4174 intolerabilem
495 4115 601 4174 turtius
617 4123 685 4174 cst:
703 4115 751 4175 rel
776 4131 850 4176 uxor
872 4117 1009 4178 maritum
1035 4135 1093 4178 non
1140 4115 1256 4192 gloriae
1271 4118 1478 4191 sempiternae
1493 4117 1603 4175 mentis
1619 4113 1718 4175 oeulis
1729 4113 1931 4190 aspicientes,
1946 4115 1985 4173 ta·

248 4195 352 4257 minus
367 4193 522 4256 difficilem
540 4197 642 4264 babet.
660 4200 780 4273 qualem
794 4197 1024 4260 luissesanetae
1036 4201 1096 4262 llo·
1141 4199 1200 4257 cile
1226 4199 1255 4258 in
1273 4198 1332 4259 ilde
1349 4205 1639 4274 perseieraretutti.
1658 4205 1687 4256 ΡΙ
1702 4211 1832 4258 titionis
1848 4196 1984 4272 silendi·

247 4278 337 4340 nicae
352 4277 448 4340 rtrum
461 4280 548 4340 testis
563 4285 611 4340 est
625 4288 751 4342 sanctus
763 4279 949 4358 Augustinus
966 4283 1095 4346 inlibris
1141 4281 1284 4342 dissimas
1308 4284 1345 4343 de
1360 4298 1450 4342 manu
1468 4280 1588 4342 Domini
1605 4285 1792 4341 meruerunt.
1809 4277 1895 4340 Unus
1910 4325 1918 4348 ,
1936 4283 1984 4354 uui

248 4359 499 4424 Coniessionum.
517 4360 608 4444 (Lib.
627 4363 654 4424 l.
673 4379 746 4440 cop.
763 4361 1097 4446 emolumentum
1142 4369 1222 4424 totns
1237 4365 1353 4426 delirus
1369 4371 1432 4425 erat
1459 4367 1488 4424 in
1513 4379 1610 4440 poena
1638 4379 1692 4424 sna
1719 4362 1945 4423 consideranda
1961 4371 1987 4424 et

248 4445 340 4507 etiarn
356 4449 522 4524 mancipia,
540 4463 618 4521 quae
635 4445 804 4508 libertatern
819 4447 996 4512 omiserunt.
1011 4451 1095 4510 addi·
1142 4449 1356 4520 appendenda,
1375 4461 1570 4523 perseverare
1584 4463 1643 4506 nun
1659 4444 1889 4523 potuil,etideo
1902 4449 1932 4506 in
1945 4454 1985 4506 te·

247 4528 288 4592 cli
304 4535 454 4607 perpetuo
470 4529 602 4598 carceri,
620 4533 666 4590 ret
691 4530 804 4608 alligati
831 4531 1029 4592 triremibus:
1046 4549 1094 4596 aa·
1143 4529 1291 4604 petentum
1308 4531 1452 4592 balaeum
1469 4530 1598 4591 insiluit.
1613 4528 1672 4591 Sed
1688 4529 1833 4590 contiuuo
1846 4527 1984 4590 delluen·

247 4613 326 4692 groti
342 4611 489 4688 deniqne,
506 4612 559 4688 qui
582 4613 688 4674 morbo
711 4613 873 4674 incurabili
887 4614 1047 4677 laborant:
1064 4624 1094 4678 et
1140 4613 1222 4674 tibus
1238 4614 1382 4675 carnibus
1399 4613 1457 4674 iarn
1473 4613 1654 4692 congelatis,
1671 4612 1804 4674 animam
1819 4611 1980 4676 exhalarit.

248 4710 415 4773 pauperes,
432 4694 484 4771 qui
499 4694 560 4757 nisi
576 4695 663 4756 turris
679 4696 727 4760 rel
742 4696 909 4757 latrociniis
925 4700 1095 4762 addititias
1141 4704 1170 4755 et
1185 4696 1222 4756 ad
1239 4696 1353 4758 interos
1368 4745 1375 4766 ‚
1392 4703 1423 4758 ut
1439 4695 1547 4758 Christi
1574 4695 1763 4774 abnegator,
1778 4693 1818 4756 td
1834 4701 1981 4773 dispellit

245 4779 384 4856 aspirare
400 4793 460 4838 nou
477 4784 606 4855 queunt.
622 4777 658 4838 lli
672 4793 792 4849 omnes,
805 4786 835 4840 et
846 4780 871 4841 si
884 4780 934 4856 uui
948 4787 1019 4843 sunt
1030 4782 1093 4854 alii,
1140 4785 1287 4840 tormenta
1304 4780 1477 4842 deseendit.
1498 4779 1549 4842 Sic
1566 4787 1692 4842 morteto
1716 4777 1839 4857 lugiens
1855 4784 1982 4839 mortem

246 4862 273 4924 si
290 4877 486 4938 perseverare
503 4863 532 4921 in
549 4861 673 4922 terenda
686 4877 777 4922 eruce
794 4879 863 4923 curn
879 4866 990 4941 gaudio
1006 4865 1095 4942 spiri·
1140 4863 1253 4922 invenit
1268 4909 1276 4938 ,
1293 4870 1323 4925 et
1338 4879 1459 4924 errarem
1476 4863 1600 4924 brevem
1627 4868 1658 4924 et
1673 4863 1769 4924 terem
1785 4877 1853 4922 aum
1870 4861 1983 4936 sempi-

136 4935 146 4948 “
248 4943 324 5006 tuali
341 4951 370 5006 et
387 4943 506 5022 ingenti
523 4945 666 5008 mercede
689 4945 836 5021 cupiunt,
855 4963 914 5008 non
932 4947 1096 5023 respiciant
1140 4952 1223 5006 terna
1236 4953 1266 5006 et
1278 4944 1791 5021 gravissimacommutarit.Horum
1803 4944 1897 5024 igitur
1910 4944 1983 5004 dua

249 5041 374 5090 crucem
389 5073 397 5097 ,
414 5029 469 5090 sed
492 5043 583 5100 eunt,
602 5028 653 5103 uni
676 5043 797 5089 crucem
820 5029 956 5091 humeris
972 5031 1093 5093 illorum
1138 5045 1203 5090 rum
1216 5029 1383 5090 intelicium
1398 5030 1986 5104 bominum‘imitatoressunt‚qnutqnot

249 5108 410 5189 imposuit.
426 5109 457 5172 ls
473 5112 553 5172 enim
572 5111 639 5174 sine
655 5110 749 5173 dubio
763 5111 843 5173 heus
860 5113 924 5184 tuit,
941 5113 993 5190 uui
1007 5114 1095 5175 Pater
1136 5127 1258 5174 crucem
1272 5113 1396 5174 Ordinis
1408 5112 1543 5191 religiosi
1558 5113 1717 5190 deserunt3
1730 5110 1783 5186 uui
1797 5110 1905 5190 iugum
1918 5127 1984 5172 sua·

250 5197 360 5258 noster
373 5193 602 5256 amantissimus
617 5200 675 5262 est.
693 5202 724 5254 et
736 5195 805 5256 sine
820 5196 887 5256 eius
904 5198 1093 5272 providentia
1137 5212 1172 5256 re
1188 5201 1219 5256 et
1234 5212 1312 5257 onus
1327 5196 1393 5258 leve
1409 5197 1588 5271 proliciunt:
1605 5197 1636 5258 ai
1648 5195 1774 5273 quando
1788 5193 1919 5259 minime
1933 5207 1981 5254 rc·

247 5275 331 5342 nihil
348 5275 379 5337 in
394 5275 453 5338 hoc
468 5283 582 5340 mundo
604 5276 730 5356 geritur.
746 5277 974 5357 Bcncplecitum
991 5288 1091 5342 autem
1137 5279 1244 5358 girant,
1262 5280 1419 5341 inveniunt
1435 5294 1469 5339 se
1484 5280 1554 5356 iugo
1575 5280 1668 5356 longe
1682 5277 1810 5356 graviori
1826 5276 1979 5354 alligatos.

249 5359 308 5424 Dei
323 5358 392 5422 sine
407 5358 597 5422 dubitatione
621 5361 682 5422 ulla
708 5360 854 5438 optimam
872 5369 939 5434 est,
958 5368 987 5422 et
1002 5364 1091 5426 nabis
1138 5363 1312 5439 cupidatum
1325 5361 1569 5439 uariarumouas
1581 5363 1704 5439 erplere
1718 5377 1883 5436 numquam
1902 5367 1984 5434 pote·

250 5439 463 5526 gratissimum
479 5457 548 5504 esse
564 5443 668 5506 debet.
683 5443 814 5507 Proinde
830 5461 898 5506 curn
914 5445 1032 5508 Christo
1048 5447 1092 5506 di·
1140 5453 1221 5516 runt,
1238 5453 1268 5506 et
1280 5444 1630 5523 oneribus-peccatorum
1643 5443 1833 5524 gratissimis
1846 5457 1984 5520 pressos.

252 5543 328 5588 cere
350 5525 463 5588 dehent
484 5541 613 5586 omnes:
632 5525 767 5589 Calicem
788 5545 882 5607 quem
903 5530 994 5591 dedit
1014 5529 1095 5591 mibi
1140 5533 1173 5589 ut
1187 5531 1337 5608 respirare
1350 5544 1410 5590 non
1425 5530 1554 5604 possint.
1568 5529 1679 5592 Endera
1692 5527 1985 5590 ratioestdcomni-

255 5608 362 5682 Potor,
377 5625 447 5672 nore
458 5605 565 5672 bibam
579 5609 687 5672 titum?
698 5607 805 5692 (ioan.
819 5607 886 5692 te.)
897 5619 927 5672 et
939 5629 1006 5673 cnm
1020 5615 1094 5690 Apo·
1141 5612 1199 5673 bus
1211 5610 1351 5689 attineri
1361 5625 1583 5676 erucemsuaut
1598 5627 1666 5676 cum
1676 5611 1795 5674 Christo
1807 5612 1887 5673 terre
1899 5626 1984 5672 raur-
2018 5639 2019 5654 .

252 5692 360 5756 stolo:
377 5693 416 5754 ln
429 5691 479 5756 hie
492 5691 641 5756 amamus
662 5709 864 5772 superamus,
879 5701 1008 5775 propter
1021 5711 1097 5759 eum
1141 5703 1221 5770 sant,
1237 5701 1272 5760 et
1283 5711 1404 5760 crucem
1419 5697 1532 5760 diaboli
1554 5693 1805 5775 peccandoiarre
1821 5703 1980 5772 coguntur.
