4048 6242
759 263 905 325 GRADUS
923 263 1081 334 QUINTUS
1673 265 1724 326 225

36 403 103 462 tam
120 398 214 463 babet
229 398 259 462 in
281 397 461 480 semetipso,
479 399 561 463 nulla
576 415 609 464 ra
621 399 750 480 incipet.
763 399 833 478 lpse
849 413 897 462 es·
941 394 1129 476 tctttpentiu.
1144 395 1178 458 lit
1191 397 1337 478 quicquid
1353 398 1426 462 boni
1442 399 1472 462 in
1488 399 1638 465 creaturis
1653 399 1790 476 rideris,

37 481 144 546 sentia
161 481 277 546 infinita
295 490 342 545 est
358 483 401 544 itti
417 487 565 563 potentia,
579 483 746 556 obiectum,
759 481 894 561 species,
942 480 1020 543 scito
1032 480 1136 543 illuda
1151 481 1214 543 Deo
1229 481 1313 544 fonte
1328 483 1420 544 totius
1435 483 1578 547 bonitatis
1593 483 1741 563 defluere,
1758 493 1792 549 ut

39 568 166 644 lumen,
183 571 215 628 et
229 571 346 627 caetera
363 569 477 629 omnia.
493 563 536 628 Er
552 581 598 640 se,
616 571 647 628 et
666 581 723 644 per
743 581 778 628 se
792 566 895 637 ,etin
941 563 987 624 sic
1001 578 1069 625 curn
1092 561 1125 624 b.
1140 561 1306 627 Francisco
1331 565 1433 627 disens
1456 566 1596 628 fontalam
1623 568 1789 632 bonitatem

36 664 77 711 se
93 648 195 712 Deurn
210 651 291 711 ridet
305 650 406 710 omnia
431 665 510 727 uuae
533 656 626 720 sunt,
649 663 728 725 uuae
746 648 894 723 fuerunt,
941 641 971 722 in
988 644 1117 724 singulis
1132 647 1291 719 creaturis,
1306 653 1458 728 tamquam
1480 648 1511 711 in
1527 649 1633 712 ritulis
1648 651 1791 732 degusta·

37 747 124 807 quaa
141 737 277 804 erunt;et
293 745 371 802 uuae
383 737 511 808 possent
525 747 596 793 esse
607 739 713 808 aperte
724 731 894 810 cognoscit.
941 743 987 789 re.
1002 727 1046 790 lle
1061 745 1120 810 qua
1135 743 1167 792 ra
1182 729 1252 809 lege
1266 729 1536 794 s.Bonarcnturam
1551 729 1584 794 in
1599 733 1656 796 rita
1671 735 1792 798 siran-

38 813 81 876 tit
104 820 269 892 antequam
290 813 896 877 munnusfleretrtaebarttccsrcso·
940 810 1029 873 claci.
1412 831 1415 842 ¹
1510 835 1511 838 ¹

37 911 148 972 mneS,
165 909 268 974 neque
282 896 363 956 aliud
380 898 448 958 novi
464 913 501 960 ea
516 911 616 958 rerum
628 896 785 958 creatione
796 896 896 959 scien·
1108 932 1112 940 ·
1414 935 1416 941 ι

38 980 118 1050 tiae,
135 985 187 1043 aut
201 978 310 1041 risioni
327 977 410 1041 illius
425 981 567 1042 accessit.
585 977 662 1052 Quid
678 994 751 1052 erpo
766 977 849 1054 eris,
866 993 896 1039 a·
1205 973 1352 1040 antuus
1368 971 1527 1054 QUINTUS
1550 990 1553 1000 ¹

39 1063 142 1140 nima,
156 1061 279 1139 quando
294 1057 377 1122 iltius
393 1061 468 1123 ritae
485 1061 637 1141 particeps
652 1061 730 1122 erist
743 1060 817 1141 quid
833 1077 896 1122 ma·
1562 1097 1564 1100 -

37 1142 615 1223 gniimperattibilleus,cumriturn
638 1144 726 1205 istam
750 1157 892 1220 corpora·
987 1207 992 1216 ,
1083 1215 1086 1225 1
1146 1138 1199 1203 Em
1212 1139 1470 1204 consumptione
1483 1137 1585 1204 Aeris.
1631 1187 1634 1194 .

39 1228 105 1289 lem
124 1234 156 1289 et
169 1226 343 1300 animalem,
362 1227 569 1304 imperfectam
585 1226 690 1304 utique
702 1232 730 1288 et
743 1241 894 1301 egenam,
1248 1227 1252 1236 '
1613 1233 1623 1244 ‘

42 1313 180 1388 imperat
194 1309 305 1388 exponi
322 1325 377 1384 pro
391 1309 544 1382 fratribus,
560 1316 590 1372 et
605 1325 660 1388 pru
682 1309 750 1386 ipso
764 1309 841 1384 Deo,
864 1313 897 1372 ut
981 1301 1067 1365 lteris
1081 1303 1268 1366 elementum
1283 1303 1415 1386 insignis
1429 1306 1572 1386 Magister
1585 1321 1703 1370 morum
1720 1321 1792 1371 essa

40 1393 126 1454 vitae
143 1399 286 1453 aeternae
300 1389 468 1455 ditissimae
491 1400 519 1455 et
534 1391 730 1455 felicissimae
743 1391 896 1470 particeps
939 1391 1040 1466 potest
1054 1385 1243 1457 bominibus,
1260 1385 1286 1448 si
1302 1389 1368 1452 eius
1383 1399 1487 1452 natura
1500 1389 1791 1454 consideraturum

43 1475 128 1538 lias?
143 1475 179 1538 ttt
194 1475 220 1536 si
236 1475 313 1535 nibil
330 1475 429 1553 magni
444 1475 612 1552 iubat,cum
626 1475 714 1536 ritorn
728 1475 814 1537 iubet
825 1489 896 1537 aon·
940 1471 1039 1532 saturn
1055 1470 1092 1531 ad
1109 1470 1256 1532 muralem
1272 1469 1501 1548 Philosophiam
1522 1473 1712 1548 docendam,
1736 1475 1793 1534 sed

45 1557 156 1621 temni:
175 1573 265 1635 quarn
282 1557 348 1618 leva
365 1567 394 1618 et
409 1558 561 1621 modicum
579 1557 673 1619 rideri
688 1556 801 1634 debet,
825 1571 895 1618 aum
941 1552 1030 1615 etlam
1047 1554 1083 1613 ud
1100 1567 1206 1614 sacrae
1229 1551 1414 1633 'theologiae
1435 1555 1599 1632 aperienda
1623 1557 1790 1636 mysteria,

41 1640 180 1720 imperat
211 1638 332 1702 diuitias
359 1647 493 1703 mortuas
517 1641 685 1703 liberaliter
710 1639 897 1718 pauperibus
939 1635 1119 1714 animosque
1134 1634 1276 1698 adlieom
1292 1635 1438 1700 leuandus
1453 1639 1794 1714 aptissimusinvanitur

40 1738 174 1802 erogare
190 1729 220 1784 et
236 1739 252 1783 a
269 1721 442 1784 carnalibus
457 1721 717 1802 concupiscentiis
727 1723 894 1798 abstinere,
941 1720 966 1780 si
983 1717 1052 1796 quis
1067 1718 1223 1782 attendere
1237 1717 1367 1781 uoluerit
1378 1720 1414 1781 ad
1430 1723 1510 1782 raaia
1525 1720 1697 1797 commoda,
1714 1735 1794 1800 quaa

47 1813 79 1868 et
95 1806 221 1872 diabolo
236 1821 271 1866 ac
286 1806 410 1884 pompis
423 1807 491 1868 etus
506 1822 577 1868 rere
598 1804 791 1881 renunciare,
815 1810 845 1868 et
857 1805 897 1868 ad
940 1816 992 1862 aer
1008 1801 1142 1882 bumana
1157 1799 1285 1881 generi,
1309 1815 1346 1864 ex
1360 1802 1460 1865 diuina
1476 1801 1690 1881 ordinatione,
1707 1817 1794 1884 proe-

40 1890 137 1951 ritam
153 1891 248 1958 ittam,
265 1903 344 1966 quae
355 1887 420 1949 sola
434 1902 505 1952 reru
517 1892 576 1952 rita
592 1895 650 1964 ast,
665 1894 726 1951 totu
737 1887 841 1952 cordis
854 1887 897 1950 af·
941 1888 1021 1945 stara
1036 1898 1096 1944 nou
1113 1887 1227 1946 cessat.
1596 1887 1598 1892 ’

41 1969 127 2036 lactu
141 1969 324 2050 suspiraret
555 2015 561 2023 .
981 1963 1038 2028 lcr
1049 1964 1213 2042 imprimis,
1230 1965 1302 2033 duru
1318 1965 1512 2046 respirationi
1527 1967 1672 2046 deseruit,
1697 1972 1793 2032 terre·

86 2054 150 2118 Sed
165 2053 225 2116 iam
242 2058 365 2130 tempus
381 2055 449 2124 est,
466 2056 499 2118 ut
519 2053 558 2116 ad
573 2051 686 2118 ioutern
702 2049 893 2134 sapientiae,
940 2049 1047 2111 strium
1063 2048 1262 2111 animantium
1288 2056 1318 2112 ot
1339 2049 1437 2128 ipsius
1458 2051 1594 2114 bominis
1616 2053 1704 2115 eitam
1722 2066 1795 2114 con·
1848 2087 1851 2093 -

41 2138 203 2212 quomodo
226 2135 628 2215 possumps'ascendamus.
653 2137 740 2200 Fons
767 2135 895 2214 sapien·
940 2135 1051 2193 serrat.
1067 2128 1184 2192 Deinde
1199 2132 1371 2203 oculorum,
1386 2131 1517 2206 aurium,
1541 2139 1572 2220 et
1585 2133 1707 2214 linguae
1723 2134 1795 2197 usui

41 2221 110 2282 tiae
124 2217 330 2283 ceramina·
342 2219 380 2280 io
392 2219 646 2297 recubamque
659 2219 896 2283 Ecclesiasticus
939 2214 1129 2290 usqueadeo
1145 2216 1339 2278 necessarius
1354 2219 1423 2284 est.
1447 2222 1479 2278 ut
1500 2216 1526 2278 si
1542 2216 1569 2279 is
1583 2216 1661 2300 furta
1675 2216 1795 2279 subtra-

41 2310 72 2364 et
90 2313 177 2368 recte
192 2304 277 2373 uixit,
293 2303 331 2364 tn
346 2301 503 2381 εωεειειες
530 2301 673 2378 quoniam
690 2303 758 2365 fons
773 2303 895 2381 sopten·
941 2297 1039 2372 batur,
1058 2295 1174 2360 etiamsi
1189 2304 1308 2361 caetera
1319 2298 1426 2383 adsint
1439 2299 1552 2376 arnoia,
1567 2299 1714 2363 continuo
1725 2315 1794 2364 cae·

39 2386 102 2448 liae
119 2386 151 2446 in
168 2385 304 2462 Angelos
319 2391 454 2457 sanctos,
468 2389 499 2447 et
513 2385 631 2449 animas
655 2383 825 2462 beatorum,
842 2385 894 2463 qut
939 2379 979 2450 ci,
996 2377 1094 2452 surdi,
1108 2395 1144 2442 ac
1160 2382 1234 2441 muti
1251 2395 1361 2444 ornnes
1375 2377 1556 2445 efficiamur.
1570 2381 1712 2461 lienique
1729 2389 1794 2444 tan·

40 2468 72 2529 in
87 2467 279 2532 coelestibus
293 2466 642 2542 babitant,abundanter
657 2476 687 2531 et
703 2466 828 2547 eopiosa
843 2468 897 2529 de·
940 2467 967 2522 te
982 2468 1030 2523 est
1045 2463 1213 2525 necessitas
1228 2465 1309 2527 aeris
1321 2463 1359 2526 ad
1375 2469 1491 2525 motum
1507 2464 1712 2542 bominum,ct
1728 2466 1793 2526 ani·

39 2551 123 2626 lluit,
142 2550 232 2614 nubis
247 2556 362 2622 autem,
380 2549 431 2627 qui
445 2550 476 2610 in
492 2551 615 2613 deserta
631 2555 662 2613 et
676 2549 896 2630 peregrinatio·
941 2543 1062 2606 mutium
1078 2552 1282 2620 caeterorum,
1305 2553 1338 2609 ut
1359 2561 1397 2608 eo
1412 2553 1553 2624 remoto,
1577 2554 1677 2610 metus
1693 2549 1793 2610 omnis

41 2650 81 2696 ue
95 2649 265 2708 versamur,
283 2647 345 2693 nun
361 2637 420 2692 tarn
437 2632 604 2712 sapientia,
621 2650 712 2714 quam
727 2632 895 2714 sapientiae
938 2625 1080 2706 inpediri
1094 2673 1103 2702 ,
1119 2632 1211 2706 atqua
1224 2643 1334 2692 omnes
1347 2634 1429 2691 ertcs
1444 2631 1589 2692 etumnia
1612 2631 1676 2692 fere
1693 2631 1791 2693 boati*

39 2716 168 2795 quidam
182 2730 289 2795 uapor,
305 2714 354 2776 rel
370 2715 447 2776 odor
461 2719 624 2794 contingit.
939 2725 1010 2772 num
1020 2724 1243 2786 operacessare
1254 2726 1386 2774 necesse
1397 2711 1637 2788 sit.lncipiamus
1649 2729 1665 2774 a
1679 2715 1792 2789 primo.

80 2799 196 2875 Quare,
211 2801 312 2860 anima
327 2811 393 2858 mea
404 2833 417 2864 .·
428 2797 490 2859 noli
515 2813 597 2862 nunc
618 2797 735 2867 altiora,
760 2813 848 2876 uuam
863 2801 894 2860 tc
979 2791 1012 2855 Si
1028 2794 1235 2872 intelligerent
1250 2793 1404 2874 homines,
1424 2809 1485 2866 non
1501 2799 1603 2857 minus
1618 2809 1710 2874 opere
1726 2795 1791 2859 ani·

38 2883 164 2957 deceat,
179 2895 341 2960 quaerere.
356 2878 423 2942 Noli
439 2881 568 2942 scrutari
580 2881 826 2954 maiestatemne
840 2895 894 2958 op·
939 2891 1004 2937 mas
1019 2876 1220 2951 respiratione
1236 2892 1312 2954 sua,
1337 2891 1425 2955 quam
1442 2883 1554 2956 egeant
1569 2893 1697 2957 corpora
1712 2894 1766 2941 sua
1782 2925 1790 2952 ,

39 2964 185 3038 primatis
200 2981 215 3024 a
232 2964 340 3044 gloria,
357 2962 507 3023 admirare
530 2966 709 3040 sapientiam
733 2963 837 3036 illius,
854 2963 894 3026 da
939 2958 1024 3020 multi
1038 2961 1237 3035 salvarentur,
1254 2959 1312 3039 qui
1329 2976 1412 3022 nunc
1427 2967 1568 3036 pereunt.
1585 2959 1662 3040 liget
1675 2977 1788 3039 corpus

38 3063 99 3125 quta
117 3045 193 3110 dirit
208 3047 385 3122 apostotus:
403 3043 625 3124 sotiacptccrt
639 3047 703 3110 Deo
718 3091 725 3116 .
741 3046 893 3125 gratulare
938 3039 1082 3103 continua
1100 3043 1302 3119 respiratione
1317 3088 1326 3115 ,
1348 3045 1491 3122 quoniam
1513 3042 1596 3104 calor
1618 3045 1787 3116 naturalis,

38 3130 139 3191 tuentis
155 3129 215 3191 iltis
230 3128 396 3198 ruentibus,
414 3143 492 3208 quae
508 3135 547 3190 de
562 3129 644 3192 fonte
660 3127 830 3206 sapientiae
845 3129 892 3190 bt·
938 3140 998 3199 uuo
1013 3140 1067 3186 cor
1080 3129 1234 3188 exaestuat
1250 3125 1418 3188 ministerio
1439 3123 1595 3204 pulmonis
1620 3139 1723 3190 aerem
1740 3125 1789 3188 fri·

37 3212 129 3282 bunt,
143 3218 174 3274 et
189 3210 327 3288 quamuis
343 3210 437 3272 Deum
455 3227 516 3272 nun
532 3211 892 3291 comprehendant,quod
938 3207 1042 3281 pidum
1057 3208 1256 3281 attrahentis,
1274 3213 1305 3270 et
1319 3209 1451 3270 calidum
1467 3207 1642 3281 eiicientls,
1661 3210 1701 3271 ita·
1716 3217 1791 3272 tern-

37 3296 97 3368 ipsi
115 3293 192 3356 fonti
209 3293 378 3372 sapientiae
394 3296 550 3372 proprium
568 3301 637 3366 cst3
656 3301 756 3355 tamen
783 3293 891 3355 faciem
938 3295 1071 3365 perator,
1085 3296 1120 3351 ‘ut
1135 3291 1226 3353 uitam
1241 3301 1413 3368 conserues
1429 3292 1497 3354 siue
1513 3307 1573 3370 qua
1588 3291 1791 3370 respiratione

36 3377 106 3454 liei,
121 3378 152 3438 id
168 3385 228 3452 est,
241 3377 357 3452 primae
373 3375 571 3447 causae,sine
588 3376 810 3438 ullorelamtne
822 3391 893 3453 spe·
939 3374 1108 3434 conservati
1125 3388 1186 3434 nott
1204 3377 1315 3450 potest.
1332 3389 1369 3436 ex
1385 3387 1445 3450 quo
1460 3390 1518 3436 usu
1540 3377 1699 3451 resilitum
1717 3380 1790 3444 esi.

39 3463 194 3533 rutantur,
211 3466 242 3521 et
257 3458 427 3537 fulguribus
442 3459 511 3520 eius
526 3460 686 3522 irradiatae
698 3460 737 3520 de
749 3458 892 3521 omnibus
939 3459 971 3516 ut
986 3469 1040 3532 pro
1055 3455 1164 3516 endem
1181 3455 1367 3532 accipiantur
1379 3459 1526 3526 virerent
1537 3460 1665 3534 spireio·
1682 3455 1788 3520 Omnis

40 3543 216 3605 rectissime
228 3540 376 3614 iudicant,
393 3555 494 3616 noune
509 3540 540 3602 in
556 3540 607 3603 illa
631 3541 798 3604 meridiana
822 3543 892 3604 luce
937 3537 1031 3614 enim,
1055 3541 1105 3615 qut
1122 3541 1227 3614 spirat,
1252 3540 1337 3609 vivit,
1354 3545 1383 3599 et
1398 3541 1449 3619 qui
1466 3540 1582 3617 spirare
1605 3539 1729 3608 desinit,
1748 3538 1789 3599 vi·

38 3625 333 3702 sapientiaetiment
350 3637 486 3686 errorum
510 3624 675 3697 tenebras,
691 3624 892 3702 nenueigno·
936 3619 1110 3682 rereetiam
1127 3621 1250 3683 desinit.
1267 3619 1304 3683 lit
1321 3625 1350 3681 tu
1368 3625 1466 3682 anima
1482 3669 1489 3684 .
1508 3627 1541 3683 ut
1554 3621 1637 3684 viras
1653 3620 1711 3682 rita
1728 3623 1791 3700 spi·

38 3708 157 3768 moriae
173 3705 391 3769 obscuritatem
410 3706 699 3786 nequeopinionum
711 3705 890 3785 caliginem.
937 3701 1034 3766 rituali
1050 3749 1057 3768 ,
1074 3719 1153 3780 uuae
1169 3712 1215 3764 est
1231 3705 1325 3779 pratia
1341 3703 1418 3778 lici,
1443 3704 1566 3782 indiges
1583 3703 1727 3766 continua
1744 3719 1791 3764 ra·

40 3791 148 3868 aspira
166 3791 202 3851 ad
219 3791 301 3852 illam
318 3788 519 3859 latinitatem,
542 3795 571 3852 et
586 3796 618 3850 ut
634 3790 670 3850 ad
694 3805 762 3850 eam
783 3805 894 3851 secure
938 3783 1197 3862 spiratiooe‚quae
1214 3785 1246 3846 tit
1261 3787 1427 3847 emittendo
1443 3787 1479 3846 ad
1496 3787 1591 3846 beorn
1611 3787 1789 3858 peroratio·
1824 3851 1826 3856 ,

40 3873 228 3948 pervenias,
252 3888 318 3934 ama
341 3888 377 3933 ex
399 3876 461 3934 tuto
485 3875 576 3934 eorde
602 3871 765 3934 Dominum
792 3871 893 3934 lesum
938 3883 1009 3929 nem
1024 3869 1120 3930 calida
1137 3869 1290 3945 suspiria,
1318 3874 1348 3931 ct
1369 3870 1547 3941 recipiendo
1563 3885 1578 3927 a
1594 3868 1657 3930 Deo
1680 3884 1788 3929 nurum

38 3957 247 4025 Christumio
261 3969 324 4033 aaa
334 3961 408 4016 sunt
423 3969 533 4017 omnes
545 3953 689 4017 thesauri
701 3955 853 4018 actantiae
865 3958 894 4016 et
936 3947 1065 4026 Spiritus
1080 3953 1176 4012 sancti
1194 3953 1331 4031 gratiam.
1354 3951 1390 4012 lit
1413 3951 1485 4028 quid
1509 3952 1590 4012 atiud
1615 3949 1790 4030 spoillcant

36 4041 219 4117 supientiae
232 4038 299 4101 aci.
317 4037 388 4114 lpse
405 4041 486 4098 enirn
503 4036 577 4098 uixit
593 4039 623 4098 tn
640 4035 805 4116 Evangelio
821 4051 890 4099 suo:
935 4033 1027 4095 rerba
1043 4033 1091 4094 illa
1106 4033 1227 4096 Domini
1253 4035 1307 4094 tui:
1327 4033 1452 4108 Oportet
1477 4048 1601 4112 semper
1624 4049 1720 4096 urere
1735 4079 1743 4112 ,
1760 4037 1792 4096 et

38 4122 99 4194 (fui
114 4121 224 4202 ditipif
234 4137 295 4196 mc,
313 4120 467 4200 ditipetur
481 4137 502 4180 a
515 4119 610 4183 Patre
624 4135 706 4191 mco,
730 4127 758 4182 ct
769 4134 826 4197 epo
843 4121 892 4182 di·
934 4131 1117 4196 rtampaum
1132 4116 1288 4194 deficeret
1303 4116 1362 4190 nisi
1377 4122 1498 4194 oportet
1515 4131 1639 4194 semper
1653 4113 1789 4195 suspira-

37 4205 138 4283 lipanr
151 4220 237 4271 mam,
261 4210 290 4264 et
303 4202 516 4280 manifestabo
531 4204 562 4264 ei
573 4203 745 4282 meipsum.
768 4198 805 4264 Et
819 4202 891 4280 quid
936 4213 980 4268 re,
998 4205 1029 4261 ei
1042 4199 1182 4276 spiritum
1201 4215 1311 4261 norum
1327 4202 1477 4275 recipere,
1501 4205 1533 4259 ut
1549 4197 1716 4275 spiritualis
1731 4200 1790 4259 sita

37 4295 103 4363 est,
132 4286 335 4348 manifestabo
357 4287 383 4348 ei
400 4285 551 4363 meipsum
569 4331 577 4355 ,
606 4287 663 4347 orsi
691 4285 891 4348 manifestabo
936 4282 965 4339 in
981 4289 1008 4343 te
1023 4297 1083 4343 non
1100 4283 1304 4362 extinguatur,
1322 4283 1403 4360 quod
1420 4283 1501 4343 idern
1519 4281 1641 4357 repetit,
1655 4295 1724 4343 com
1737 4283 1789 4343 ait:

37 4385 146 4432 omnes
161 4371 321 4431 thesauros
336 4367 483 4430 scientiae
498 4376 528 4428 et
542 4365 711 4444 sapientiae
727 4366 794 4442 liei,
813 4381 891 4446 uuae
939 4362 1070 4442 Vipitute
1083 4365 1216 4442 itaque,
1238 4367 1329 4428 omui
1345 4374 1486 4443 tempore
1501 4370 1643 4427 orantes.
1660 4363 1697 4424 st
1712 4366 1792 4440 bpa-

37 4453 62 4513 io
79 4469 132 4515 me
148 4452 258 4515 latenti
273 4450 361 4514 Certe
383 4453 483 4513 ornnis
506 4453 598 4512 borno
620 4451 796 4512 naturaliter
809 4453 890 4513 scire
936 4449 1034 4508 stolus
1051 4448 1130 4507 idern
1148 4447 1317 4516 confirmat,
1336 4447 1538 4510 dicenszb'ine
1552 4447 1792 4509 intermissione

37 4534 191 4598 desiderat
202 4535 521 4614 etquamrtscarnales
532 4531 889 4609 concupiscentiaenunc
935 4535 1036 4596 orate.
1053 4530 1101 4592 cui
1119 4538 1269 4591 consonat
1282 4529 1448 4606 apostotus
1465 4530 1570 4594 Petrus
1586 4545 1655 4592 curn
1672 4525 1789 4591 scribit:

37 4619 61 4678 in
80 4619 188 4680 multis
210 4619 269 4680 boc
290 4617 476 4679 desiderium
495 4616 724 4694 'quodammodo
746 4615 888 4692 sapiant:
923 4613 1040 4675 'Estote
1054 4628 1128 4692 erpo
1142 4613 1365 4690 praetentam
1377 4613 1507 4692 cipitata
1521 4617 1559 4674 tn
1574 4611 1791 4676 orationibus.

38 4709 133 4763 tamen
152 4717 221 4762 cum
244 4715 380 4780 corpus,
405 4703 485 4780 quod
502 4699 731 4780 corrumpitur,
755 4703 786 4760 et
806 4699 888 4775 quod
934 4694 1092 4775 Siquidem
1111 4697 1187 4756 baec
1202 4702 1249 4757 est
1274 4711 1343 4758 reru
1366 4696 1550 4774 prudentia,
1574 4701 1615 4755 ut'
1629 4693 1682 4772 uui
1706 4695 1792 4760 omni

39 4799 116 4845 nunc
129 4789 273 4866 aggravat
287 4785 430 4853 animam,
448 4779 700 4860 deposuerimus,
723 4786 796 4843 tunc
810 4780 890 4859 ignis
935 4785 1071 4858 ternpore
1086 4793 1214 4856 egemus
1236 4777 1386 4842 adiutorio
1403 4778 1477 4854 liei,
1501 4778 1584 4840 omni
1601 4783 1740 4856 tempore
1755 4777 1792 4840 il·

38 4867 182 4930 desiderii
198 4867 289 4929 buius
302 4881 396 4942 super
410 4867 510 4928 omnia
526 4864 676 4929 desideria
693 4861 886 4927 emarcescet.
933 4861 985 4923 lud
1004 4865 1155 4938 petamus.
1179 4861 1242 4922 Scit
1264 4862 1388 4940 uiridem
1410 4861 1499 4923 Pater
1520 4865 1647 4934 noster,
1673 4861 1791 4942 quibus

38 4949 151 5022 Quanta
167 4964 242 5028 ergo
256 4949 384 5012 felicitas
402 4955 449 5010 tua
465 4949 532 5021 arft,
549 4963 566 5010 o
583 4946 693 5024 anima,
716 4961 786 5009 eum
808 4961 888 5006 arna·
931 4944 1026 5006 rebus
1042 4942 1226 5021 indigemus.
1244 4950 1273 5004 et
1289 4950 1411 5022 paratus
1424 4949 1471 5004 est
1483 4941 1650 5006 liberaliter
1665 4961 1700 5006 ea
1714 4961 1792 5023 sup·

40 5037 80 5094 tus
98 5039 130 5095 et
144 5038 260 5095 amator
281 5039 352 5094 tuus
374 5031 511 5094 cbristus
537 5028 679 5092 ostendet
704 5027 756 5091 tibi
779 5044 888 5092 omnes
932 5025 1080 5105 peditare,
1097 5025 1419 5105 acpraesertim,quae
1432 5027 1469 5088 ad
1487 5027 1616 5088 salutern
1633 5025 1800 5090 oeternum

39 5117 197 5178 ttesauros
213 5116 359 5178 scientiae
375 5121 406 5176 et
419 5114 588 5191 sapientiae
608 5111 664 5176 llei
677 5111 693 5173 i
708 5110 769 5174 Sed
784 5118 817 5174 ut
831 5127 888 5187 spe
934 5110 1100 5184 pertinent:
1122 5111 1177 5172 sed
1194 5109 1256 5171 ruit
1271 5125 1324 5188 pur
1340 5111 1486 5171 orationis
1502 5108 1739 5174 instrumentum
1753 5127 1790 5172 es
1827 5135 1829 5140 ·

39 5203 113 5260 tanta
131 5215 192 5262 non
213 5197 391 5265 frustreris,
416 5195 525 5260 cbristi
549 5201 710 5273 praecepta
736 5195 890 5258 custodire
934 5192 1048 5272 largiri,
1066 5191 1210 5270 quoniam
1227 5192 1285 5255 boa
1297 5199 1344 5254 est
1359 5193 1402 5254 illt
1420 5191 1722 5269 honorificentius,et
1734 5211 1790 5255 no·

39 5281 135 5344 stude.
151 5280 223 5358 lpse
238 5281 320 5342 enim
337 5281 421 5342 dixit:
440 5279 501 5358 Qui
514 5279 620 5357 diiipit
640 5295 702 5353 me,
724 5293 887 5340 semones
933 5275 982 5336 bis
997 5276 1114 5350 utilius,
1131 5291 1222 5353 quarn
1238 5275 1265 5336 si
1281 5274 1516 5352 dormientibus,
1534 5284 1563 5338 et
1581 5275 1790 5355 nibil‘agenti·

38 5381 115 5426 neos
130 5362 272 5426 servabit
293 5370 322 5425 et
342 5363 401 5436 cci
419 5379 488 5425 noa
509 5363 615 5439 ditipit
636 5379 707 5432 mc,
723 5375 885 5423 sermones
931 5359 989 5420 bus
1004 5362 1110 5420 crrnata
1127 5357 1375 5437 donaret.ltaque
1386 5357 1624 5434 liberalissimus
1637 5357 1789 5422 Dominus

39 5463 116 5511 neos
127 5453 325 5510 manserant.
341 5445 451 5520 atquc,
468 5446 589 5507 interim
611 5443 761 5522 sapientia
779 5449 827 5505 tua
843 5445 884 5505 sit
930 5442 968 5501 ad
986 5443 1150 5517 petendum
1169 5457 1225 5501 nos
1239 5443 1375 5503 bortatur
1389 5451 1419 5504 et
1435 5448 1533 5516 urpet,
1548 5457 1617 5504 uum
1631 5441 1788 5522 dicirzttpc

41 5530 94 5600 rita,
111 5547 204 5608 quam
221 5529 368 5591 describit
382 5545 407 5590 s.
425 5529 492 5595 lob,
510 5543 578 5588 eum
594 5527 679 5588 dicit:
705 5524 882 5589 limortlo·
928 5525 1000 5586 dico
1014 5525 1101 5587 vobis
1115 5525 1211 5602 petite
1226 5529 1256 5587 et
1270 5524 1402 5588 dabitur
1415 5525 1514 5592 uobis,
1530 5525 1676 5604 quaerite
1692 5531 1721 5587 ct
1735 5528 1785 5588 irc·

38 5615 112 5678 ruint
126 5616 203 5694 ipsa
217 5617 261 5676 ast
274 5615 448 5692 supientia,
465 5619 494 5676 et
506 5612 653 5677 recedere
674 5609 793 5674 umato
807 5654 815 5689 ,
830 5608 881 5673 in·
925 5608 1199 5689 cantetisputsute
1214 5613 1243 5672 ct
1255 5608 1419 5689 aperietur
1438 5608 1526 5672 uobis
1541 5624 1556 5685 ,⁴
1572 5607 1678 5670 erucis
1700 5611 1788 5674 enirn
