4048 6242
210 447 221 464 υ
302 350 356 422 ιιι
927 363 1162 426 ιειιιειοιιε
1183 365 1221 424 iiv
1243 361 1345 426 nanti
1387 353 1389 357 ’

229 495 439 560 conservanda
453 499 545 563 ullam
561 500 713 564 actionem
729 504 865 564 creatura
882 505 982 577 potest
996 500 1089 561 babe-
1134 500 1250 562 minum
1266 515 1391 581 corpora
1408 513 1462 561 sua
1479 509 1660 570 resumere,
1690 491 1809 558 etiamsi
1826 512 1881 575 ρει
1897 481 1992 558 inulti
2021 515 2022 586 ἦ

228 598 275 644 ιι.
297 582 423 657 l'i'debo,
441 583 539 660 inquil
562 583 724 662 Propbela,
743 585 844 647 coelos
870 590 961 659 tuos,
989 601 1089 661 opera
1134 586 1269 660 saecula,
1287 592 1318 647 et
1333 585 1431 644 rnodis
1447 581 1667 643 diversissimis
1682 579 1834 657 disperse,
1851 581 1900 642 vel
1921 595 1992 642 ooo·
2021 611 2022 652 i

228 666 407 744 digitorum
420 671 562 742 tinorum,
580 669 693 730 iunoni
707 674 734 729 ct
747 668 953 746 stellesqiioe
969 672 1004 728 tii
1015 669 1088 740 lici·
1134 674 1255 742 snrnpla
1280 665 1447 728 latuerint?
1470 665 1550 728 llaec
1566 666 1614 726 cst
1635 667 1727 741 igitur
1742 663 1870 725 altitudo
1887 673 1992 744 poten·

229 747 435 824 occieopcra
448 755 530 812 enirn
547 753 693 814 altissima
707 751 764 812 sibi
781 753 838 811 suli
855 755 983 812 serravit
999 750 1088 812 Aliis·
1134 755 1194 812 liae
1210 751 1277 814 Dei.
1297 754 1336 812 ub
1351 767 1441 828 qiiaui
1459 750 1572 828 pariter
1588 749 1648 806 dici
1665 755 1789 826 potest:
1816 746 1891 822 Dilis
1905 745 1993 810 simi

228 833 338 906 simiis,
357 835 424 910 ipse
446 851 461 893 a
480 836 685 896 fundamentis
709 835 857 911 fabricare
873 834 995 910 cucpil,
1022 851 1088 910 ipse
1135 836 1173 895 ιιι
1191 839 1239 895 liii
1253 836 1289 896 ιιι
1302 833 1450 910 sortibus,
1467 829 1627 894 Domino?
2021 865 2022 932 l

227 915 265 976 rid
284 915 434 994 fastigium
452 933 551 997 nsque
568 921 719 996 perduxit.
746 935 794 977 res
811 933 932 996 quoune
949 921 1087 996 spiritua·
1176 918 1275 978 llestal
1293 921 1493 994 profunditas,
1507 933 1586 992 quae
1599 916 1629 973 iii
1647 912 1749 984 modo,
1763 929 1824 990 otio
1842 913 1925 976 Deus
1939 913 1993 977 oti·

228 998 286 1066 les,
305 1003 450 1076 Angelos,
469 1010 498 1061 el
514 1004 630 1064 animas
647 1000 816 1068 bominum,
835 1019 913 1076 cuae
929 1010 1000 1062 sunl
1016 1017 1088 1078 ope·
1129 1007 1183 1062 tur
1200 1003 1228 1060 lii
1246 1004 1340 1062 rebus
1356 999 1539 1073 eliciendis,
1559 1001 1656 1074 posita
1673 997 1834 1058 militasse
1851 1001 1991 1074 videtur,

226 1095 258 1142 ra
275 1099 411 1144 omniurn
425 1084 629 1147 nobilissime.
648 1093 677 1146 cl
692 1084 926 1159 siliiiiiiiissill'lA,
944 1085 1029 1158 solus
1043 1085 1088 1142 Al·
1135 1084 1203 1160 culs
1219 1101 1299 1145 enim
1318 1091 1458 1160 penetret
1473 1085 1596 1143 niodum
1614 1082 1745 1140 laciendl
1762 1079 1878 1158 aliquid
1892 1097 1931 1142 ex
1949 1082 1992 1142 ui·
2021 1125 2022 1128 ,

228 1164 368 1227 tissimus
384 1169 492 1228 virtute
509 1185 562 1230 sua
582 1168 699 1229 inlicita
716 1171 899 1245 cundlilii,et
915 1174 1087 1243 conservat,
1135 1167 1214 1227 liilol
1229 1173 1264 1226 ad
1283 1171 1339 1228 linc
1356 1169 1542 1246 protundum
1558 1163 1665 1225 oculos
1682 1167 1842 1225 intendere
1860 1182 1923 1226 non
1939 1181 1991 1242 pu·

226 1253 257 1310 el
282 1249 313 1311 in
340 1258 498 1310 aeternum
523 1268 623 1328 usquc
648 1253 715 1313 sine
733 1255 853 1314 interitu
871 1252 1086 1324 conservabit,
1134 1257 1268 1322 luerunt,
1293 1256 1343 1330 qui
1361 1261 1513 1324 lauronem
1537 1245 1721 1324 principium
1749 1251 1942 1323 exploratum
1967 1254 1994 1309 el
2021 1255 2022 1258 ’

227 1348 330 1408 neque
347 1331 376 1394 in
395 1333 442 1394 lits
459 1335 550 1395 rebus
567 1336 716 1396 iaciendis
732 1338 824 1397 ullam
843 1342 956 1411 partem
975 1337 1088 1395 liabent
1133 1339 1249 1395 certum
1266 1340 1490 1402 statuerunt,ex
1504 1332 1599 1392 nihilo
1614 1328 1690 1390 nilill
1704 1329 1786 1392 fleri.
1798 1336 1909 1393 Aenus
1921 1346 1993 1410 qno·

227 1422 409 1478 creaturae:
435 1425 465 1478 et
480 1422 620 1494 quemvis
644 1435 752 1479 omncs
780 1425 808 1478 in
837 1435 930 1479 unuin
947 1420 1089 1479 ionveni-
1133 1433 1193 1492 oue
1211 1421 1239 1476 in
1258 1419 1314 1478 trac
1331 1433 1363 1478 ie
1378 1421 1546 1486 credimus,
1574 1417 1655 1490 quod
1674 1428 1733 1474 oon
1750 1419 1912 1493 ιιιιιιιιε;
1938 1418 1993 1477 εει

225 1508 306 1568 ιειι,
325 1517 492 1578 numquam
511 1508 638 1577 possent
653 1501 803 1581 Angelum
821 1519 937 1568 unuin,
962 1504 1008 1562 vel
1026 1501 1088 1561 ani·
1133 1503 1289 1561 unanimus
1305 1503 1405 1563 securi
1424 1500 1497 1571 Deo,
1516 1501 1566 1577 qul
1585 1501 1704 1558 meiilrrl
1722 1513 1782 1558 uon
1800 1504 1911 1574 potest,
1929 1514 1993 1560 cra·

225 1597 304 1642 mani
320 1600 412 1645 unam
432 1584 614 1660 producere,
632 1586 679 1646 rel
696 1595 866 1648 destrucre.
890 1585 1007 1645 Deinde
1024 1583 1087 1645 alti·
1133 1585 1246 1656 dimus,
1271 1589 1407 1660 iriquum.
1425 1587 1558 1656 coelum,
1577 1590 1606 1640 et
1623 1591 1746 1652 terram,
1763 1585 1794 1640 et
1809 1599 1844 1642 ea
1860 1600 1940 1660 quae
1966 1597 1994 1642 iu
2021 1587 2022 1616 ³

226 1665 300 1727 tudo
324 1669 478 1744 polentiae
503 1668 622 1730 divinae
649 1670 820 1731 clarissime
848 1668 1031 1744 perspicitur
1056 1668 1086 1728 ln
1134 1669 1180 1727 eis
1197 1671 1279 1744 sunl,
1298 1668 1335 1728 ab
1353 1669 1421 1742 ipso
1437 1666 1500 1726 Deo
1517 1669 1616 1726 creata
1634 1664 1743 1739 luisse,
1760 1681 1829 1724 cuni
1845 1677 1934 1728 antea
1952 1669 1996 1726 ul·
2021 1669 2022 1730 ζ

224 1745 393 1826 miraculis,
411 1767 502 1828 qnae,
516 1759 547 1812 ut
560 1770 587 1814 s.
605 1755 793 1826 Augustinus
809 1755 909 1823 docet¹
929 1759 999 1812 sunt
1014 1767 1087 1828 ope·
1132 1749 1174 1810 liil
1191 1752 1316 1813 omnino
1332 1751 1554 1830 praei-essisset
1568 1747 1649 1808 und·
1668 1747 1787 1816 licreul,
1805 1765 1908 1824 neque
1924 1765 1995 1810 vere
2021 1783 2022 1812 l

222 1847 267 1900 ra,
287 1843 409 1910 praeter
424 1835 569 1897 usitatum
587 1853 710 1897 cursum
728 1839 930 1912 ordinemque
947 1843 1084 1911 naturae,
1133 1834 1215 1894 Deus
1232 1838 1355 1896 lecisset
1370 1836 1494 1907 aninlo,
1523 1847 1600 1910 quae
1618 1834 1804 1902 lactescat,
1831 1848 1856 1892 si
1873 1831 1995 1911 aliquid
2021 1815 2022 1900 i

224 1931 304 1993 qnae
320 1919 373 1977 loll
391 1924 540 1988 naturae,
566 1922 643 1994 ipsis
660 1923 750 1980 etium
767 1919 893 1998 Angelis
910 1921 1086 1978 adiiilranda
1133 1920 1215 1976 unde
1238 1919 1370 1990 tierent,
1400 1919 1636 1993 praecessisset.
1660 1915 1720 1976 Sed
1748 1921 1902 1991 quomodo
1930 1919 1998 1978 lieri

223 2002 255 2060 et
268 2005 419 2078 stupenda
432 2006 614 2080 contingunt
627 2004 695 2081 quis
710 2004 894 2081 Angelorum
909 2018 970 2063 nun
983 2002 1086 2063 ubslu·
1133 2007 1274 2076 potnerit,
1294 2003 1382 2063 culus
1394 1999 1472 2062 uiliil
1487 2004 1555 2060 aiilc
1575 1996 1756 2074 praecessit,
1774 2003 1907 2076 abyssus
1927 2017 1999 2077 pro·

223 2083 313 2157 puit,
331 2101 401 2144 cum
418 2089 455 2144 ed
473 2084 636 2162 imperinm
662 2086 755 2148 losue
773 2088 825 2148 Sol
841 2093 869 2145 el
885 2085 967 2146 Luna
984 2132 991 2154 ,
1009 2101 1088 2163 quae
1130 2081 1314 2146 invidissime
1333 2093 1401 2153 est,
1427 2100 1517 2160 quain
1534 2092 1662 2143 scrutari
1680 2082 1911 2160 etinvestigare
1935 2098 1997 2145 uon

223 2175 316 2228 cursu
333 2167 547 2231 incitatissimo
563 2168 739 2231 terebantur
754 2217 761 2242 ,
779 2175 931 2230 steterunt
945 2168 1087 2230 immobi-
1132 2183 1310 2244 possumus.
1329 2169 1445 2230 Deinde
1463 2183 1522 2228 nun
1539 2167 1639 2228 solum
1654 2181 1690 2225 ei
1704 2167 1802 2225 ιιιιιιιι
1817 2166 1890 2227 ιειιι
1911 2165 1997 2228 Deus

223 2247 297 2310 les?
319 2267 354 2312 ao
371 2267 410 2312 ne
427 2259 605 2330 putaremus
633 2255 662 2313 id
680 2271 751 2314 casu
778 2254 881 2330 aliquo
908 2253 1060 2314 accidisse
1077 2271 1086 2330 3
1131 2267 1244 2311 onmia:
1261 2253 1316 2314 sed
1333 2252 1402 2313 lecit
1416 2257 1445 2312 in
1461 2249 1570 2325 niliilo‚
1586 2249 1614 2309 id
1629 2255 1685 2320 εει,
1704 2251 1772 2310 sine
1787 2253 1887 2324 spatio
1903 2266 1996 2327 prae·

222 2347 326 2408 necue
343 2335 425 2396 enim
444 2337 525 2396 ullus
541 2337 692 2413 suspirari
710 2343 838 2413 poterat,
857 2353 919 2396 rem
944 2345 1001 2396 tam
1020 2339 1087 2397 inii·
1131 2337 1273 2404 cedente,
1292 2352 1356 2398 sive
1371 2338 1462 2407 ludu,
1489 2336 1519 2394 in
1536 2348 1597 2411 quo
1613 2333 1766 2394 locaretur
1779 2333 1862 2410 quod
1877 2333 1996 2408 tiebat,

222 2417 343 2478 sitalem
361 2417 398 2479 ab
416 2418 542 2480 bomine
557 2421 689 2492 mortali,-
706 2428 736 2481 el
752 2423 781 2480 ln
799 2420 888 2481 terris
905 2423 1004 2495 posito
1021 2419 1084 2481 lieri
1131 2421 1212 2494 cuod
1231 2420 1411 2497 pracsertim
1426 2419 1457 2482 in
1470 2419 1564 2479 rebus
1577 2416 1790 2494 corporalibus
1804 2417 1932 2496 intelligi
1951 2420 1999 2478 vix

222 2501 375 2576 poluisse,
395 2502 531 2575 loonilnr
547 2502 678 2578 Spiritus
695 2514 832 2574 sanctus,
851 2507 879 2564 el
896 2505 992 2563 dicit:
1012 2501 1086 2565 Obc·
1130 2509 1243 2577 potest,
1259 2505 1388 2579 proinde
1404 2513 1451 2564 est
1467 2501 1557 2564 etiam
1573 2502 1648 2559 baec
1661 2500 1792 2577 abyssus
1808 2505 1998 2578 impenetra-

222 2582 331 2644 olente
346 2584 411 2646 Deo
436 2587 508 2647 coci
522 2585 675 2648 bominis.
692 2587 797 2662 lleiiue
813 2589 895 2648 enirn
913 2587 1003 2647 losue
1026 2588 1084 2660 ipsi
1130 2583 1214 2646 bilis.
1232 2587 1333 2662 Spatia
1350 2587 1500 2651 lucorum.
1517 2585 1616 2661 inquit
1631 2597 1658 2643 s.
1674 2581 1866 2660 Augustinus
1881 2587 1913 2644 ln
1931 2588 1999 2664 epi·

223 2663 288 2727 Soli
313 2673 343 2728 et
359 2667 463 2731 Lunae
481 2672 604 2747 proprie
621 2671 766 2746 loquutus
782 2678 850 2740 est,
876 2687 954 2746 quos
970 2670 1087 2731 sciebat
1130 2671 1206 2729 stola
1224 2671 1260 2730 ad
1277 2669 1541 2741 Dardanuui‚lolle
1557 2686 1571 2726 a
1588 2667 1772 2744 corporibus
1786 2673 1829 2740 ,et
1843 2683 1998 2745 nusquam
2021 2709 2022 2738 ι

220 2749 329 2811 audire
347 2767 408 2812 non
426 2767 519 2829 posse
537 2754 724 2827 mandatum,
739 2755 793 2814 scd
809 2762 952 2833 precatus
969 2761 1013 2814 est
1028 2753 1087 2814 Do·
1130 2757 1232 2822 erunt,
1250 2765 1278 2812 ei
1295 2756 1365 2828 unia
1383 2769 1535 2829 nusquam
1552 2757 1655 2825 erunt,
1672 2765 1731 2810 nec
1746 2757 1848 2812 erunt.
1862 2751 1926 2815 lain
1940 2755 1999 2832 igi·

221 2830 340 2894 minum
358 2853 375 2908 ,·
393 2837 481 2912 qnasi
508 2835 648 2908 diceret,
677 2852 714 2898 eii
730 2842 872 2897 mandato
895 2834 1016 2898 Domini
1034 2837 1085 2898 Sul
1124 2840 1178 2895 tur
1193 2837 1219 2896 si
1237 2836 1314 2898 niliil
1330 2845 1404 2910 ernl,
1421 2843 1584 2912 antequam
1601 2832 1684 2895 Deus
1710 2840 1829 2894 crearet
1844 2839 1970 2897 coelum
1988 2882 1996 2910 ‚
2021 2837 2022 2844 ’

220 2921 325 2978 contra
343 2917 467 2980 Gabaon
485 2935 524 2980 ne
540 2919 703 2988 movearis,
718 2929 748 2981 et
761 2921 842 2981 buna
855 2929 960 2982 contra
979 2919 1084 2982 vallem
1130 2925 1161 2979 ct
1174 2924 1298 2991 terrani,
1319 2921 1370 2983 ubi
1387 2921 1490 2998 posuit
1506 2920 1589 2980 Deus
1606 2924 1738 2992 eoelum,
1757 2924 1788 2977 et
1803 2921 1943 2988 leriam?
1967 2921 2000 2980 iu

219 2995 340 3062 Aialon.
358 3000 501 3063 Obedivil
517 3011 617 3063 autern
641 3001 790 3064 Dominus
807 3006 871 3064 voci
889 3003 1034 3080 bominis,
1055 3005 1083 3064 id
1131 3003 1228 3063 nilrllo
1244 3009 1327 3065 cerlc
1344 3009 1414 3081 puni
1433 3021 1493 3066 nuri
1507 3007 1685 3079 putuerunt
1711 3011 1741 3062 et
1765 3006 1868 3063 ιιιιιιιι
1895 3010 1999 3066 creata

219 3085 289 3156 est,
313 3082 407 3162 iecit,
433 3089 466 3146 ul
481 3085 644 3148 obedirent
662 3087 821 3148 luminaria
837 3086 888 3146 illa
906 3089 970 3147 voci
990 3087 1086 3146 bomi-
1130 3091 1214 3158 sunl,
1232 3088 1343 3164 etipsa
1360 3089 1419 3150 sibi
1437 3094 1510 3150 sunt
1526 3090 1624 3155 locus,
1640 3086 1710 3164 quia
1724 3088 1770 3148 ειι
1787 3085 1928 3158 ιιιιιι,ει
1943 3104 1999 3166 po·

219 3167 282 3240 nis,
300 3182 394 3244 saepe
411 3167 493 3230 enini
511 3171 542 3230 in
558 3184 646 3230 sacro
662 3171 787 3247 eloquio
809 3169 920 3231 dicitnr
934 3169 1085 3232 Dominus
1131 3171 1196 3232 ιιιιι,
1214 3167 1264 3246 uni
1281 3177 1382 3233 omnia
1400 3172 1619 3251 potestatam
1642 3171 1669 3231 sl
1687 3185 1745 3232 nos
1760 3173 1918 3249 quomodo
1940 3177 1999 3234 ista

220 3247 322 3310 iacere
339 3267 386 3322 ea,
404 3267 534 3328 quorum
551 3269 642 3314 caiisa
660 3259 729 3326 est,
754 3260 788 3315 ut
808 3251 904 3326 liant,
930 3254 1085 3330 quoinodo
1130 3252 1214 3324 liunt,
1233 3253 1405 3336 intelligere
1422 3269 1625 3333 nequeamus.
1831 3265 1834 3272 '

219 3347 288 3393 cuin
306 3334 335 3393 in
354 3333 466 3396 Genesi
486 3335 636 3396 Dominus
652 3337 725 3396 dicit
740 3337 779 3398 'ad
796 3337 968 3397 Abrabam:
992 3335 1085 3400 Novio
1171 3335 1237 3398 Huc
1253 3336 1337 3400 Deos
1353 3341 1420 3417 ipse
1437 3343 1585 3418 respexit,
1603 3351 1671 3398 onio
1689 3335 1717 3396 ε’.
1732 3333 1788 3398 Iob
1802 3338 2001 3418 omnipoten-

218 3419 357 3492 oopnooi
372 3419 461 3496 quod
473 3420 587 3482 timeus
599 3418 786 3481 Dominum.
805 3419 962 3481 Sententia
978 3436 1084 3482 eornm
1130 3418 1201 3480 iiim
1219 3437 1305 3481 sucin
1323 3424 1459 3485 indicare
1476 3425 1595 3496 volens,
1613 3420 1665 3481 ait:
1684 3417 1741 3482 dot
1754 3435 1839 3493 erce,
1855 3427 1996 3502 quando

219 3499 384 3561 verborum
398 3507 456 3572 est,
475 3519 558 3563 uuric
573 3504 644 3569 laci,
662 3512 693 3563 nt
706 3510 947 3582 cognosceretur
962 3521 977 3564 a
996 3509 1037 3579 le,
1053 3509 1083 3566 ct
1128 3503 1289 3581 ponebam
1305 3507 1524 3583 fundamento
1539 3504 1660 3568 terroe?
1671 3504 1787 3566 indico
1801 3504 1925 3581 militar·
1941 3508 2001 3570 bo·

220 3581 259 3642 ab
274 3582 342 3644 aliis
359 3629 366 3652 ,
391 3586 475 3661 qiiod
493 3601 562 3646 vere
580 3588 687 3647 timeas
704 3585 813 3646 Deum.
830 3585 901 3646 Tale
917 3589 1007 3648 etiarn
1030 3587 1087 3649 luit
1130 3587 1182 3648 bes
1194 3589 1456 3669 intelligentium,
1474 3593 1548 3668 quic
1562 3589 1671 3668 poscit
1683 3601 1856 3650 manseros
1871 3595 1955 3666 eins,
1972 3593 2002 3655 ει

218 3679 299 3742 opus
311 3667 503 3729 altitudinem
517 3669 672 3744 polentiae
686 3670 807 3732 divinae
823 3669 1084 3746 significanscum
1129 3670 1242 3732 nosti?
1262 3677 1312 3733 uel
1328 3675 1400 3750 quis
1416 3677 1548 3736 tetendit
1568 3687 1669 3750 saper
1682 3687 1757 3732 eum
1772 3674 1922 3734 lineum?
1944 3691 2002 3740 su·

218 3747 250 3809 in
266 3749 412 3827 passione
428 3748 549 3813 Domini
566 3751 673 3826 Luna,
698 3770 776 3828 uuae
792 3760 856 3813 crat
871 3771 886 3812 a
904 3751 979 3815 Sulc'
991 3755 1084 3815 maiil-
1127 3771 1188 3832 per
1199 3767 1263 3832 qiio
1277 3755 1367 3819 boses
1380 3759 1643 3820 illicssoti'doloe
1654 3764 1732 3818 aunt
1744 3755 1759 3815 l
1773 3762 1832 3818 citt
1847 3760 1921 3837 ovis
1944 3763 2001 3824 de·

219 3847 269 3893 me
286 3835 418 3911 distans,
436 3835 631 3913 rapidissimo
648 3853 739 3897 cursu
756 3837 885 3897 accessit
902 3840 939 3898 ad
957 3837 1081 3912 Solem,
1129 3839 1216 3898 mira
1231 3839 1376 3918 lapidem
1399 3843 1596 3921 angularem
1618 3839 1715 3901 cilis?
1736 3839 1782 3901 Ac
1797 3846 1829 3899 ut
1844 3844 2002 3924 intelliga-

217 3914 312 3991 eique
328 3920 468 3979 sublecta
486 3921 585 3981 tribus
601 3920 685 3980 horis
701 3920 846 3981 tenebras
861 3919 933 3980 iecit
946 3925 974 3990 ιιι
990 3928 1079 3997 terra,
1129 3921 1291 3984 mns.liaec
1305 3941 1396 4003 opera
1412 3928 1655 4002 omnipotentiae
1669 3924 1722 3986 Dei
1736 3924 2002 3990 omnilauocessc

217 4003 247 4060 el
265 4006 332 4076 post
349 3999 417 4062 illas
435 4010 496 4063 tres
514 4003 615 4079 boras,
630 4008 769 4064 eiusdem
783 4020 893 4065 cursus
909 4004 1082 4066 incredibili
1128 4003 1320 4082 dignissima,
1346 4011 1506 4088 subiungit
1522 4009 1625 4071 statim
1641 4011 1722 4068 idem
1738 4005 1902 4080 Dedimus,
1922 4029 2001 4074 ιιιιιι

220 4083 379 4144 ιιιιιιιιιιε
395 4085 538 4146 rediitad
557 4087 670 4156 locum,
688 4089 770 4148 unde
787 4089 985 4160 discesserat,
1003 4105 1081 4162 onae
1121 4103 1178 4149 ‘me
1199 4089 1376 4155 laudarent
1393 4101 1484 4156 ostro
1501 4095 1675 4158 matutino,
1691 4099 1720 4152 et
1736 4089 1917 4156 iubiloreiit
1931 4111 2000 4158 om·

219 4165 320 4227 omnia
339 4171 503 4232 sevidisse
519 4179 609 4247 atque
626 4170 810 4232 observasse
826 4175 995 4232 testatore.
1012 4171 1082 4234 Dio·
1126 4187 1185 4233 nes
1200 4171 1261 4244 tilii·
1290 4175 1371 4251 Dei,
1395 4179 1538 4239 nimirum
1556 4178 1665 4254 Angeli
1681 4179 1803 4248 sancti,
1828 4193 1880 4254 qni
1897 4181 1998 4243 simul

218 4249 326 4328 nysius
353 4249 535 4332 Areopagita
559 4253 588 4314 iii
616 4253 751 4328 Epistola
769 4256 806 4314 ad
823 4271 850 4315 s.
867 4253 1079 4332 Polluerpnm,
1127 4256 1222 4318 creati
1239 4269 1309 4320 sunl
1324 4277 1393 4322 cuin
1411 4263 1511 4338 coelo,
1528 4269 1557 4325 et
1573 4265 1699 4335 lcrra‚el
1712 4267 1785 4321 sunl
1798 4263 1887 4332 nuasi
1901 4281 2000 4339 quae·

218 4340 310 4410 alque
328 4335 386 4395 boc
402 4335 526 4413 quidem
544 4337 729 4400 contrarium
747 4338 869 4415 signum
897 4345 944 4400 εει
965 4341 1080 4417 priori,
1127 4338 1196 4400 dam
1213 4350 1292 4404 astra
1311 4344 1494 4422 spiritualia,
1512 4350 1543 4407 el
1559 4344 1764 4412 lucidissima,
1783 4350 1817 4404 ut
1829 4343 1921 4406 eliam
1939 4347 2001 4410 lilii

217 4420 272 4477 sed
291 4433 351 4479 non
370 4421 473 4481 micus
489 4421 726 4488 admirandum,
752 4439 822 4482 curn
846 4437 945 4499 aeque
969 4439 1079 4484 novum
1128 4421 1182 4484 Del
1208 4430 1357 4488 nominari
1377 4432 1507 4504 possint,
1526 4430 1576 4490 ubi
1597 4428 1738 4489 viderunt
1753 4427 1876 4489 coelum
1891 4437 1923 4490 el
1937 4439 2002 4493 ter·

217 4503 248 4560 el
264 4501 421 4562 insolitum
439 4505 502 4577 sit,
529 4520 563 4564 ac
577 4508 670 4566 lolius
695 4512 820 4567 naturae
838 4511 918 4567 vires
934 4512 1083 4581 exuperat
1128 4523 1190 4568 rani
1208 4525 1245 4570 ex
1261 4510 1356 4571 niliilu
1373 4514 1538 4588 prodiisse,
1556 4519 1586 4574 el
1603 4519 1633 4572 in
1658 4513 1755 4572 uiliilo
1772 4510 1882 4586 positu,
1896 4518 1930 4575 et
1955 4523 2003 4576 ta-

216 4580 331 4644 Lunam
350 4585 484 4663 sistere,
512 4587 560 4648 vel
578 4604 644 4649 eain
663 4595 785 4665 praeter
800 4590 923 4650 solitum
940 4591 1080 4653 incitare.
1127 4606 1198 4651 men
1215 4591 1391 4657 firmissimo
1406 4595 1530 4657 lundata
1545 4611 1640 4672 super
1654 4596 1821 4657 stabilitate
1837 4611 1905 4666 sua,
1924 4615 2001 4661 cum

217 4663 330 4728 Omitto
344 4667 585 4732 illuminationes
597 4687 775 4742 coecorum,
789 4673 988 4734 excitationes
1001 4690 1083 4736 mur·
1128 4675 1245 4753 ingenti
1263 4684 1388 4753 stupore
1405 4684 1435 4740 el
1452 4679 1548 4741 iubilo
1570 4679 1773 4741 laudaverunt
1789 4677 1912 4755 opificis
1929 4697 2001 4744 om-

216 4751 352 4810 tuorum.
370 4758 400 4812 ct
413 4751 469 4813 aliu
488 4751 517 4813 id
541 4771 642 4834 genus
659 4758 802 4833 plurima,
819 4773 898 4833 qnae
922 4757 1004 4818 Deus
1028 4775 1083 4836 per
1128 4758 1341 4832 nipolenliem.
1359 4761 1419 4824 Nec
1443 4767 1543 4824 minus
1560 4765 1745 4840 protundum
1761 4769 1809 4822 est
1823 4764 1861 4822 ad
1881 4766 2000 4829 inlelli-

215 4830 397 4910 Propbelas,
415 4844 445 4898 et
458 4837 632 4913 Apostolos,
650 4843 680 4898 et
700 4840 776 4899 alios
793 4855 900 4902 serios
917 4856 991 4901 enos
1008 4841 1081 4904 Dde·
1127 4841 1286 4914 gendum,
1310 4847 1391 4922 quod
1415 4846 1495 4910 Deus
1511 4846 1578 4910 solo
1595 4848 1758 4910 voluntatis
1773 4845 1908 4922 imperia
1934 4856 1999 4913 lain

215 4915 263 4975 les
281 4917 427 4980 miracula
445 4920 529 4988 iecit,
547 4925 578 4982 et
593 4921 687 4994 lacit,
713 4938 790 4994 once
807 4927 908 4983 emnia
925 4925 1079 4986 clamarit:
1126 4922 1295 4988 immensas
1310 4930 1408 4992 moles
1425 4933 1578 5005 erexerit,
1603 4933 1744 4995 novicius
1760 4943 1842 4990 enim
1859 4929 1893 4992 in
1909 4937 1999 4996 aedi·

219 4995 295 5073 Quis
310 5001 425 5064 similis
439 5003 535 5066 liiiio
547 5004 693 5081 sortibus,
708 5005 859 5066 Domine?
872 5007 926 5066 sed
940 5011 1081 5071 oniitiere
1127 5005 1207 5070 fiolis
1222 5012 1533 5092 sinecompiiratione
1558 5016 1730 5078 minoribus
1745 5063 1753 5092 ‚
1777 5018 1853 5090 ouot
1880 5019 2002 5082 instru-

214 5096 277 5142 ιιι
293 5099 419 5160 possum
437 5104 616 5162 supremum
635 5095 664 5149 et
678 5093 840 5150 maximnm
860 5091 934 5150 illud
952 5091 1082 5152 miracu·
1128 5097 1251 5170 inentis,
1267 5100 1340 5170 iinot
1356 5101 1516 5161 maeliinls.
1535 5105 1609 5172 ouot
1625 5099 1816 5161 administris
1831 5099 2002 5167 architecti

215 5163 291 5239 lain,
309 5170 389 5242 ouod
408 5169 491 5232 Deus
505 5173 648 5233 ostendet
662 5174 692 5233 iii
706 5172 755 5233 die
774 5174 1081 5252 novissimoquando
1127 5173 1295 5255 indigeant,
1314 5198 1384 5258 quis
1399 5185 1491 5260 igilur
1506 5187 1669 5259 cogitando
1685 5193 1891 5262 assequatur,
1916 5203 1998 5265 quc.

214 5263 323 5311 omnes
340 5256 449 5316 monui
467 5254 559 5317 simul
576 5265 759 5334 resurgent,
783 5273 852 5318 cuin
878 5259 1078 5333 plurimorum
1127 5261 1218 5320 modo
1236 5261 1299 5325 Dori
1317 5264 1425 5341 possit,
1442 5271 1475 5330 ul
1489 5269 1553 5328 solu
1573 5270 1692 5330 interna
1708 5272 1888 5343 voluntale,
1914 5287 1999 5348 quae

211 5348 340 5409 corpora
357 5335 387 5396 in
406 5341 527 5400 cineres
545 5341 678 5412 redacta,
698 5348 728 5402 et
751 5343 904 5414 disperso,
923 5343 967 5402 vel
985 5360 1000 5403 u
1026 5345 1077 5402 be·
1126 5348 1208 5403 ertia
1225 5347 1376 5407 volentem
1394 5363 1454 5409 non
1470 5353 1636 5429 egreditur,
1654 5367 1747 5430 opera
1762 5359 1820 5413 taur
1838 5353 1999 5418 immensa

212 5416 283 5478 silis
299 5418 459 5498 absumpta
476 5468 483 5490 ,
509 5430 538 5482 el
555 5423 583 5482 in
600 5422 657 5485 alia
674 5434 765 5501 alque
786 5425 843 5484 elia
861 5442 987 5500 corpora
1005 5441 1077 5486 eun·
1116 5432 1155 5486 et
1172 5433 1229 5488 lam
1248 5435 1325 5490 varia
1343 5429 1440 5494 flant?
1463 5433 1541 5496 Diali
1563 5435 1659 5510 Deus,
1685 5440 1791 5515 utique
1808 5437 1889 5514 apud
1908 5439 2000 5517 scip·

212 5513 298 5560 versa
317 5501 490 5570 luminaret
503 5504 596 5568 etiam
610 5509 638 5566 ln
655 5507 751 5568 bortis
764 5506 944 5585 campisque
957 5510 1075 5588 sepulto
1123 5525 1277 5576 sumnam
1294 5511 1426 5578 Verbum
1443 5516 1497 5579 Del
1514 5527 1561 5580 est
1574 5523 1602 5580 ic
1621 5519 1731 5588 Decet
1745 5527 1792 5582 est
1810 5521 1876 5598 ipse
1893 5519 1996 5602 Deus,

212 5580 244 5641 in
262 5582 374 5646 barbas
389 5590 487 5649 varias
502 5592 710 5652 lrunslormala
729 5591 918 5668 transierint,
933 5597 1002 5668 ouis
1016 5592 1076 5653 An·
1122 5594 1209 5668 dirll,
1227 5598 1361 5674 inquam,
1380 5599 1526 5674 iubendo,
1545 5605 1575 5664 el
1596 5606 1799 5680 exprimendo
1823 5608 2000 5682 imperium

209 5664 350 5742 gelornm
370 5687 428 5733 non
445 5673 731 5749 obstupescel,cum
747 5674 856 5737 viderit
869 5681 898 5736 ln
914 5673 975 5736 inlu
994 5675 1077 5740 oculi
1124 5675 1286 5740 volontatis
1302 5679 1354 5744 flat
1370 5685 1490 5746 coelum
1507 5731 1515 5758 ,
1537 5689 1570 5749 'el
1586 5687 1697 5749 lartuin
1715 5691 1764 5750 est
1778 5687 1916 5762 eoelum,
1944 5690 2001 5754 ilat

210 5748 251 5820 tiit
266 5751 486 5840 omnipotentis
500 5755 666 5844 impurium
692 5765 736 5826 tot
756 5759 852 5826 millia
874 5759 1005 5828 millium
1019 5759 1075 5828 bu·
1125 5763 1219 5844 teria,
1235 5766 1266 5832 et
1281 5761 1357 5832 lucta
1374 5773 1421 5834 est
1437 5775 1539 5856 terra3
1562 5768 1615 5840 tiit
1628 5771 1681 5840 tua
1702 5770 1768 5860 Sol,
1784 5770 1860 5842 ιιιιι
1879 5775 2001 5858 stellae
