4086 6258
812 350 917 410 tinen
937 350 1072 411 unibus
1663 355 1716 415 109

51 479 222 542 modicum
235 496 376 560 parcns,
403 485 433 544 et
454 482 603 560 deinceps
626 481 905 548 exterminabitur.
951 484 1037 555 cilcs,
1054 501 1130 564 quse
1146 483 1195 546 ills
1210 485 1268 547 rita
1283 485 1486 564 comitantur,
1510 486 1593 565 irae,
1609 487 1702 556 rixae,
1719 487 1793 550 inii·

51 555 135 640 (Iac.
153 558 198 645 i.)
214 561 377 638 apostotus
402 571 527 636 autem,
550 567 600 644 qui
616 566 825 644 pravissimam
839 583 907 628 cru·
952 567 1036 628 dinei
1051 584 1111 628 non
1127 573 1199 630 sunt
1212 569 1277 630 riae
1292 567 1443 646 difficiles,
1459 585 1575 649 opera,
1592 585 1670 648 quae
1685 587 1722 633 cx
1745 573 1792 632 bis

51 661 125 704 cem
144 653 282 723 portasse
297 646 427 720 ridetur,
443 654 474 710 et
489 653 624 727 tempore
646 649 721 710 satis
742 649 845 728 longo,
868 650 906 713 ab
951 648 1033 712 ritlis
1048 657 1224 725 nascuntur,
1239 651 1793 730 proditiones,convitia,coulumcliac

49 726 263 790 adolescentia
279 727 422 792 videlicet
436 731 583 808 usquead
599 738 906 800 seneclutemnamen
950 731 1086 801 uulnera.
1104 733 1233 796 marias?
1248 734 1302 794 isto
1317 740 1400 796 oeric
1411 733 1563 798 eiusmodi
1583 741 1665 810 suut,
1683 740 1714 797 ιι
1729 749 1792 797 ιιι

51 825 102 870 src
121 809 255 886 loquitur
270 811 300 872 iu
322 808 456 890 Epistola
472 814 508 874 ad
526 811 709 875 Corinthios:
734 813 905 877 Momentu-
952 831 1018 878 rara
1033 813 1154 896 adigant
1169 815 1320 888 homines,
1339 819 1370 877 ιι
1385 816 1586 895 desperantes
1601 816 1660 894 ipsi
1675 817 1734 878 sibi
1749 817 1792 879 nl·

50 907 158 954 neum
172 893 243 969 ιιι,
260 900 289 954 ct
304 894 369 956 teuc
390 895 611 959 tribulationis
635 899 764 959 nostrae
779 942 788 971 ,
804 913 906 975 supro
951 905 1009 957 ium
1025 898 1173 972 auferant,
1196 904 1227 961 ιι
1242 901 1275 960 ιι
1288 913 1408 961 crucem
1431 915 1520 962 uuam
1544 898 1709 980 effugiant,
1732 899 1793 979 ipsi

49 977 192 1038 :stadum
207 978 243 1038 in
254 976 448 1040 sublimitate
460 985 630 1040 aeteruum
639 977 764 1058 pieriae
776 981 905 1058 pondus
951 994 1072 1042 crucem
1089 979 1253 1057 graviorem
1268 987 1437 1044 accersunt.
1545 979 1547 984 '

52 1061 264 1132 operatorio
279 1059 370 1122 nobis
385 1056 430 1143 (2.
448 1061 518 1122 dar.
531 1056 579 1142 1.)
591 1060 646 1123 Ubi
664 1067 817 1124 momento
830 1063 907 1125 indi·
992 1062 1050 1124 Sed
1066 1061 1139 1141 quid
1156 1062 1276 1124 tandum
1292 1061 1367 1126 lucri
1383 1079 1457 1127 crux
1470 1062 1676 1142 improborum
1690 1061 1792 1142 parit?

51 1142 172 1201 visibili
189 1149 341 1219 comparet
355 1159 451 1226 annos
467 1142 670 1206 tribulationis
682 1158 773 1223 supra
787 1143 905 1225 triqiuta
951 1159 1041 1219 quem
1058 1145 1185 1206 trucium
1198 1143 1389 1210 cuerrtcerto
1401 1145 1472 1210 boni
1484 1143 1599 1224 aliquid
1611 1143 1718 1208 :neree
1730 1161 1793 1208 nan

53 1233 85 1281 rt
104 1223 203 1285 leram
219 1223 445 1288 tribulationem
470 1225 556 1300 dicit,
572 1225 690 1287 esurire
705 1271 712 1296 .
736 1225 833 1304 sitire,
851 1243 905 1290 nu·
952 1232 1061 1300 polest.
1079 1227 1225 1303 quianon
1249 1227 1364 1289 iaciunt
1378 1227 1483 1307 spinae
1498 1244 1591 1294 uvas.
1608 1243 1665 1290 neo
1688 1227 1791 1292 tribuli

51 1305 130 1366 dom
145 1322 226 1380 csse,
243 1304 288 1393 (l.
303 1306 372 1371 Cor.
389 1304 436 1388 1.)
451 1306 589 1380 colaplris
604 1307 701 1378 caedi,
718 1312 905 1387 persecutio·
950 1310 1039 1371 licus.
1055 1307 1162 1392 lupum
1179 1307 1297 1371 Domini
1313 1312 1443 1388 quietem
1459 1310 1565 1386 alieri,
1586 1310 1708 1374 dicente
1723 1312 1791 1388 ipso

53 1403 127 1450 ιιιι
146 1391 270 1452 assidue
285 1391 368 1466 pati.
391 1396 437 1454 ter
450 1391 543 1468 virgis
560 1389 656 1452 tuisse
678 1406 801 1454 caesum
816 1409 831 1452 a
848 1391 904 1454 Ito·
950 1389 1088 1452 Domina:
1105 1391 1210 1454 Tollite
1223 1391 1337 1470 iupum
1352 1408 1460 1457 :neum
1471 1408 1569 1472 super
1580 1407 1646 1466 aas,
1663 1399 1691 1455 et
1705 1393 1791 1456 iuue-
1813 1383 1822 1402 ¹

51 1472 170 1544 inanis,
188 1472 232 1546 (2.
251 1469 319 1534 Gor.
338 1468 404 1554 ιι.)
428 1473 593 1551 quinquies
615 1471 800 1547 flagellatum
822 1473 902 1538 aiu·
948 1471 1043 1536 uictis
1063 1477 1217 1554 requiem·
1229 1472 1401 1538 animabus
1421 1478 1542 1538 cestrie.
1558 1474 1659 1556 (Mati.
1677 1476 1725 1536 11.
1741 1473 1791 1538 ιι-

52 1555 157 1626 dacis,
172 1554 445 1631 semellapidatum
462 1553 568 1631 luisse,
594 1563 638 1616 lor
660 1556 847 1635 naufragium
862 1555 904 1620 ie·
948 1571 1019 1634 gum
1035 1557 1160 1630 diaboli,
1177 1557 1258 1634 quad
1283 1563 1331 1618 cst
1355 1554 1465 1620 Christi
1490 1559 1561 1636 iuqo
1585 1557 1783 1635 contrarium,

53 1637 152 1698 cisse.
167 1637 304 1714 Denique
320 1645 470 1699 versatum
488 1639 517 1697 ia
534 1637 690 1699 laboribus
703 1639 853 1716 plurimis,
872 1642 902 1704 in
950 1637 1023 1716 quid
1040 1636 1147 1700 afferre
1164 1643 1275 1716 potest,
1293 1638 1351 1700 nisi
1367 1638 1623 1711 solticitudinem,
1646 1645 1675 1701 ιι
1688 1646 1791 1702 auxio·

51 1723 233 1782 carceribus
253 1719 470 1787 abundantius.
489 1719 520 1780 in
536 1721 633 1800 pleps
649 1723 877 1797 supramodum
894 1771 902 1794 ,
950 1720 1057 1781 latomi
1077 1720 1115 1784 let
1136 1722 1216 1799 quad
1240 1721 1374 1782 amnium
1397 1721 1607 1799 pravissimum
1624 1728 1691 1796 cst,
1718 1739 1791 1784 crux

55 1803 88 1862 in
106 1803 257 1864 mortibus
273 1800 460 1879 [requenter.
479 1801 561 1875 Quae
582 1802 674 1880 igilur
695 1802 905 1868 tribulationes
947 1800 1056 1865 Cbristl
1082 1805 1194 1883 gradus
1219 1810 1267 1866 est
1289 1804 1325 1863 ad
1349 1805 1565 1882 sempiternum
1587 1803 1783 1866 felicitatem:

50 1900 163 1956 proras
175 1883 234 1946 dici
250 1889 404 1960 poterunt,
428 1883 454 1946 si
477 1885 552 1946 isiae
575 1885 658 1946 lenes
673 1899 742 1948 rere
758 1887 902 1950 dicuntur
948 1883 1090 1962 Oportait
1104 1887 1184 1948 euim
1208 1887 1278 1965 poti
1293 1883 1471 1956 crustum.
1489 1897 1518 1948 ct
1541 1887 1588 1949 ita
1612 1889 1788 1948 intrarem

51 1971 85 2026 et
100 1967 188 2028 sunit
204 1965 292 2043 Quid.
310 1965 337 2028 si
352 1965 471 2034 addam,
482 1967 628 2030 iustorum
639 1983 761 2030 crrrccm
780 1983 899 2033 nauso·
945 1967 1083 2044 pluriam
1096 1983 1201 2030 suant.
1217 1967 1309 2056 (Luc,
1322 1964 1387 2049 21.)
1400 1968 1477 2032 Crux
1492 1968 1603 2031 diaboli
1616 1975 1727 2048 qradus
1743 1975 1791 2031 cst

52 2046 118 2109 lum
135 2051 231 2112 levem
249 2063 330 2121 esee,
343 2051 398 2110 scd
412 2047 501 2110 etiam
514 2065 637 2112 suarem
659 2057 689 2110 ct
705 2051 838 2127 dulcem,
861 2051 901 2114 ob
946 2049 984 2110 ad
1000 2056 1119 2111 aeterna
1134 2049 1344 2125 supplicique
1359 2051 1440 2113 eninr
1456 2054 1537 2114 dicei
1553 2051 1584 2113 in
1601 2049 1714 2113 iudicia
1728 2050 1788 2112 llo·

51 2131 354 2205 strperabundrmem
370 2131 463 2193 divini
489 2131 615 2210 spiritus
631 2132 871 2194 oansolationem
885 2136 899 2195 ι
947 2137 1064 2193 minus:
1081 2131 1270 2194 disceditea
1282 2149 1333 2194 mc
1346 2135 1507 2197 maledicti
1518 2138 1555 2197 in
1566 2135 1675 2212 ipnem
1690 2141 1790 2196 aeler-

52 2213 194 2275 Clrcistus
215 2215 282 2292 ipse
304 2215 343 2276 dc
356 2213 428 2292 iugo
443 2230 512 2286 suo,
536 2215 616 2292 quod
640 2222 669 2276 et
684 2231 757 2276 crux
772 2216 832 2277 diei
850 2234 902 2295 pu·
945 2230 1036 2277 auur.
1053 2215 1110 2294 qai
1122 2225 1256 2290 paratus
1271 2223 1315 2276 oet
1330 2216 1478 2289 diabolo,
1502 2223 1530 2279 et
1555 2217 1678 2295 anpelis
1706 2217 1786 2279 ciue.

54 2305 114 2356 test
145 2297 182 2358 ιιι
198 2300 383 2369 pronuntiat:
410 2294 527 2376 lupum
552 2311 658 2360 mcum
671 2313 769 2360 succe
785 2307 829 2360 rot
842 2323 854 2375 ,*
874 2307 903 2363 ιι
945 2295 1069 2371 (diutile
1085 2297 1150 2375 25.)
1166 2301 1219 2369 dui
1243 2313 1315 2376 ergo
1338 2303 1480 2375 sapiunt,
1507 2313 1566 2360 naa
1591 2301 1737 2377 quaerant
1750 2300 1789 2360 de

50 2396 137 2442 ιιιιι
151 2395 257 2442 mcum
273 2379 348 2443 leae.
368 2377 468 2444 llicit.
486 2374 551 2460 12.)
565 2387 593 2440 ιι
605 2381 690 2441 alibi:
706 2380 875 2456 plorabitis
890 2429 898 2458 ,
946 2394 1037 2440 cruce
1052 2396 1104 2441 sur
1117 2379 1345 2456 descenderem
1357 2397 1425 2442 cum
1439 2380 1557 2443 cbristo
1571 2379 1706 2442 craciilxl
1717 2385 1790 2442 suat

50 2470 81 2522 ct
97 2461 211 2540 [labilis
223 2475 276 2524 aas
287 2461 429 2526 mundus
441 2468 548 2524 autam
558 2462 778 2540 paudcbitmas
790 2469 898 2528 autem
947 2467 978 2522 ut
993 2463 1083 2523 stulte
1100 2464 1198 2525 innius
1210 2464 1286 2525 latro
1299 2463 1459 2540 qnaesivit,
1474 2468 1529 2524 scd
1547 2465 1649 2538 potius
1664 2478 1732 2524 cum
1747 2461 1789 2524 la·

54 2543 348 2614 contristabimini,
374 2546 432 2608 aed
453 2545 581 2607 tristitia
594 2551 698 2608 uestra
713 2553 851 2609 norietur
864 2547 901 2610 in
947 2551 1032 2604 trane
1055 2545 1134 2606 bona
1157 2545 1242 2607 lateri
1264 2543 1376 2606 Cbrlsri
1397 2545 1528 2607 libenter
1548 2545 1739 2622 inhaereant,
1757 2551 1787 2606 ei

51 2630 226 2697 paediam:
244 2635 272 2688 et
285 2627 445 2704 paudium
457 2634 594 2690 uestrum
610 2643 704 2690 nemo
719 2628 804 2690 tollet
815 2645 836 2690 a
849 2646 902 2692 ua·
947 2627 1121 2704 patientiam
1135 2631 1287 2704 postulent
1300 2644 1316 2689 a
1331 2627 1407 2705 Deo,
1425 2643 1484 2690 noa
1501 2628 1537 2688 dc
1554 2643 1644 2691 crure
1660 2628 1790 2688 deseen-

53 2709 113 2770 bis.
132 2706 238 2790 (laarr.
253 2707 301 2770 16.
318 2707 355 2770 Et
371 2708 545 2782 Apostolus.
556 2709 695 2786 repictus
707 2725 778 2771 aum
794 2727 902 2773 conso·
945 2724 1026 2771 sum.
1043 2708 1092 2772 Sic
1109 2712 1190 2772 enim
1206 2710 1325 2773 cbristo
1346 2711 1586 2788 compatientes,
1613 2708 1731 2771 Cirristo
1746 2715 1790 2769 ct·

53 2793 189 2866 latione,
205 2793 434 2870 superabunda
450 2793 571 2866 paucio
596 2794 633 2854 in
657 2793 747 2854 orani
771 2794 902 2857 tribula·
944 2789 1003 2851 iam
1021 2793 1263 2871 conregnabunt,
1280 2793 1403 2856 dicento
1416 2791 1573 2863 Apostolo:
1589 2790 1627 2853 Si
1639 2794 1791 2868 compati·

54 2878 144 2935 tiarrc
159 2881 282 2936 nostra.
299 2869 343 2956 (ι.
362 2871 430 2936 Gar.
447 2871 493 2956 1.)
508 2873 647 2952 Denique
669 2893 790 2936 crucem
807 2879 902 2940 iusto·
944 2887 1020 2936 mur
1034 2881 1062 2936 ct
1086 2874 1411 2952 complaciticabirnur.
1437 2872 1542 2956 (liorn.
1565 2870 1611 2956 5.)
1637 2872 1693 2947 Qui
1717 2889 1789 2937 vera

55 2973 123 3016 rain
143 2972 201 3018 noa
218 2957 315 3019 solurn
333 2956 454 3018 brevem
471 2965 501 3018 el
517 2962 612 3019 terem
629 2972 710 3022 csse.
734 2959 787 3018 sed
811 2959 901 3022 etiarn
945 2970 1066 3019 crucem
1079 2957 1192 3018 diaboli
1210 2959 1363 3036 patiuntur
1379 3004 1387 3034 ,
1402 2957 1428 3020 si
1443 2958 1564 3037 sapiunt
1577 3003 1585 3033 ,
1600 2972 1666 3020 cam
1690 2959 1788 3033 primo

56 3039 244 3114 irapiiemrn,
261 3039 449 3115 altissimum,
466 3037 732 3102 ioccundissimam
749 3039 899 3103 tractuum
945 3053 1067 3116 auoque
1090 3045 1225 3117 tempore
1242 3047 1412 3117 permutare
1433 3047 1593 3118 satagant:
1616 3043 1743 3115 malent,
1759 3039 1786 3102 si

54 3133 239 3198 optimarum
256 3138 325 3182 esse
340 3124 441 3202 orgari
460 3139 519 3183 non
537 3127 647 3199 polest,
665 3139 731 3190 rum
756 3123 900 3186 {lominus
925 3119 1059 3196 *aliquid
1075 3123 1200 3184 luminis
1221 3121 1251 3184 in
1273 3121 1348 3198 ipsis
1370 3129 1428 3194 esi,
1452 3121 1589 3198 quinque
1610 3121 1679 3199 iuga
1696 3121 1787 3182 baum

56 3211 162 3266 noster
173 3207 366 3281 apertissime
378 3205 458 3267 dicat
469 3206 548 3284 apud
561 3205 899 3269 sanctumbluttlrocum:
946 3197 1036 3282 (buc.
1055 3202 1118 3283 it.)
1134 3221 1201 3265 cum
1215 3219 1276 3266 una
1288 3204 1397 3267 cbrisn
1415 3206 1497 3284 iuga.
1513 3203 1586 3282 lupa
1602 3203 1789 3281 boumquia·

52 3287 146 3348 Beati
158 3287 214 3366 qai
224 3289 477 3365 persecutiauem
487 3289 656 3367 patiantur
666 3297 796 3368 proptor
809 3292 899 3351 iusti·
945 3299 1004 3362 que
1019 3285 1094 3348 nibil
1106 3286 1190 3358 uliud
1204 3283 1376 3366 significare
1390 3287 1538 3355 ridentur.
1556 3285 1612 3347 niel
1624 3285 1746 3348 labores
1758 3293 1788 3348 ct

56 3371 147 3430 tium:
165 3369 321 3449 quonlam
336 3370 481 3450 ipsorum
497 3375 542 3432 eat
566 3368 710 3448 Repuunr
736 3372 899 3435 caelorum
944 3367 1159 3447 dolores.quos
1171 3368 1447 3432 tolcraotbamincs
1462 3369 1592 3445 improbi
1606 3374 1638 3431 ul
1650 3370 1786 3446 quinque

56 3453 179 3526 (ιιιιιιι.
193 3449 239 3530 5.)
263 3459 293 3513 et
307 3454 471 3528 Apostolus
487 3453 517 3513 ln
533 3453 661 3533 epistola
683 3455 720 3513 ad
748 3453 900 3516 Rornanos
945 3450 1089 3513 sensibus
1104 3452 1204 3514 carnis
1229 3467 1303 3514 suae
1325 3451 1598 3515 deservientium
1624 3464 1694 3512 reru
1719 3468 1787 3513 oum

53 3534 254 3598 clunicullon
265 3541 340 3598 suut
351 3535 707 3615 coudipnacpussiones
718 3535 901 3600 buiustem·
945 3547 1005 3594 uno
1023 3533 1133 3596 Christi
1148 3535 1220 3614 iugo
1235 3533 1321 3596 suari
1334 3550 1369 3596 aa
1384 3534 1453 3607 leri,
1469 3535 1604 3612 quinque
1616 3533 1683 3612 iuga
1695 3532 1787 3596 boum

55 3620 144 3694 paris
159 3619 202 3678 ad
215 3616 362 3688 buturum
377 3619 536 3696 pluriam,
553 3632 637 3698 quae
650 3616 845 3682 reuelobitur
864 3622 902 3682 in
945 3622 1178 3690 commutantur,
1193 3631 1261 3678 eam
1274 3617 1365 3678 bomo
1380 3617 1513 3693 labores,
1535 3632 1614 3692 quos
1630 3623 1787 3694 peccando

53 3699 146 3762 :rabis
168 3697 271 3784 (Rom.
289 3699 334 3778 e.)
356 3701 407 3761 Coi
429 3703 594 3763 concordat
613 3706 808 3776 coapostolus
833 3703 901 3766 cius
946 3699 1102 3775 tolerabat,
1116 3701 1146 3761 in
1160 3699 1281 3762 labores
1296 3699 1454 3778 augendae
1469 3701 1695 3778 paenitentiae,
1719 3697 1783 3760 Deo

58 3788 174 3852 betrus.
192 3799 259 3843 ιυιι
273 3781 324 3843 nii:
343 3781 622 3845 Communicamus
639 3778 754 3845 clirico·
778 3787 898 3861 passio·
944 3778 1062 3843 iurante
1078 3787 1239 3862 permutat.
1253 3780 1338 3844 Felix
1354 3781 1545 3858 animaequae
1561 3797 1682 3844 caraem
1699 3795 1785 3843 suam

54 3866 150 3928 nibus
161 3865 349 3944 paudetcut
360 3862 731 3944 inreoelatioueplariae
742 3869 809 3929 cius
820 3884 900 3946 pau·
945 3879 1012 3924 cum
1027 3864 1107 3926 titiis
1129 3873 1159 3927 cl
1173 3864 1432 3942 concupiscentiis
1447 3861 1623 3944 crucifigere
1643 3863 1736 3930 notit.
1754 3869 1785 3926 et

55 3951 159 4010 deuiis
175 3948 367 4010 exultanter.
385 3946 429 4024 (1.
446 3947 529 4011 Ριιι.
542 3947 589 4027 1.)
944 3961 1019 4022 quas
1033 3947 1179 4026 pecunius
1194 3948 1224 4008 iu
1247 3947 1408 4023 explendis
1422 3945 1639 4024 cupiditatibus
1655 3949 1788 4009 insuma-

96 4029 158 4092 lam
174 4045 244 4092 tero
259 4031 340 4108 qaod
357 4047 431 4092 crux
448 4031 653 4109 improborum
669 4029 705 4092 sit
722 4031 899 4109 longissima
945 4027 1006 4099 bnt,
1023 4029 1051 4089 in
1068 4030 1272 4109 eleemosynis
1287 4027 1436 4091 iaciendis
1450 4031 1605 4091 insumere
1620 4030 1782 4091 assuescit:

56 4112 219 4175 durissima
232 4119 261 4174 el
275 4110 342 4174 sine
355 4113 417 4175 ullo
431 4114 565 4191 praemio
577 4115 622 4176 rel
636 4114 833 4188 lructu,nulia
848 4131 900 4176 ne·
945 4117 973 4169 et
989 4127 1064 4187 quas
1080 4112 1169 4174 boras
1186 4111 1332 4187 perdebat
1348 4117 1377 4173 in
1394 4112 1575 4175 comitandis
1597 4118 1646 4173 rut
1668 4111 1790 4174 visitan-

58 4195 142 4270 qolio
157 4196 357 4258 demonstrati
373 4199 483 4272 polest.
499 4195 583 4258 Certe
598 4212 671 4258 crux
692 4196 761 4257 mali
776 4195 901 4259 latronis
943 4191 992 4253 dis
1006 4198 1124 4274 magnis
1139 4196 1221 4261 viris.
1236 4194 1451 4257 molestissima
1466 4193 1631 4257 ambitione
1642 4199 1785 4270 cogente,

58 4291 119 4339 nan
136 4293 204 4338 cum
222 4276 380 4357 temporali
397 4280 453 4340 rita
469 4276 558 4340 linem
575 4280 703 4354 accepit.
728 4285 759 4339 ut
774 4294 844 4340 crux
860 4279 901 4340 la·
944 4291 997 4335 cas
1013 4278 1042 4336 in
1056 4277 1191 4340 aratione
1205 4277 1254 4339 rel
1275 4289 1358 4338 seura
1374 4277 1506 4339 lectione
1529 4277 1681 4339 consumit
1695 4311 1713 4350 ,·
1727 4291 1790 4338 om·

59 4358 152 4420 tronis
165 4360 249 4437 bani;
265 4361 319 4422 sed
336 4375 432 4438 usqua
448 4362 484 4420 ad
500 4361 579 4421 banc
593 4361 673 4422 diem
689 4361 768 4435 apud
785 4360 899 4424 inieras
943 4356 1057 4420 blenda
1071 4359 1194 4440 gratiam
1210 4356 1264 4422 lici
1279 4367 1310 4421 et
1325 4359 1496 4436 Principum
1513 4357 1616 4421 curiae
1631 4357 1788 4429 coelestis,

55 4443 899 4525 commoriaturetipnisroramnourmtinpueturdsa.
944 4441 990 4501 sic
1004 4441 1084 4503 enim
1101 4458 1173 4504 crux
1188 4442 1257 4504 mali
1274 4441 1401 4503 latronis
1414 4457 1484 4502 cum
1501 4440 1610 4503 christi
1626 4456 1718 4502 cruce
1731 4440 1784 4516 ,id

57 4524 124 4606 66.)
138 4524 172 4587 br
186 4541 260 4587 crux
274 4525 374 4587 dirius
395 4521 484 4608 (ιιι.
501 4523 568 4596 16.)
587 4525 758 4604 lipulonis.
786 4525 815 4587 id
837 4533 896 4602 est,
944 4530 1003 4594 esi,
1020 4540 1094 4586 crux
1106 4540 1203 4604 graiis
1219 4530 1249 4586 ιι
1263 4523 1390 4600 sterilis,
1407 4540 1476 4586 cum
1492 4539 1585 4588 cruce
1605 4522 1662 4586 leri
1678 4528 1708 4585 et
1729 4524 1788 4586 lru-

55 4610 123 4670 sitis
138 4609 385 4669 cumulandarum
401 4624 506 4684 opum,
524 4624 599 4686 quas
614 4609 756 4671 dominus
771 4607 892 4686 (notra.
943 4614 1046 4668 ctuosr
1063 4613 1203 4670 motatur.

58 4689 124 4767 13.)
139 4705 206 4754 cum
224 4689 321 4768 spinis
336 4691 496 4753 verissima
517 4693 719 4770 compararit,
742 4707 819 4768 queo
834 4691 901 4754 sinc
983 4687 1151 4756 Prudenter
1172 4689 1296 4752 omnino
1321 4689 1402 4766 apud
1418 4695 1555 4751 suacium
1582 4687 1786 4767 Augustinum

10 4847 12 4852 ¹
55 4773 194 4835 molestia
210 4773 328 4834 tractari
344 4778 373 4833 at
388 4775 558 4836 conservari
576 4790 635 4836 non
653 4781 854 4846 possuntnon
868 4777 897 4836 in
944 4769 1032 4832 milas
1047 4773 1210 4835 honoratus
1231 4787 1305 4852 cum
1321 4787 1378 4834 suo
1403 4771 1610 4835 commilitone
1635 4771 1674 4833 de
1695 4786 1788 4832 crucc

57 4863 153 4918 morte
169 4855 207 4916 ιιι
223 4861 249 4916 ιι
266 4861 360 4918 estut
372 4873 443 4919 crux
457 4854 558 4918 Lazari
572 4855 714 4920 mandit-i:
732 4857 785 4918 sed
801 4859 837 4918 ad
855 4858 897 4918 in·
944 4854 1085 4916 mutanda
1102 4856 1146 4915 sic
1160 4854 1344 4930 disserebat,
1367 4855 1422 4917 ilic
1438 4869 1558 4935 quaero
1580 4859 1620 4931 tc,
1637 4853 1787 4916 amnibus

58 4941 139 5000 ieros
151 4952 219 5000 curn
236 4939 375 4999 comitata
389 4943 534 5016 perpetuo
548 4937 653 5001 urilaa
665 4947 792 5016 torquet.
806 4957 840 5000 ac
856 4941 898 5000 di·
941 4935 1010 4998 ielis
1026 4936 1187 5001 laboribus
1202 4939 1329 5014 postris.
1343 4953 1406 5018 qua
1422 4936 1581 4999 ambimus
1602 4937 1789 5016 perueniret

53 5037 122 5084 cere
137 5021 228 5099 cogit.
245 5019 364 5082 liriaam
379 5037 475 5098 aquae
487 5027 568 5102 putta
586 5023 719 5099 linquam
733 5035 829 5084 meam
852 5039 897 5083 rc·
941 5021 1023 5096 quid
1035 5019 1389 5100 quaerimusicuiusrci
1401 5035 1501 5081 cuasa
1512 5020 1788 5081 militamusimu·

53 5103 206 5180 iripcrnret
221 5148 228 5178 ,
245 5102 326 5182 quia
346 5104 525 5166 cruciaria
546 5103 607 5166 boc
627 5103 776 5186 (lamma.
795 5105 895 5174 (ιιι.
940 5102 991 5164 iar
1002 5117 1045 5164 aa
1060 5118 1125 5165 essa
1137 5103 1253 5180 poterit
1264 5119 1335 5182 spes
1348 5109 1460 5166 nostra
1485 5105 1519 5162 iu
1533 5103 1669 5178 patruo,
1686 5117 1788 5181 quam

55 5185 118 5265 16.)
132 5183 237 5262 Itaque
253 5203 325 5246 crux
340 5183 547 5263 improborum
565 5187 655 5249 linem
681 5187 794 5249 nullum
811 5187 894 5249 inte·
940 5191 973 5246 ut
985 5184 1083 5248 arnici
1098 5185 1303 5264 imperatoris
1316 5187 1427 5250 simnia.
1445 5191 1473 5248 ct
1486 5183 1534 5246 ibt
1545 5186 1623 5264 quid
1637 5199 1705 5247 nan
1718 5183 1786 5261 sra-

55 5270 129 5331 aiet.
146 5268 181 5330 El
197 5271 226 5329 in
244 5268 302 5329 boc
323 5267 391 5344 ipso
408 5275 564 5346 temporo,
587 5286 676 5348 quarn
699 5269 739 5331 sit
752 5271 851 5348 gratis
866 5276 895 5332 ιι
938 5267 1013 5346 pile,
1031 5268 1225 5348 plenumque
1238 5269 1417 5348 periculis?
1433 5277 1461 5328 et
1474 5281 1533 5346 por
1547 5271 1623 5348 quot
1637 5267 1786 5344 pericula

53 5365 172 5428 aspero,
189 5355 335 5413 leslrnlur
347 5365 437 5413 rores
455 5351 666 5430 illorumquos
681 5353 757 5414 liber
772 5351 896 5431 Sapien·
938 5352 1124 5429 peruenitur
1138 5351 1351 5430 adprenditis
1366 5351 1566 5426 periculum,
1583 5357 1611 5411 et
1626 5351 1787 5428 quamdiu

52 5437 109 5496 tine
124 5436 323 5496 lamentantes
338 5433 511 5496 introducit:
526 5433 650 5498 bassati
663 5451 774 5498 aunrrcs
789 5436 825 5499 in
840 5436 895 5499 cia
938 5434 1025 5495 istud
1036 5433 1110 5496 erit?
1121 5433 1247 5498 Amicus
1262 5441 1369 5497 nulum
1381 5433 1438 5496 Dei
1449 5435 1477 5494 ei
1487 5433 1615 5495 ualuere
1631 5447 1784 5503 caruccae

51 5519 229 5594 iniquitatis
244 5521 272 5576 cl
285 5517 476 5594 perditionis
491 5563 498 5587 ,
525 5521 554 5578 ct
569 5519 802 5584 ambulabimus
824 5521 895 5582 aios
937 5515 1091 5592 nuncia.
1105 5514 1186 5599 (Lib.
1201 5515 1232 5579 8.
1251 5515 1388 5594 danicos.
1405 5533 1477 5596 cap.
1495 5512 1541 5598 6.)
1558 5517 1633 5576 baec
1649 5515 1713 5586 ilie,
1729 5514 1785 5592 qui

52 5601 206 5679 rlifficilcs.
222 5593 313 5682 (Sap.
331 5597 378 5676 5.)
395 5600 489 5674 Ouidi
501 5617 537 5663 an
556 5617 614 5663 non
629 5613 699 5666 sunt
710 5603 775 5664 rinc
788 5600 893 5664 dilllci·
939 5601 1173 5676 prudentissime
1189 5599 1343 5671 iudicouit,
1358 5600 1480 5662 labores
1497 5599 1526 5660 in
1543 5597 1703 5660 ambienda
1717 5612 1784 5676 qra-

52 5685 109 5761 lcs,
127 5683 261 5757 ambitio,
279 5685 412 5762 auaritia,
431 5683 566 5748 luxuriat
580 5700 640 5748 non
654 5691 726 5748 suni
739 5685 804 5748 rina
816 5683 891 5748 atlt-
938 5683 977 5746 ιιι
991 5681 1185 5763 Imperatoris
1201 5683 1441 5762 pravissimorum
1456 5681 1661 5762 longissimas,
1676 5686 1706 5744 ιι
1718 5693 1784 5744 eae·
