4056 6260
767 334 1053 412 cmaaomirrus
1652 291 1715 406 ἰιι

21 475 72 538 liis
89 523 97 553 ,
120 483 191 538 otim
208 474 281 541 ait:
308 447 429 556 Omnis,
453 481 513 561 qui
533 481 572 545 iii
584 463 690 561 oporte
704 477 883 555 contendit,
931 477 1033 544 cordis
1047 476 1193 553 caecitas,
1210 476 1263 560 qui
1279 467 1349 543 cum
1370 477 1449 544 nihil
1463 461 1574 544 borum
1588 462 1714 562 iaciant,
1726 488 1782 555 sed

22 559 64 622 ob
88 559 240 624 omnibus
261 577 294 624 se
317 559 478 626 obstinet:
496 571 525 628 et
539 565 591 628 titt
603 564 748 644 quidem,
765 570 802 626 iit
818 579 885 627 cor·
931 572 1034 627 contra
1048 565 1151 640 potius
1166 578 1227 625 nnn
1241 561 1341 626 solum
1357 581 1373 628 a
1389 564 1484 628 rebus
1498 563 1603 640 licitis,
1621 567 1677 631 sed
1694 569 1783 636 eliam

20 643 209 722 iiiptihitcm
221 662 377 710 coronam
389 649 567 726 occipiunt,
581 665 640 712 iios
657 655 768 712 cotem
778 649 885 711 incor-
931 647 969 712 ah
983 646 1099 711 illicitis
1115 664 1177 711 uon
1188 647 1535 723 abstineant,tamcnsic
1551 649 1621 713 lacti
1633 668 1668 714 ao
1680 657 1782 724 securi

19 733 167 805 motem.
191 727 249 810 (l.
272 727 342 792 Cor.
360 728 417 812 9.)
446 731 581 807 Quorum
613 733 777 795 verborum
797 727 884 796 'baec
930 734 1041 805 uiuant,
1059 748 1094 794 ac
1108 732 1133 794 si
1151 731 1304 818 desalutc
1328 740 1358 796 et
1379 747 1492 796 corona
1509 731 1638 814 gloriae,
1654 740 1785 814 promis„

21 816 178 875 sententia
202 822 272 875 est:
297 814 437 877 Athletae
461 816 515 886 ilii.
540 823 573 880 ut
584 816 816 895 corruptibilem
834 831 884 879 co·
931 817 1052 880 sionem
1068 834 1083 877 a
1099 814 1163 879 [teo
1179 815 1383 879 certissimam
1400 818 1672 896 etapcrtissimam
1692 822 1785 888 habe·

19 911 129 959 ronam
141 895 307 974 accipiant,
318 898 355 960 ab
371 899 410 960 iis
426 899 573 964 omnihus
584 916 619 963 se
632 901 884 977 abstineot‚cuae
930 907 1010 967 rent.
1028 899 1088 962 Sed
1105 900 1164 963 hoo
1177 906 1224 963 est
1238 906 1452 981 argumentum
1467 945 1475 972 ,
1493 906 1527 963 ut
1541 917 1636 980 saepo
1652 903 1785 975 diximus

19 993 137 1059 corpus
152 979 326 1060 debilitare,
342 990 372 1044 et
386 982 524 1062 ineptum
540 985 579 1048 ad
592 1001 725 1066 pugnam
742 985 825 1048 illam
839 983 886 1047 lu·
931 983 1012 1063 quod
1027 985 1119 1065 pauci
1135 978 1267 1062 sistunt
1281 983 1487 1063 salientur,et
1499 983 1585 1060 multi
1599 987 1663 1050 sint
1674 992 1785 1064 vocab,

21 1062 141 1128 dicium
159 1064 291 1128 reddere
307 1073 450 1146 possunt,
468 1085 485 1130 a
501 1067 596 1132 nimio
611 1068 682 1133 cibo
705 1072 736 1132 et
759 1073 843 1146 potu,
867 1085 884 1130 a
929 1069 1020 1148 pauci
1049 1082 1121 1135 vero
1151 1067 1255 1131 electi.
1283 1067 1369 1142 Quod
1399 1067 1475 1132 miro
1502 1067 1595 1131 modo
1624 1069 1786 1139 confirmat

19 1145 195 1228 congressu
208 1165 278 1212 cum
296 1150 456 1228 uxoribus,
472 1168 488 1214 a
505 1153 638 1233 negotiis
650 1151 884 1228 domesticis,iib
929 1168 956 1214 s.
971 1151 1104 1216 loannes
1127 1148 1364 1232 chrysostomus
1379 1151 1487 1214 licmil.
1504 1149 1555 1213 tu.
1584 1151 1622 1215 ad
1638 1157 1785 1234 populum

18 1231 90 1295 allis
106 1233 201 1295 rebus
216 1233 373 1306 omnihus,
390 1235 505 1316 alioqui
521 1235 666 1300 iucundis
679 1237 729 1300 iel
742 1237 882 1314 utilibus,
930 1233 1167 1308 Antioohcnum,
1183 1235 1215 1296 in
1230 1249 1289 1312 qua
1305 1235 1419 1298 mullas
1432 1235 1570 1298 rationes
1591 1234 1703 1316 reddit,
1729 1258 1784 1305 cur

18 1332 100 1396 quae
115 1315 270 1380 uictoriam
293 1319 325 1380 iu
348 1335 452 1398 pugna
478 1320 630 1399 impedire
654 1320 704 1384 iel
731 1320 884 1384 retardare
929 1333 967 1382 ex
982 1316 1179 1382 multitudiue
1195 1315 1435 1382 Christianorum
1461 1318 1680 1384 innumerabili
1697 1325 1785 1400 pauci

16 1407 164 1479 possunt.
180 1398 241 1463 ttos
254 1401 359 1482 igitur,
376 1403 428 1482 qui
443 1420 498 1482 pro
513 1420 626 1469 corona
643 1403 883 1485 incorruptibili,
929 1401 1072 1482 sint,‘qui
1088 1402 1256 1476 salientur,
1280 1417 1316 1464 ac
1331 1403 1370 1464 de
1384 1402 1452 1478 ipsa
1468 1400 1546 1464 urbe
1561 1401 1778 1486 Antiocheno,

16 1488 50 1546 in
69 1499 141 1548 iero
157 1487 326 1549 certamine
342 1486 545 1564 desudamus,
563 1491 659 1552 mutto
675 1490 773 1569 magis
790 1488 884 1551 ehsti·
929 1502 1008 1567 quae
1024 1503 1083 1550 una
1100 1491 1164 1548 erat
1179 1501 1216 1547 cx
1229 1483 1396 1548 maioribus
1411 1485 1506 1547 totius
1522 1484 1607 1548 orbis
1622 1493 1784 1571 terrarum,

17 1583 97 1631 nere
114 1568 266 1632 debemus
278 1570 317 1632 ab
333 1570 490 1648 omuibus,
507 1589 586 1652 quae
599 1573 731 1636 animam
744 1571 884 1635 debilita·
930 1574 975 1634 sie
991 1566 1139 1646 loquitur:
1159 1565 1238 1644 Qnot
1253 1584 1319 1645 csse
1332 1569 1456 1647 potetis
1470 1569 1509 1632 in
1526 1567 1657 1634 Gioitcte
1672 1583 1798 1644 nostro

17 1668 66 1726 rc,
84 1661 177 1730 atque
193 1654 331 1732 ineptam
346 1655 385 1717 ad
403 1671 536 1734 pugnam
553 1655 643 1718 istam
659 1655 784 1730 seriam,
801 1655 885 1719 etsi·
928 1653 1079 1735 qcicolct
1092 1651 1190 1728 tiontl
1205 1652 1358 1731 infestum
1372 1652 1506 1732 quidem
1519 1657 1667 1733 cst,qcod
1680 1657 1781 1724 dictu·

17 1733 85 1798 mul
100 1735 139 1799 ad
155 1752 280 1800 cursum
296 1739 327 1799 io
343 1738 443 1801 stadio
464 1738 567 1802 lacere
584 1745 728 1814 possunt.
744 1737 781 1802 Et
802 1751 895 1820 quac
928 1753 986 1802 riis
997 1754 1082 1800 sum:
1100 1737 1210 1800 dicem
1224 1742 1346 1815 temere·
1363 1735 1432 1800 lion
1446 1741 1581 1824 possent
1595 1739 1633 1801 iii
1647 1744 1692 1803 tot
1712 1744 1785 1806 inii·

17 1827 105 1896 suut,
123 1835 203 1896 quae
218 1821 349 1884 animam
367 1821 550 1886 debilitant?
571 1822 627 1886 Illa
640 1825 707 1904 ipsa
723 1838 802 1903 quae
817 1839 882 1885 cor·
929 1820 1012 1885 tibus
1026 1827 1155 1885 centem
1172 1835 1251 1898 case,
1268 1819 1620 1913 percunctatumque
1635 1829 1665 1885 et
1679 1825 1720 1887 dc
1734 1825 1785 1892 hie

18 1920 79 1982 pus
94 1905 257 1967 robustum
273 1905 555 1982 reddunt,multum
568 1908 789 1987 cibus,muttus
801 1923 883 1970 som·
928 1902 1188 1980 debitatloonto
1202 1905 1292 1966 enim
1304 1905 1343 1968 ire
1353 1902 1526 1968 innectens
1538 1904 1785 1987 mctettchon·

16 2004 91 2061 uus,
108 1989 218 2052 crebra
234 1988 455 2067 deambulatio,
471 1989 885 2067 hilaritas,incuuditas,cau·
926 1995 977 2053 tiis
990 1990 1028 2054 ite
1041 1986 1171 2051 senibus
1187 1992 1307 2065 torpor.
1318 1987 1424 2083 Videat
1438 1985 1545 2083 beetur
1559 1987 1723 2054 Homiliam
1740 1999 1783 2056 to·

19 2080 83 2144 ius,
101 2085 210 2145 sonus,
224 2073 324 2144 tusus,
338 2074 516 2154 aucupium,
534 2075 740 2156 venaticum
755 2075 884 2139 muttum
927 2077 1093 2152 tamarae
1108 2070 1288 2150 grauissima
1304 2079 1335 2134 ct
1346 2071 1509 2134 utilissimi
1524 2077 1584 2134 cst.
1783 2144 1785 2151 J

16 2156 139 2236 legero,
155 2171 263 2236 parum
280 2171 390 2230 orare,
418 2158 496 2220 nihil
518 2158 661 2222 meditari
687 2175 749 2223 non
775 2159 885 2239 lugere
968 2156 1015 2220 Ad
1030 2163 1058 2221 te
1074 2156 1167 2232 igitur
1181 2151 1335 2235 coniugio,
1352 2154 1590 2233 bonohomine,
1608 2171 1665 2237 ego
1677 2174 1787 2226 serius

16 2245 161 2318 peccata,
179 2253 240 2302 non
256 2238 359 2303 lacera
374 2237 493 2305 tructus
520 2242 631 2327 dignos
657 2243 881 2323 poenitentiae.
929 2246 1012 2317 tuus,
1029 2246 1059 2303 et
1073 2238 1157 2301 lilius
1172 2236 1303 2300 ancillae
1321 2247 1402 2333 tuae:
1420 2239 1610 2333 concupisco
1626 2248 1689 2316 toto
1705 2244 1787 2308 desi·

17 2323 65 2386 Ab
84 2325 135 2386 bis
147 2321 303 2386 abstinere
318 2323 423 2398 debet,
442 2325 494 2405 qul
510 2329 644 2390 animam
666 2329 730 2390 ruit
746 2343 818 2391 esse
833 2343 881 2391 ro·
928 2324 1015 2388 derio
1031 2323 1152 2385 animae
1168 2335 1256 2384 meac
1270 2320 1408 2386 bravium
1432 2321 1509 2384 illud
1532 2322 1680 2419 caeleste,
1698 2334 1728 2389 ct
1742 2327 1787 2391 lu-

18 2409 145 2469 hustam
159 2415 190 2469 et
206 2409 349 2470 idoneam
365 2409 402 2471 ad
419 2412 607 2474 currendum
624 2415 655 2474 lu
670 2411 815 2485 stadio,'cl
830 2427 884 2491 pu·
928 2407 1116 2470 cidissimam
1134 2420 1297 2471 coronam.
1314 2421 1406 2484 quam
1423 2410 1611 2500 praeparasti
1627 2415 1657 2470 et
1672 2412 1787 2488 promi·

16 2491 181 2570 guaudum
192 2489 224 2554 ln
240 2506 352 2570 agone.
368 2490 645 2566 attenderetis,
662 2494 812 2558 Dominus
829 2492 881 2566 ait,
927 2491 996 2556 sisti
1010 2488 1212 2570 diligentibus
1227 2496 1269 2584 te.
1282 2487 1444 2584 Cognosce
1457 2489 1702 2584 magnitudinem
1715 2510 1788 2574 ago·

18 2589 62 2637 ne
74 2574 157 2652 loric
171 2581 352 2654 provector
377 2579 478 2640 cordo
503 2586 610 2643 oestro
634 2581 670 2644 in
697 2581 838 2658 crepera
854 2583 884 2648 ct
928 2576 990 2651 nis,
1007 2572 1142 2638 eistadii
1158 2572 1383 2651 longitudinem
1401 2590 1409 2632 :
1437 2586 1580 2668 experior
1596 2574 1791 2642 imbecillita-

15 2658 186 2729 ebrietate,
204 2663 233 2720 et
248 2659 335 2722 ontis
351 2659 449 2724 hcine
460 2663 556 2735 citae,
572 2664 825 2744 etacpeiccniot
846 2663 885 2727 iro
929 2667 989 2723 tem
1006 2673 1117 2729 meam,
1136 2663 1167 2721 et
1181 2655 1332 2719 confiteor
1346 2671 1450 2719 coram
1465 2659 1564 2735 te,qui
1577 2660 1726 2732 scrutaris
1740 2676 1789 2726 rc·

15 2757 74 2804 cos
89 2743 266 2823 repentine
291 2744 361 2806 dics
386 2744 457 2807 iiio.
483 2741 574 2827 (hcc.
591 2744 659 2830 21.)
676 2745 784 2810 Contra
810 2763 883 2810 iero
930 2761 987 2807 ncs
1003 2749 1035 2806 et
1048 2740 1154 2818 corda,
1172 2739 1324 2802 modicam
1343 2755 1379 2801 ac
1399 2754 1483 2820 petre
1504 2739 1620 2836 nullam
1646 2743 1787 2808 uirtutem

15 2825 110 2889 cibus
126 2825 259 2902 animae,
276 2827 328 2902 qui
346 2820 571 2892 illa'mbustam
588 2829 709 2902 reddit,
734 2830 883 2893 ieiunium
930 2843 1040 2891 meam:
1057 2842 1116 2888 nec
1131 2825 1240 2920 ignoro
1251 2823 1334 2918 vires
1350 2839 1489 2902 magnas,
1503 2829 1535 2885 et
1550 2821 1665 2920 rabiem
1680 2828 1788 2894 crude-

15 2918 80 2987 cst;
96 2909 226 2974 relectio
242 2915 272 2970 ct
287 2909 468 2974 refocillatio
483 2915 615 2986 animae,
630 2917 883 2987 oratio'est;som·
929 2912 989 2974 lem
1006 2908 1206 2973 invisibilium
1222 2908 1357 2970 bestium
1370 2921 1579 2987 meorum3qui
1592 2923 1789 2990 concoquere

15 3011 82 3056 nus
95 2995 219 3056 animae
234 2994 618 3075 salutaris,coritemplatio
631 2999 832 3078 est3puigatio
845 2998 883 3060 ab
929 3012 991 3059 uon
1008 2999 1151 3072 possunt,
1167 2991 1250 3071 quod
1267 3007 1324 3054 nos
1351 2990 1533 3053 homunculi
1561 2993 1661 3088 iocati
1687 2995 1786 3062 simus

15 3079 205 3140 humoribus
221 3077 332 3150 noxiis,
351 3080 507 3143 confessio
521 3089 717 3157 peccatorum
734 3089 793 3160 est;
809 3099 883 3162 gau·
930 3079 967 3142 ad
983 3076 1111 3158 gloriam
1127 3075 1209 3138 iliam
1227 3091 1381 3154 maguam,
1397 3073 1479 3138 uude
1490 3073 1638 3152 superbia
1653 3078 1724 3142 illos
1736 3080 1789 3145 da·

15 3161 104 3223 dium
122 3167 154 3223 et
168 3157 300 3223 deliciae
323 3161 445 3225 animae
461 3211 469 3240 ,
497 3165 649 3246 lacrymae
676 3173 760 3239 sunt,
778 3166 883 3229 trium·

15 3245 103 3323 phus
119 3244 253 3314 animae,
271 3243 431 3307 crucifixio
446 3249 548 3310 caruis
571 3254 602 3311 et
616 3249 883 3324 concupiscentia·

15 3345 87 3390 rum
102 3333 163 3391 est.
184 3323 245 3404 Qnt'
260 3327 340 3389 enim
357 3337 435 3392 stant
452 3330 577 3404 Christi,
590 3333 690 3410 inquit
705 3333 880 3410 Apostolus

15 3427 156 3475 curnem
170 3427 267 3473 sucin
279 3412 518 3487 crucifixerunt
530 3432 605 3478 crim
619 3416 705 3479 cittis
721 3421 751 3479 ct
766 3432 883 3480 concii·

15 3495 202 3576 piscentiie.
220 3495 311 3571 (icc.
325 3491 394 3579 il.)
410 3506 440 3560 ct
464 3499 522 3561 hoc
540 3501 629 3573 ioco,
654 3501 721 3578 Epo
736 3548 744 3575 ,
762 3499 882 3578 iuquit,

930 3163 1014 3224 iecit.
1027 3159 1171 3223 Illumiua
1188 3157 1296 3222 nculos
1311 3173 1422 3234 meos,
1450 3172 1490 3220 ne
1512 3174 1660 3234 umquam
1677 3163 1789 3230 obdor.

911 3245 1021 3308 'utiam
1038 3247 1069 3307 in
1086 3248 1195 3306 morte:
1213 3241 1332 3321 adauge
1348 3241 1441 3316 uires,
1459 3247 1499 3304 ne
1515 3239 1657 3312 deficiam
1674 3246 1705 3310 iii
1718 3247 1764 3312 iia
1778 3265 1787 3310 ε

931 3336 1047 3409 pugnet
1064 3343 1184 3406 prome
1200 3327 1295 3405 gratia
1311 3328 1375 3408 tua,
1393 3325 1433 3388 u'c
1449 3324 1572 3403 quando
1588 3325 1669 3391 dicat
1689 3331 1789 3396 iuimi-

932 3429 988 3476 cus
1005 3428 1116 3486 mcus;
1143 3408 1300 3472 Praevalui
1317 3409 1467 3471 adversus
1483 3423 1566 3472 eum.
1584 3407 1670 3483 Quod
1687 3421 1789 3478 autem

931 3514 986 3575 pro
1002 3513 1051 3559 me
1068 3494 1192 3575 postulo
1206 3541 1215 3571 ‚
1231 3492 1263 3556 id
1281 3493 1382 3572 ipsum
1411 3491 1535 3572 postulo
1562 3506 1618 3570 pro
1643 3493 1789 3564 iratribus

15 3583 61 3643 sic
74 3593 200 3658 pecho,
214 3593 283 3642 noti
298 3583 395 3658 qnasi
411 3599 521 3645 ocrem
534 3583 734 3660 verberarem
760 3587 817 3647 scd
831 3601 883 3648 co·
930 3581 1009 3643 meis
1024 3579 1170 3658 omnibus
1185 3596 1193 3655 ;
1206 3576 1262 3639 sed
1280 3577 1478 3654 potissimum
1494 3591 1550 3648 pro
1565 3576 1673 3654 iisqui
1688 3590 1788 3646 sunta

15 3667 101 3744 stigo
118 3678 236 3742 corpus
251 3678 372 3741 mecm,
390 3673 420 3727 ct
432 3667 471 3728 in
483 3668 670 3730 servitialem
692 3669 819 3741 redico,
841 3685 884 3732 iic
930 3672 958 3727 tc
973 3665 1004 3726 iii
1020 3662 1208 3727 sublimitate
1223 3659 1462 3734 constituti,sire
1477 3657 1790 3757 Ecclesiastiois,siie

15 3751 112 3827 forte,
130 3763 205 3809 ciam
220 3746 297 3808 aliis
311 3749 657 3830 preadiooceiim‚ipse
670 3751 825 3831 reprobris
841 3752 883 3830 ef·
928 3747 1153 3811 saecularibus:
1171 3760 1303 3823 quorum
1321 3749 1404 3806 tento
1427 3744 1576 3823 grandius
1603 3750 1650 3842 esi
1667 3749 1787 3825 pericu·

15 3831 126 3908 ticini.
144 3825 189 3913 (t.
205 3827 275 3892 Gor.
293 3829 340 3910 9.)
356 3831 438 3895 Ecce
461 3849 562 3895 ieram
587 3835 824 3912 explicationem
846 3836 882 3898 il·
928 3832 1125 3910 lum,ouauto
1142 3826 1257 3892 iunctio
1273 3828 1525 3908 excellentior3et
1541 3835 1623 3896 tanto
1639 3829 1790 3897 illustrior

15 3917 121 3978 lorum
138 3913 315 3988 verborum,
342 3913 384 3977 cb
400 3917 550 3981 omnihus
577 3935 611 3980 sc
637 3917 786 3983 obstinet.
804 3919 880 3997 ugo,
928 3917 985 3978 crit
996 3927 1111 3978 corona
1124 3911 1251 3993 gloriae,
1266 3911 1293 3974 si
1309 3919 1394 3975 recte
1409 3911 1575 4007 iungantur
1589 3929 1717 3979 munere
1730 3933 1789 3981 suo

15 3999 133 4077 inquit,
150 3997 196 4062 sic
212 4013 316 4077 pugno
331 3999 364 4060 iu
380 4008 528 4078 agone,ut
542 4001 713 4065 abstineam
730 4004 769 4066 ah
786 4007 882 4067 omui·
929 4006 1042 4079 quanto
1054 3999 1174 4080 gravior
1185 3995 1352 4072 damnatio,
1370 3995 1396 4058 si
1408 3995 1500 4091 culpa
1512 4011 1650 4075 ipsorum
1668 4000 1788 4066 animae

14 4083 90 4158 bus,
109 4097 189 4160 quac
204 4081 331 4159 placent
346 4084 478 4161 corpori,
505 4085 535 4146 in
552 4103 613 4164 quo
629 4092 724 4156 sunt,
752 4086 804 4167 qui
827 4104 882 4167 pu·
927 4090 1066 4164 pereant,
1084 4095 1162 4163 quas
1177 4079 1337 4156 redemisti
1352 4083 1490 4161 proboso
1511 4085 1662 4164 sauguine
1681 4090 1744 4148 tuo.

15 4173 116 4243 guant
131 4180 187 4242 pro
210 4163 356 4228 hostibus
373 4168 462 4240 meis,
486 4169 760 4248 concupiscentiae
776 4187 882 4234 carua-

15 4250 63 4313 lcs
83 4247 240 4311 videlicet:
258 4253 289 4312 et
303 4250 484 4329 castigando
500 4268 615 4332 corpus
637 4270 739 4317 meum
757 4254 883 4320 ieiuniis
1279 4246 1362 4313 CAP-
1377 4245 1433 4312 IX·

15 4343 44 4395 et
60 4331 192 4411 vigiliis,
211 4332 343 4413 aliisque
359 4335 461 4398 caruis
478 4336 734 4402 macerationibus
753 4345 783 4402 et
804 4355 882 4403 mor·

15 4415 253 4494 coactionibus,
271 4416 304 4479 in
320 4417 500 4482 servitutem
515 4421 625 4501 redigo
638 4437 752 4499 corpus
764 4437 880 4502 meum,
921 4451 922 4455 ¹

15 4509 46 4562 ut
64 4501 223 4564 rebellare
239 4516 301 4564 uon
316 4503 416 4580 possit
442 4503 481 4566 ab
498 4505 627 4584 imperio
654 4506 796 4582 animae,
822 4523 881 4572 uec
1548 4555 1549 4558 =
1794 4566 1798 4573 ,

15 4585 155 4647 militare
172 4583 315 4646 hostibus
332 4586 422 4647 mets.
570 4610 573 4615 ·
968 4587 1135 4665 Explicatis
1146 4587 1448 4656 considerationibus
1459 4589 1624 4658 duodecim
1636 4595 1676 4659 de
1688 4602 1784 4660 aeter·

57 4668 124 4730 Sed
143 4683 234 4745 quem
250 4683 312 4728 nori
327 4671 458 4744 timere,
483 4688 519 4732 ac
541 4678 603 4734 toto
620 4689 748 4750 corpore
764 4682 882 4738 contra·
927 4687 965 4733 na
981 4671 1126 4735 felicitate
1138 4671 1419 4748 Sanctorum,illam
1430 4678 1662 4742 conclusionem
1680 4681 1786 4760 colligi

15 4752 154 4814 miscere
165 4749 277 4813 iaciant
288 4749 339 4812 itta
350 4753 502 4831 verbane
513 4755 684 4830 fortecum
698 4757 773 4820 otiis
786 4775 881 4838 proc·
928 4771 1019 4832 posse
1036 4755 1137 4834 rideo,
1155 4754 1334 4820 Sanctorum
1350 4757 1529 4824 leticitatem
1552 4776 1616 4824 rem
1633 4777 1704 4826 esse
1719 4769 1783 4828 tum

15 4835 212 4909 diecucrim,
228 4835 299 4912 ipsc
313 4836 469 4913 reprobes
485 4837 624 4918 efficior?
639 4841 668 4903 Si
686 4857 737 4903 ias
754 4843 878 4907 electio·
927 4841 959 4900 in
975 4856 1008 4902 se
1022 4841 1182 4902 maximam
1198 4847 1229 4904 et
1243 4842 1533 4922 eminentissimam,
1551 4851 1615 4907 tum
1632 4845 1669 4908 ab
1685 4849 1784 4911 omni·

15 4921 77 4994 nis,
95 4925 126 4980 et
144 4934 159 4978 a
177 4915 239 4980 lieo
251 4917 322 4994 ipso
339 4929 462 4982 creatus
477 4920 643 4999 Apostolus
659 4971 666 4998 ,
685 4930 714 4988 ct
729 4934 833 5004 raptus
849 4929 881 4991 iii
927 4923 987 4987 bus
1001 4922 1180 4987 hominibus
1193 4925 1224 4987 iii
1240 4924 1348 5006 primis
1360 4928 1565 5007 expetendam
1577 4936 1783 5007 etprocuran·

15 5003 147 5067 tertium
162 5000 282 5063 caelum
297 5048 306 5078 ,
320 5001 421 5066 timuit
435 5006 587 5082 reprobus
603 5007 690 5078 licii,
719 5009 744 5070 si
768 5026 882 5089 corpus
927 5008 1010 5071 dam:
1027 5008 1082 5071 scd
1099 5009 1176 5073 iiam
1199 5012 1236 5073 ad
1253 5011 1335 5074 illam
1356 5010 1572 5076 inveniendam
1595 5018 1625 5078 et
1639 5014 1780 5080 obtinen-

15 5103 110 5149 suum
129 5101 192 5147 non
209 5083 408 5164 castigasset,
426 5095 457 5150 et
471 5089 501 5150 iii
519 5091 696 5154 seruitutem
716 5108 777 5155 uon
794 5095 881 5158 rede·
929 5092 996 5152 dam
1015 5109 1085 5156 esse
1100 5096 1349 5173 angustissimam
1372 5104 1402 5159 et
1423 5096 1721 5176 laboriosissimam,
1750 5110 1781 5164 ut

15 5173 130 5250 gissct:
149 5168 218 5246 quis
235 5177 373 5231 nostrum
398 5173 648 5244 reprobationem
673 5192 733 5238 riou
762 5177 883 5242 timebit
925 5175 986 5236 nisi
1002 5177 1071 5254 quis
1087 5178 1167 5252 apud
1184 5192 1219 5240 se
1234 5176 1362 5241 tirmiter
1379 5183 1489 5243 statuat
1503 5182 1648 5247 omnibus
1664 5185 1779 5248 viribus

15 5255 76 5317 iiisi
95 5269 222 5315 carneui
241 5268 328 5314 suam
344 5255 503 5334 crucifigat
518 5275 588 5320 cum
612 5259 693 5322 vitiis
718 5263 748 5322 et
769 5278 879 5324 conco·
927 5260 994 5321 suis
1009 5260 1124 5321 conniti
1140 5267 1171 5322 et
1185 5259 1395 5344 contendere,
1422 5260 1517 5326 rebus
1541 5264 1609 5328 aliis
1635 5268 1778 5331 omuibus

15 5337 203 5416 piscontiis?
217 5335 282 5398 Hoc
295 5349 376 5400 certe
391 5339 601 5415 Apostolicum
628 5343 802 5420 exemplum
829 5345 881 5408 dc.
927 5341 1177 5420 praetermissis,
1195 5361 1359 5422 numquam
1378 5361 1433 5423 per
1458 5363 1525 5408 0⁸11]
1547 5356 1710 5427 reuellere
1725 5399 1733 5424 i
1749 5359 1780 5414 θῑ

15 5425 106 5486 heret
124 5435 234 5482 omnes
251 5419 394 5484 homines
410 5422 596 5503 admouere,
621 5434 653 5491 ut
668 5443 728 5489 uoii
744 5431 879 5494 audeant
924 5426 1020 5487 multo
1035 5427 1137 5488 minus
1151 5428 1187 5488 ad
1201 5432 1301 5507 optata
1318 5430 1429 5508 gaudia
1445 5433 1606 5510 pervenire
1623 5437 1778 5511 possit.ttc

15 5520 147 5584 sperare
163 5505 376 5567 victoriamet
398 5521 567 5581 coronam,
595 5511 655 5572 uisi
671 5511 752 5572 serio
768 5513 805 5574 ad
823 5530 877 5577 cor
923 5514 956 5570 ut
973 5509 1107 5570 breuiter
1119 5510 1179 5574 boc
1194 5517 1289 5574 totum
1304 5511 1362 5575 sub
1374 5514 1483 5578 oculos
1496 5515 1777 5596 subiiciaiuusolc

15 5590 162 5664 redeant,
181 5595 211 5650 et
226 5586 336 5664 dignos
350 5590 558 5666 poeniteutiae
573 5591 690 5656 tructus
706 5594 826 5673 iaciant,
845 5606 875 5660 ct
921 5600 970 5654 cet
985 5608 1093 5656 omues
1109 5593 1178 5656 illas
1192 5595 1453 5664 considerationes
1476 5604 1507 5663 et
1528 5616 1633 5664 eorum
1662 5601 1777 5672 praeci·

15 5673 140 5754 spiritui
155 5687 281 5734 carnem
293 5672 449 5736 subiicere
461 5675 561 5737 modis
574 5678 880 5758 omuibussatagaut.
926 5691 1004 5756 puas
1019 5675 1212 5744 difficultates
1226 5691 1283 5759 per
1298 5680 1421 5747 modum
1439 5684 1555 5766 epilogi
1582 5681 1716 5748 hieriicr
1730 5700 1779 5748 re·

15 5760 50 5823 Et
77 5756 263 5822 admiranda
291 5772 420 5836 prorsus
446 5765 493 5821 est
519 5759 682 5822 multorum
707 5763 833 5825 stultitia
850 5769 880 5826 ct
926 5775 1068 5821 censere.

128 5859 289 5919 Bnmmxiui
303 5859 363 5917 Vol.
379 5858 422 5916 tl.
1504 5866 1539 5924 ιι

1093 4471 1096 4478 .
1155 4411 1314 4494 Epilogus
1330 4415 1430 4504 toties
1443 4419 1563 4498 operis.
