4002 6228
683 285 726 345 lb
745 285 835 344 britto
856 284 939 345 bost.
959 283 1024 344 1⁰0.
1045 285 1087 344 lb
1107 285 1171 345 300.
1717 289 1753 349 59

34 415 116 483 Ηεεε
130 417 302 481 admonere
317 416 399 481 rului
422 422 548 497 propter
574 417 697 497 aliquos
721 419 774 496 pol
800 425 907 484 nostro

35 504 174 581 tempore
187 501 336 564 Faustum
352 497 543 564 Gethoticum
553 501 655 566 luisse
670 503 875 568 contendunt.

266 661 312 725 Dc
327 663 459 726 lenaeo
476 662 580 728 Gozeo
596 663 672 728 itio.-

72 826 349 893 AenaeasGeeeus
371 829 415 892 rir
437 828 637 893 doctissimus
662 828 787 906 scripsit
810 828 907 892 diato-

34 925 105 986 gum
122 909 280 988 insignem
298 913 337 973 dc
353 913 455 974 anima
477 911 716 984 immortalitate,
742 915 774 973 et
798 928 908 989 corpo·
1026 988 1029 994 ¹

33 1007 100 1052 rum
118 995 363 1066 resurrectione,
376 1009 467 1072 quem
483 991 905 1072 inscripsit’l'heophrostum,

34 1073 104 1149 quia
117 1088 253 1150 persona
263 1075 443 1154 principalis
454 1075 485 1136 iu
495 1075 616 1153 diologo
625 1075 908 1139 nominaturTbeo-

35 1154 198 1232 phrastus:
215 1163 344 1220 aetatem
360 1173 445 1218 suam
458 1157 527 1235 ipsa
542 1153 683 1234 aperitin
695 1161 831 1220 extremo
843 1158 907 1220 die·

35 1239 116 1314 logo,
135 1238 190 1300 ubi
207 1238 292 1309 dicit,
309 1255 345 1302 se
358 1239 475 1301 uidisse
487 1245 611 1300 sanctos
625 1235 709 1312 ilios,
724 1238 776 1315 qui
790 1240 820 1300 io
838 1257 907 1318 pcr-

34 1319 369 1394 secutioneveudetica
381 1319 531 1382 abscissis
544 1318 660 1399 linguis
671 1319 786 1398 optime
801 1323 907 1402 loque·

36 1401 163 1464 bantur:
181 1401 241 1464 boc
256 1410 360 1465 autem
383 1401 745 1480 contigissatmperaute
769 1402 906 1479 Zenone,

35 1489 224 1629 gotuimlest
249 1499 286 1547 er
311 1485 435 1547 Victore
458 1483 596 1547 illiconsi
622 1482 662 1546 de
690 1487 908 1563 persecutione

60 1580 98 1627 an
123 1582 218 1630 aren.

341 1723 385 1788 Dc
403 1723 526 1791 cereoli
540 1726 613 1795 lito.

76 1885 220 1952 Gereatis
247 1890 421 1968 Episcopus
444 1891 629 1970 htricaous,
656 1861 781 1969 scripsit
803 1902 908 1959 contro

38 1969 441 2051 llaximinumEpiscopum
457 1976 619 2048 brianum,
637 1976 750 2039 librum
776 1977 814 2039 de
834 1979 908 2053 lida,

39 2054 88 2128 qui
104 2060 186 2116 extat
202 2054 233 2116 in
250 2055 440 2119 Bibliotheca
461 2063 636 2120 sanctorum
660 2059 803 2134 Petrum,
828 2068 910 2123 tomo

39 2135 69 2194 t.
85 2137 238 2199 editionis
253 2138 423 2210 secundae,
452 2142 542 2201 cuius
567 2141 708 2203 meminit
732 2139 912 2207 Gennadius

39 2217 259 2282 llassitieosis.

206 2382 252 2446 De
264 2389 378 2450 sancto
398 2386 517 2450 lictore
534 2386 755 2453 Uticensilttti.

80 2545 220 2611 Sanctus
237 2553 339 2614 victor
360 2552 515 2614 Uticensis
537 2550 712 2634 Episcopus
734 2555 859 2634 scripsit
878 2556 914 2618 ti·

41 2629 112 2692 bros
125 2635 192 2692 tres
207 2634 248 2694 de
264 2634 668 2708 persecutione-Vandalica
690 2639 772 2700 lectu
797 2639 915 2718 dignis·

42 2711 137 2774 simos
154 2713 197 2774 ob
213 2714 383 2791 insignium
400 2717 562 2796 Martyrum
575 2717 797 2788 tortitudinem,
814 2719 913 2798 quiin

43 2809 74 2854 ea
92 2800 320 2871 persecutione
335 2799 525 2860 cta‘nueruot.
552 2798 633 2860 Vixit
657 2806 757 2862 eutem
785 2801 854 2874 ipsc
868 2817 916 2865 rc·

42 2883 155 2954 gocnte
167 2877 295 2942 Zenone
311 2879 513 2958 Imperatore,
536 2886 568 2942 ut
583 2882 652 2958 ipsc
668 2887 795 2944 testatur
809 2882 866 2946 lib.
883 2882 913 2946 3.

43 2961 518 3038 depcrsecuttouclandatica,
546 2963 576 3023 id
602 2970 662 3038 εει,
692 2965 774 3028 circa
799 2981 914 3028 annum

43 3041 167 3104 Domini
182 3042 259 3106 illd.

210 3201 258 3266 De
277 3203 449 3268 Gerrocdio
463 3207 659 3273 Massiliensi
674 3208 746 3276 490.
769 3269 772 3272 .

80 3369 268 3434 Gennsdius
282 3371 490 3436 Massiliensis
500 3374 831 3455 presbyter,et.postca
847 3375 918 3455 Epi-

46 3467 170 3529 scopus.
196 3453 271 3515 rixtt
286 3460 425 3533 tempore
441 3454 556 3521 Gelasii
573 3457 686 3534 lupae,
704 3459 787 3521 circa
802 3475 917 3520 annum

45 3534 167 3596 llomiui
184 3533 260 3597 ttttt.
278 3553 346 3596 nam
363 3537 400 3596 ad
423 3536 526 3613 ipsum
553 3537 711 3602 Gelasium
735 3541 861 3608 misisse
884 3541 920 3601 li·

46 3617 129 3677 brum
147 3633 244 3678 suum
260 3618 300 3678 de
313 3618 373 3680 hdo
389 3623 519 3682 testatur
535 3624 603 3696 ipse
619 3620 800 3684 Gennadius
822 3623 853 3683 in
870 3638 920 3684 ex·

47 3705 140 3760 hemo
156 3698 218 3760 lib.
233 3713 292 3760 suo
307 3701 350 3760 dc
362 3699 434 3760 riris
450 3700 638 3769 illustribus.
653 3705 793 3778 quemvis
808 3720 870 3766 non
888 3705 918 3766 in

47 3780 193 3841 omnibus
209 3780 373 3843 codicibus
388 3781 468 3844 liber
480 3781 631 3848 Gennsdii
648 3785 822 3848 inveniatur
837 3803 921 3848 com·

48 3864 160 3940 plotus.

80 3943 222 4021 Scripsit
232 3943 346 4006 tibrum
359 3943 398 4005 dc
411 3945 641 4010 Ecclesiastiois
653 3947 921 4027 dogmatibusqui

48 4030 121 4088 extat
135 4025 224 4086 inter
238 4025 336 4088 libros
350 4029 449 4090 saneti
464 4028 641 4106 drrgustini3
658 4037 687 4090 ct
700 4033 752 4094 bic
766 4045 838 4095 csso
854 4046 921 4092 cre-

48 4109 123 4169 ditur
136 4107 233 4172 iiber.
250 4123 343 4183 ouem
360 4108 428 4182 ipsc
444 4111 528 4171 misit
542 4113 578 4172 ad
596 4112 764 4176 Gelasium.

84 4189 225 4266 Scripsit
239 4191 330 4250 etiam
347 4189 458 4253 tibrum
474 4191 514 4253 de
529 4193 600 4254 riris
622 4193 797 4258 illustribus
812 4193 843 4257 iu
859 4209 921 4266 nuo

49 4270 263 4346 suspicionem
280 4286 341 4331 non
359 4288 481 4345 parram
505 4273 630 4349 relicuit
645 4291 722 4338 suae
739 4293 801 4337 non
816 4282 920 4339 rectae

50 4352 127 4416 lidei.
144 4351 299 4414 Laudarit
315 4353 398 4414 enirn
421 4354 617 4434 Cassianum,
641 4364 671 4418 et
686 4357 844 4434 Earrslum,
867 4355 921 4438 qui

50 4433 292 4513 semipelagiani
308 4435 441 4506 tueruut,
459 4442 488 4498 et
503 4445 643 4500 sanctum
665 4439 850 4518 Prospcrum
869 4443 922 4504 de·

51 4517 178 4594 pressit,
196 4517 248 4592 qui
265 4531 322 4592 pro
337 4516 432 4595 gratia
450 4517 505 4580 liei
519 4526 624 4581 contra
639 4520 796 4600 Pelagium
823 4521 922 4587 lortis·

50 4599 124 4660 sime
141 4599 315 4660 dimicarit.

86 4678 225 4754 Scripsit
239 4686 399 4759 praetcrea
413 4682 507 4744 multa
524 4683 593 4758 etia,
611 4699 690 4759 onae
704 4685 772 4758 ipse
787 4699 923 4748 commc-

51 4767 147 4824 norat
163 4761 195 4823 in
213 4766 352 4823 extremo
365 4759 445 4824 libro
461 4763 501 4826 de
515 4765 587 4828 riris
601 4764 790 4839 illustribus,
806 4769 862 4831 scd
885 4783 922 4830 ee

53 4859 118 4986 εεει
128 4847 251 4914 extent,
276 4849 329 4906 aut
349 4845 485 4908 certcad
500 4861 611 4909 manus
637 4863 722 4912 meas
748 4863 809 4913 non
831 4865 924 4914 rene·

51 4942 104 4988 run
121 4970 131 4989 .

340 5093 383 5157 De
400 5095 546 5159 Pomerio
560 5095 634 5158 tstt.

90 5255 271 5325 pomerius.
285 5257 361 5319 alias
375 5255 513 5320 lulianus
528 5257 688 5320 Pometios
704 5299 712 5329 ,
737 5256 920 5337 presbyter,

52 5335 174 5398 rirebet
189 5355 260 5400 cum
273 5339 452 5401 Gennadius
466 5340 636 5418 catalogum
653 5353 744 5401 suum
759 5338 926 5418 scriberety

53 5419 184 5496 scripsit
196 5424 298 5504 eutem
323 5435 380 5498 per
394 5420 521 5484 modum
537 5421 650 5500 dialogi
677 5421 775 5483 libros
801 5425 871 5482 octo
884 5419 924 5480 de

54 5505 161 5563 natura
176 5502 310 5576 mimae,
327 5501 380 5581 qui
393 5501 536 5566 ridentur
550 5503 685 5578 excerpti
700 5516 738 5564 ox
749 5501 839 5564 libris
853 5508 924 5565 octo

55 5581 352 5664 Gregoriiltysscui,
365 5583 405 5647 de
421 5583 631 5663 Philosophia,
653 5583 718 5649 sire
743 5583 847 5664 potius
868 5581 925 5646 lic·

952 417 1042 488 mesti
1056 415 1247 496 philosophi,
1263 415 1303 480 de
1319 413 1432 480 tuima't
1446 414 1568 492 scripsit
1583 418 1672 482 eliam
1689 437 1823 500 progno-

952 501 1055 563 sticon
1068 500 1167 562 tribus
1182 499 1271 562 libris
1297 500 1570 578 comprehensum,
1588 505 1642 562 sed
1666 503 1821 567 diversum

952 581 991 642 ab
1004 593 1061 651 eo,
1075 583 1158 659 qood
1176 581 1229 642 diu
1255 586 1363 658 posteo
1385 583 1660 658 scripsit.senctus
1682 585 1821 647 Iulianus

846 654 851 662 '
952 660 1217 740 drcbiepiscopus
1233 663 1408 726 Eolelanus.
1424 665 1492 726 ride
1508 663 1597 727 Grrd.
1611 665 1773 730 baronium
1789 665 1822 728 iu

953 745 1034 807 nutis
1046 745 1263 826 lturlyrol'ogii,
1280 746 1330 808 die
1345 743 1377 808 8.
1393 746 1502 809 ltiartti.

1161 910 1205 974 m
1219 927 1247 974 a.
1266 879 1393 976 saraam
1409 909 1513 990 rapa.
1532 910 1605 973 roa.

994 1071 1125 1156 Sanctus
1140 1071 1282 1140 Gelasius
1296 1074 1375 1154 Papa
1392 1065 1519 1150 primus
1530 1074 1610 1136 sedit
1625 1073 1654 1134 in
1671 1073 1826 1152 hpostoli·

954 1171 989 1216 ca
1005 1155 1087 1217 Sede
1099 1156 1138 1218 ab
1151 1172 1233 1218 anno
1246 1157 1367 1219 bomini
1380 1157 1563 1235 libusque
1575 1156 1613 1218 ad
1625 1156 1821 1219 ennumltlb.

953 1236 1078 1316 scripsit
1094 1239 1239 1315 epistolas
1254 1241 1372 1319 aliquot
1386 1239 1525 1318 insignes
1540 1239 1576 1300 ad
1590 1237 1670 1315 lmp.
1683 1243 1715 1301 et
1728 1239 1821 1314 alios,

954 1334 1033 1392 ouac
1048 1323 1162 1383 estant.
1180 1319 1309 1398 Scripsit
1325 1329 1440 1382 tomum
1456 1320 1495 1384 de
1509 1319 1631 1385 riocuto
1646 1321 1823 1383 anathema·

954 1400 1004 1468 tis.
1020 1402 1072 1479 oui
1089 1404 1170 1462 extet
1185 1403 1267 1464 inter¹
1279 1403 1425 1479 epistolas
1448 1403 1516 1464 cius
1539 1403 1723 1484 decretales.
1741 1403 1821 1466 Scri·

953 1482 1014 1560 psit
1028 1483 1118 1545 ctiam
1134 1483 1246 1546 tibrum
1258 1491 1362 1546 contra
1376 1485 1570 1563 Pelagianos.
1585 1485 1729 1561 quiextat
1741 1485 1822 1547 iuter

953 1563 1090 1643 quintam
1107 1571 1137 1628 ct
1151 1571 1266 1629 sertam
1282 1569 1456 1645 epistotam.
1473 1567 1504 1628 in
1521 1567 1656 1628 editione
1672 1568 1822 1630 Romana.

954 1644 1086 1724 Scripsit
1107 1649 1197 1710 etiam
1220 1648 1352 1728 hymnos
1368 1648 1603 1712 Ecclesiasticus
1625 1649 1661 1709 ad
1680 1649 1823 1712 imitatio·

954 1744 1027 1790 nem
1042 1745 1070 1792 ε.
1085 1728 1251 1803 Ambrosii,
1268 1735 1299 1794 ct
1313 1731 1410 1794 libros
1432 1732 1569 1808 quinque
1594 1736 1699 1792 contra
1716 1731 1823 1792 Nesto·

954 1812 1046 1880 rium,
1071 1817 1101 1872 et
1116 1811 1329 1891 Eutychetem,
1353 1819 1431 1875 ιεειε
1446 1813 1605 1876 Anastasio
1618 1812 1824 1874 bibliotheca·

952 1895 1010 1964 rio,
1029 1895 1060 1959 in
1074 1893 1131 1955 ritu
1154 1910 1180 1956 s.
1198 1893 1323 1973 Gelasit.
1349 1895 1391 1978 Dc
1406 1895 1466 1958 hoc
1481 1894 1740 1974 operedubitatto
1755 1895 1820 1975 eri·

953 1973 1017 2050 stit,
1033 1978 1243 2046 su.cxtel,·tel
1260 1979 1396 2054 perierit:
1413 1974 1628 2040 circumfertur
1642 1977 1725 2038 enim
1742 1976 1824 2039 libor

954 2054 1013 2120 sub
1030 2059 1154 2118 nomine
1170 2056 1283 2121 Gelasii
1301 2061 1399 2136 Papus
1415 2061 1453 2122 dc
1469 2059 1589 2122 duabus
1604 2059 1721 2121 naturis
1737 2058 1823 2121 Glari·

955 2137 993 2202 sti
1008 2145 1113 2200 contra
1130 2138 1330 2218 Eutychetem
1345 2160 1354 2217 3
1370 2142 1426 2204 sed
1442 2157 1504 2203 non
1528 2140 1649 2202 ridetur
1669 2140 1722 2202 hic
1743 2141 1825 2202 liber

955 2235 1028 2284 esse
1043 2219 1154 2284 Gelasii
1170 2222 1294 2300 Papae,
1319 2231 1349 2286 ct
1370 2225 1468 2286 multo
1487 2224 1590 2285 minus
1606 2237 1677 2284 esse
1693 2223 1745 2284 illc
1761 2268 1769 2294 ,
1786 2222 1826 2286 do

957 2317 1018 2378 ouo
1040 2303 1175 2378 loquitur
1189 2304 1387 2376 Anastasius,
1405 2311 1436 2369 et
1451 2306 1489 2368 de
1504 2319 1566 2383 ouo
1582 2305 1672 2366 ctiam
1690 2305 1829 2382 loquitur

957 2383 1135 2448 Gennadius
1149 2385 1351 2450 liassiliensis
1371 2388 1402 2449 in
1419 2387 1474 2449 tib.
1491 2387 1530 2450 dc
1545 2387 1619 2448 riris
1633 2386 1825 2450 Illustribus

958 2465 1023 2529 tion
1040 2482 1111 2530 csse
1127 2467 1211 2530 bunc
1230 2470 1342 2533 tibrum
1358 2468 1473 2533 Gelasii
1491 2470 1590 2546 Papae
1605 2513 1612 2539 ,
1628 2467 1750 2531 ridetur
1765 2484 1828 2530 ma·

958 2548 1116 2625 nilesium,
1140 2549 1210 2628 quia
1233 2551 1264 2613 in
1282 2552 1341 2615 hoo
1355 2551 1435 2614 libro
1451 2552 1559 2618 citatur
1575 2556 1729 2627 tamquam
1747 2564 1829 2613 unus

958 2646 996 2694 cx
1011 2631 1173 2695 catholicis
1187 2639 1218 2696 el
1233 2649 1260 2697 s.
1278 2632 1417 2698 Patribus
1432 2624 1588 2697 Eusebius
1604 2629 1827 2705 Caesariensis,

959 2728 1051 2791 quern
1069 2720 1169 2776 tameo
1186 2715 1374 2779 haereticum
1390 2716 1537 2779 brienum
1553 2713 1662 2790 luisse,
1680 2720 1711 2776 et
1723 2713 1830 2792 Orige-

960 2795 1010 2858 nis
1024 2795 1207 2860 acerrimum
1224 2797 1436 2874 delensorem,
1452 2801 1638 2864 uolumerat
1652 2812 1679 2858 ε.
1694 2795 1829 2872 Gelasio,

961 2878 1013 2953 oui
1030 2878 1089 2941 heo
1110 2879 1150 2939 de
1165 2896 1257 2942 causa
1279 2880 1455 2958 reprobarit
1469 2895 1561 2956 opera
1578 2877 1704 2940 Eusebii
1722 2877 1832 2940 caasa·

962 2958 1074 3022 riensis
1090 2963 1120 3021 in
1137 2961 1267 3025 decreto
1283 2963 1322 3024 dc
1338 2962 1424 3024 libris
1440 2961 1638 3041 apocryphis.
1653 2959 1732 3022 addc
1748 2961 1831 3038 quod

962 3042 1021 3104 isto
1036 3047 1160 3119 auctor,
1178 3043 1312 3108 Graecus
1328 3045 1406 3116 luit,
1423 3060 1484 3105 non
1501 3043 1647 3118 Latinos,
1665 3057 1736 3104 cum
1752 3043 1833 3102 intcr

962 3139 990 3186 s.
1009 3124 1112 3187 Patres
1129 3141 1191 3188 non
1208 3127 1347 3200 posuerit
1360 3126 1593 3204 Hieronymum,
1610 3124 1831 3202 Augustinum,

962 3207 1111 3280 Leonem,
1128 3213 1189 3271 etc.
1203 3208 1270 3271 Nou
1282 3225 1355 3270 esse
1372 3210 1455 3270 hunc
1470 3207 1605 3280 eundem
1622 3204 1734 3266 librum
1758 3220 1831 3268 eum

963 3287 1054 3350 cuius
1068 3291 1185 3352 mentio
1200 3290 1345 3368 estapud
1359 3289 1567 3361 Anastasium,
1581 3294 1612 3349 ει
1623 3285 1829 3362 Gennadium,

963 3385 1003 3432 cx
1017 3386 1055 3432 eo
1070 3371 1246 3449 colligitur,
1270 3373 1354 3450 quod
1370 3369 1551 3436 duastnsius
1572 3367 1647 3431 dicit
1661 3383 1740 3446 opos
1755 3368 1831 3431 iilud

964 3450 1077 3514 Gelasii
1101 3453 1233 3516 divisum
1256 3453 1353 3516 luisse
1374 3452 1560 3531 inguinoue
1576 3450 1695 3512 libros:
1712 3449 1833 3521 Genuc-

964 3534 1035 3597 dtus
1049 3539 1150 3598 autem
1167 3534 1242 3598 dicit
1256 3535 1353 3599 luisse
1367 3536 1485 3615 grando
1499 3534 1642 3597 volumen
1657 3548 1665 3591 ε
1693 3531 1744 3594 hic
1759 3547 1832 3594 rcro

965 3614 1059 3680 unius
1074 3623 1139 3692 est,
1156 3623 1186 3678 ει
1202 3633 1263 3680 non
1287 3632 1418 3696 magnus
1433 3617 1522 3679 liber.
1539 3614 1603 3676 tlon
1620 3615 1753 3689 desunt,
1777 3613 1831 3691 qui

966 3697 1051 3760 bunc
1061 3698 1174 3761 librum
1187 3701 1282 3761 reliut
1294 3715 1364 3762 esse
1377 3699 1491 3762 Gelasii
1505 3696 1727 3771 Caesariensis,
1742 3696 1832 3758 cuius

965 3780 1106 3844 meminit
1120 3798 1147 3844 s.
1164 3781 1370 3859 Hieronymus
1390 3780 1422 3843 in
1445 3781 1500 3843 lib.
1518 3781 1556 3840 dc
1578 3779 1690 3855 script.
1707 3777 1830 3840 Eccles.

964 3861 997 3924 in
1014 3862 1147 3926 Gelasio.
1165 3863 1225 3927 Sed
1242 3865 1300 3926 istc
1315 3863 1462 3926 Gelasius
1473 3861 1509 3923 ad
1529 3868 1665 3938 tempora
1680 3858 1833 3938 Eutyche-

966 3946 1005 4007 tis
1021 3961 1083 4008 noo
1100 3947 1251 4024 pertenit,
1264 3962 1333 4006 cum
1348 3952 1416 4016 post
1428 3945 1529 4023 ipsum
1546 3942 1725 4004 deiunctum
1742 3943 1833 4004 luerit

966 4027 1140 4105 Episcopus
1155 4025 1321 4090 Gaesareao
1334 4027 1459 4093 Paulus.
1477 4032 1506 4087 ει
1522 4030 1591 4102 post
1601 4023 1727 4085 Paulum
1741 4023 1832 4084 Eulo-

967 4111 1050 4186 gius,
1067 4114 1230 4188 anteouam
1247 4108 1388 4172 haeresis
1403 4105 1583 4186 Eutychetis
1599 4110 1781 4183 appareret,
1800 4112 1833 4166 ut

964 4190 1054 4255 Gurd.
1070 4191 1219 4254 Esronius
1229 4191 1514 4255 demonstrotlomo
1525 4187 1604 4250 iisd
1616 4203 1731 4248 cunum
1745 4185 1831 4249 Ghri·

966 4273 1004 4336 sti
1021 4272 1094 4335 iss.
1118 4273 1278 4336 Praeterea
1301 4273 1342 4338 ab
1366 4287 1403 4334 eo
1429 4276 1591 4349 tempore,
1619 4285 1680 4344 quo
1705 4267 1832 4345 scripsit

966 4371 994 4418 s.
1007 4353 1216 4434 Hieronymus
1231 4356 1343 4418 tibrum
1360 4354 1399 4418 de
1412 4354 1525 4433 Script.
1537 4351 1659 4416 Ecolee.
1673 4351 1753 4425 cuod
1767 4357 1832 4413 crat

966 4453 1067 4500 nunus
1082 4434 1135 4500 ta.
1152 4437 1318 4500 'theodosii
1339 4436 1497 4511 senioris,
1519 4449 1619 4511 usque
1640 4434 1677 4497 ed
1694 4439 1831 4496 exortam

966 4519 1379 4598 hearesimEutychctis,qui
1393 4520 1525 4596 primum
1540 4516 1676 4596 apperuit
1688 4516 1830 4579 annulli.

966 4599 1134 4663 theodosii
1157 4600 1310 4677 lirniorie3
1334 4609 1407 4664 sunt
1428 4603 1499 4661 anni
1519 4600 1611 4679 paulo
1627 4599 1729 4659 miuus
1744 4613 1832 4659 sena-

967 4681 1073 4762 gintc:
1098 4699 1167 4745 uem
1190 4681 1384 4746 Theudosius
1409 4683 1515 4744 senior
1539 4682 1708 4756 supervixit
1733 4681 1833 4742 tribus

966 4763 1070 4842 ennls,
1086 4763 1201 4842 ouibus
1215 4765 1241 4828 si
1258 4767 1355 4828 eddns
1369 4779 1469 4827 annos
1481 4762 1602 4826 Arcadii
1620 4762 1780 4834 tredecim,
1801 4769 1832 4824 et

968 4861 1067 4911 onnos
1082 4847 1249 4909 Theodosii
1269 4847 1400 4909 iunioris
1421 4847 1621 4924 quadraginta
1638 4844 1739 4916 duos,
1756 4843 1833 4904 licnt

968 4928 1041 4991 enni
1057 4929 1276 5008 quinquaginta
1292 4935 1384 4992 octo:
1402 4943 1503 5006 neque
1517 4925 1668 4989 credibile
1684 4931 1731 4988 cst
1743 4923 1833 4988 Gola-

969 5009 1049 5074 sium
1065 5011 1231 5091 scripsisse
1246 5017 1352 5074 contra
1363 5008 1563 5088 Eutychetem
1579 5009 1649 5089 ipso
1664 5007 1763 5085 primo
1779 5024 1833 5069 an·

970 5109 1023 5170 no,
1037 5109 1099 5168 ouo
1111 5109 1246 5168 errorem
1259 5108 1349 5155 suum
1364 5091 1560 5154 monilestare
1573 5090 1750 5168 coepit,sed
1764 5097 1834 5166 post

967 5175 1037 5238 eius
1051 5175 1206 5238 haeresim
1223 5177 1280 5238 iam
1298 5174 1533 5250 promulgatum,
1551 5179 1582 5237 et
1595 5173 1725 5236 lortassc
1741 5172 1832 5235 ctiam

967 5257 1141 5321 damnatam
1156 5276 1164 5319 ε
1182 5272 1277 5335 quare
1292 5256 1442 5318 credibile
1458 5262 1516 5330 cst,
1534 5271 1622 5325 eum,
1639 5261 1690 5336 eut
1704 5269 1767 5317 non
1781 5269 1834 5316 su·

969 5340 1140 5416 perrixisso
1155 5354 1256 5415 usque
1270 5338 1308 5401 cd
1324 5338 1478 5402 haeresim
1494 5337 1687 5418 Eutyctrctis,
1705 5342 1756 5398 aut
1770 5337 1835 5416 ple·

969 5435 1010 5483 ue
1025 5419 1217 5498 decrepitum
1234 5420 1349 5496 tuisse,
1367 5428 1396 5483 ει
1411 5421 1549 5498 ineptum
1566 5423 1602 5484 ad
1619 5419 1834 5489 scribendum,

970 5501 1094 5580 quoodo
1108 5502 1249 5565 haeresis
1264 5503 1453 5582 Eutychiana
1469 5501 1652 5564 contutanda
1667 5507 1754 5564 erat:
1772 5516 1834 5564 non

970 5582 1053 5647 euim
1068 5573 1235 5648 verisimile
1250 5591 1310 5664 est,
1323 5600 1395 5648 cum
1411 5585 1508 5649 luisse
1523 5583 1767 5661 adolescentum,
1784 5588 1836 5646 εει
