4044 6256
792 361 897 418 brabit
916 359 1070 418 TERTIUS
1662 361 1714 418 dib

1 486 10 540 l
40 497 360 574 tractabilemque,
377 496 531 574 videlieet,
549 496 755 578 posticlicem
781 510 887 576 prege·
933 506 1053 576 piorum
1072 513 1238 559 memorem
1265 493 1406 576 ailligerc
1432 499 1561 560 solebat.
1586 496 1666 558 llinis
1689 497 1785 556 eruni-

2 564 10 622 ᾗ
42 587 153 650 niteris
169 587 214 647 sui
239 582 367 654 ebitum,
391 583 482 644 simul
497 581 670 662 Hungariae
693 597 728 641 ac
744 581 888 642 Polootae
932 586 1002 655 bus,
1020 601 1054 646 ac
1070 580 1237 658 Praecipue
1253 580 1365 642 Baetae
1380 579 1490 643 hieriae
1507 583 1558 644 liei
1583 581 1713 656 earcuo,
1731 578 1786 641 be·

38 668 171 749 Regem3
187 672 218 731 et
232 666 426 736 casimirum,
443 665 507 727 Diri
524 663 673 736 Casimiri,
690 663 743 744 (de
759 680 819 741 que
837 678 889 724 ne·
935 665 1199 748 nignissimaeqce
1215 665 1373 726 hominum
1396 664 1542 727 Patrooae
1559 665 1687 726 maxime
1703 661 1786 725 addi·

37 751 91 817 bis
107 767 209 818 sermo
225 745 285 830 cst)
297 749 413 812 Patrem
429 750 578 824 suscepit:
597 763 693 827 penes
708 763 798 825 quem
816 746 887 808 drrm
912 781 915 788 ,
935 760 1003 813 ctus
1019 757 1093 820 erat,
1112 765 1201 827 qnam
1218 764 1234 808 a
1250 765 1283 810 se
1301 749 1404 809 matris
1419 748 1566 828 singulari
1582 747 1708 809 artificio
1724 745 1787 806 ela·

40 845 113 915 post
129 837 321 898 immaturum
338 831 518 895 intasdislai
539 831 638 896 iratris
654 832 818 892 decessum
834 828 892 890 Re·
937 836 1063 909 boratis,
1080 839 1109 895 et
1125 831 1253 908 pulchro
1279 833 1446 904 schemate,
1463 847 1543 908 pene
1569 831 1671 893 emnia
1686 828 1788 891 Iocar-

42 923 98 998 gni
113 921 259 984 Peleniae
281 915 501 979 administratio
524 921 608 978 esset
630 919 721 992 nupta
746 915 773 974 ei
798 911 892 972 Elisa·
937 918 1068 979 nationis
1084 917 1255 977 dominicae
1281 915 1423 994 mysteria
1441 913 1668 988 claudentibus,
1686 913 1785 989 quoti·

41 1001 137 1068 betha
159 999 274 1064 libelli
298 1000 444 1062 Ausltlcel
468 999 684 1068 homuncium.
707 994 892 1075 Huogariae,
938 1004 987 1062 die
1003 1000 1033 1061 in
1049 1007 1160 1061 terram
1179 999 1253 1060 lusis
1274 999 1405 1076 genibus
1428 998 1479 1075 pio
1494 995 1603 1060 ellectu
1627 996 1789 1058 salutabat.

42 1095 76 1150 et
88 1085 252 1150 Behemiac
263 1082 457 1146 serenissimi
471 1081 561 1159 begis
575 1081 646 1158 lilia,
660 1099 713 1146 sex
726 1085 752 1140 ei
765 1080 893 1154 liberm,
939 1084 1075 1148 Crateris
1102 1099 1191 1160 porro
1213 1075 1366 1159 religiosis
1392 1079 1515 1158 officiis,
1538 1081 1660 1160 piisque
1675 1080 1787 1140 ritibus

44 1170 191 1235 nimirum
207 1167 414 1230 voladislaum
431 1167 481 1242 qui
497 1165 663 1228 Bebemiee
678 1174 707 1228 et
722 1163 895 1241 ilungariac
940 1185 1009 1230 cum
1026 1169 1056 1227 in
1081 1169 1157 1226 aede
1181 1182 1267 1227 sacra
1283 1172 1501 1244 peragerentur
1515 1184 1524 1239 3
1552 1166 1629 1226 adeo
1644 1162 1790 1238 turquens

43 1253 108 1316 Rex
123 1253 190 1328 init,
207 1251 320 1313 deinde
337 1248 441 1312 [tivum
458 1247 651 1326 cnsruuuo,
669 1257 737 1327 post
749 1248 894 1309 ioannem
941 1251 1137 1325 intereaque
1150 1248 1359 1327 aurosnepius
1375 1249 1405 1309 in
1422 1248 1547 1326 templo,
1562 1263 1650 1322 qnam
1668 1247 1697 1306 in
1712 1245 1793 1307 Pala·

42 1338 215 1410 aibertum,
242 1335 461 1405 Alexandrum,
488 1340 518 1394 ct
544 1331 771 1412 Sigismuodum
799 1331 896 1408 lieges
941 1337 995 1411 tio,
1012 1337 1135 1411 saepius
1152 1334 1181 1393 in
1198 1333 1316 1394 Patrem
1331 1332 1535 1405 linteatcrum,
1551 1333 1732 1409 pierumque
1745 1344 1793 1390 sa·

5 1419 8 1499 ζ
43 1417 206 1493 Pelusiae,
224 1415 457 1482 etFridericum
474 1414 816 1478 tituliSanetacLuciae
830 1411 897 1474 Gar·
941 1417 1097 1480 seruorum
1124 1417 1230 1492 choro,
1257 1430 1349 1491 quam
1371 1416 1550 1486 amicerum,
1574 1411 1793 1490 regiorumque

2 1502 8 1548 ι’
48 1503 187 1566 (lindiam
202 1499 476 1578 htohlcpiscoputn
492 1496 899 1577 Gnesttensetn,ptttluetll·
942 1501 1108 1564 aulicorum
1125 1505 1213 1561 coetu
1240 1499 1374 1561 videres,
1392 1499 1456 1572 Quo
1480 1504 1616 1575 tempore
1640 1509 1792 1573 saepenu-

52 1586 99 1648 dit
114 1586 264 1650 secundo.
280 1583 364 1646 later
385 1599 494 1644 emeres
515 1582 609 1644 Divus
629 1581 797 1646 casimirus
818 1579 901 1640 reiut
946 1599 1029 1646 mere
1045 1600 1059 1644 a
1077 1583 1222 1645 sensibus
1237 1581 1439 1657 abalienatus,
1453 1587 1544 1658 atquc
1567 1584 1647 1642 extra
1665 1593 1699 1641 se
1714 1579 1796 1656 posi·

49 1671 133 1734 inter
147 1667 335 1732 clarissimas
349 1681 486 1746 gemmas
501 1666 754 1742 speciosissimus
767 1661 900 1726 Carbuo·
946 1675 1005 1739 tus,
1023 1683 1059 1727 eo
1075 1665 1167 1728 animi
1184 1664 1293 1728 ardere
1307 1665 1454 1746 precibus
1470 1664 1607 1736 vacabat,
1626 1670 1658 1725 ut
1674 1661 1734 1724 cibi
1750 1667 1793 1722 at·

46 1754 137 1816 culus
154 1748 273 1814 enituit.
289 1749 334 1811 nb
356 1750 554 1812 incunabulis
576 1749 658 1811 enim
681 1763 800 1810 summa
816 1761 899 1814 eura,
946 1767 1005 1830 qne
1022 1757 1111 1827 petus
1126 1750 1305 1828 immemor,
1319 1749 1377 1812 oisi
1400 1751 1523 1828 saepius
1546 1746 1604 1809 sub
1621 1745 1728 1821 prandi
1745 1749 1797 1807 aut

47 1835 252 1914 dilittenliquti
274 1833 434 1898 educalus·
458 1849 516 1894 ⁰⁰³
539 1849 608 1895 etim
625 1834 716 1903 liele.
734 1847 769 1892 ec
784 1835 901 1892 semina
946 1849 1063 1896 coenae
1088 1833 1224 1894 horama
1252 1833 1431 1909 parentibus
1453 1831 1559 1893 missis
1585 1829 1720 1903 nunciis,
1743 1829 1797 1890 dc·

47 1917 169 1982 vidulis
185 1917 318 1989 imblblb
335 1933 412 1996 (tuce
425 1915 575 1995 deinceps
590 1933 645 1994 per
656 1916 807 1992 reliquam
821 1916 902 1974 aeta·
947 1934 1041 1989 mum,
1058 1917 1196 1993 «eorporis
1208 1915 1364 1978 reficiendi
1379 1931 1470 1978 causa
1483 1919 1674 1976 reuocaretur
1688 1931 1697 1991 3
1712 1915 1794 1974 tetes

50 2008 113 2066 tem
129 2002 347 2077 adhaeserunt.
365 2001 518 2062 sexennis
532 1999 632 2062 adhuc
646 2015 723 2078 puer
738 1994 903 2074 praeclaris
947 2003 1014 2063 dies
1030 2001 1097 2062 sine
1111 1999 1212 2076 epulis
1228 2009 1312 2061 esset
1323 2003 1542 2061 transacturus.
1560 1997 1618 2060 seo
1637 2011 1736 2074 neque
1753 1997 1795 2056 ta·

53 2086 215 2162 moribus,
250 2085 404 2162 bonisque
434 2082 532 2145 literis
563 2083 752 2145 erudiendus
781 2079 905 2158 optimis
947 2101 1018 2146 men
1034 2085 1142 2144 diurna
1158 2083 1214 2144 boc
1229 2083 1335 2144 orandi
1352 2082 1532 2144 assiduitate
1544 2087 1705 2143 contentus
1721 2083 1797 2155 crat;

49 2167 307 2249 Praeceptoribus
323 2161 338 2228 a
355 2165 534 2245 parentibus
549 2166 690 2236 traditus,
701 2168 817 2227 tantum
836 2177 905 2238 pre·
949 2167 1006 2229 nisi
1023 2169 1112 2228 etiam
1129 2169 1310 2242 intempesta
1327 2173 1417 2228 necte
1433 2170 1552 2228 estrate
1564 2177 1715 2244 persaepe
1726 2176 1799 2224 con·

54 2251 138 2328 lecit,
157 2257 190 2314 ιιι
204 2251 235 2311 in
252 2249 396 2312 omnibus
411 2265 608 2330 progressum
632 2252 698 2311 eius
715 2266 771 2324 que
789 2246 900 2317 oculis,
950 2257 1100 2330 surgeret,
1111 2264 1127 2309 e
1140 2249 1233 2310 cubiti
1247 2264 1281 2312 se
1296 2249 1373 2312 clam
1387 2247 1522 2324 elierret,
1536 2254 1566 2311 et
1582 2249 1676 2326 pedes
1690 2245 1800 2308 discal-

55 2352 115 2412 qca
138 2333 263 2398 auribus
286 2333 510 2410 accipientibus
532 2350 592 2396 oco
610 2331 795 2394 mediocrem
812 2328 907 2390 admi·
950 2342 1065 2404 ceatus,
1095 2333 1178 2395 nolio
1195 2339 1271 2394 teste
1287 2334 1429 2412 precandi
1453 2348 1543 2394 causa
1560 2331 1666 2392 aedem
1684 2343 1800 2391 sacram

55 2419 208 2481 rationem
226 2416 377 2480 excitarit.
394 2415 465 2479 Erat
479 2419 510 2478 in
527 2433 563 2478 eo
579 2433 643 2480 rara
662 2415 783 2477 indoles
799 2411 903 2484 animi,
949 2419 1089 2480 actitaret.
1109 2416 1143 2476 Ει
1167 2416 1311 2490 quoniam
1340 2417 1520 2494 plerumqoe
1536 2411 1592 2498 (id
1608 2414 1688 2490 qued
1706 2412 1800 2474 meris

55 2503 180 2580 egregia
203 2503 343 2578 corporis
366 2499 472 2570 torma,
497 2515 598 2562 mores
620 2497 760 2570 candidi,
784 2511 905 2570 suares,
950 2505 1021 2578 esc)
1046 2501 1197 2562 obserans
1222 2501 1310 2560 asnis
1335 2501 1373 2562 ab
1400 2500 1540 2578 ingressu
1557 2495 1796 2575 protribebatua3

54 2587 125 2648 sine
139 2583 229 2657 lastu,
245 2583 359 2663 quibus
374 2584 607 2660 assequebatur,
625 2583 785 2658 atquibus
807 2585 907 2640 utere·
952 2587 1025 2647 satis
1041 2582 1195 2662 religioni,
1212 2582 1285 2645 satis
1307 2582 1381 2655 Deo,
1405 2585 1527 2660 sibique
1550 2582 1660 2642 lactum
1679 2578 1804 2656 putabat

59 2673 120 2742 lut,
140 2684 242 2744 iiius,
267 2672 476 2747 ³⁰⁰⁰Pl¹¹S<iU0
499 2671 594 2730 esset.
611 2664 700 2728 Certe
721 2663 863 2734 mollier,
880 2669 911 2724 et
953 2668 979 2729 si
996 2667 1137 2730 nimirum
1155 2668 1370 2729 saorasratras
1393 2667 1569 2740 salutasset,
1591 2662 1734 2744 lacrymis
1757 2675 1804 2724 re·

57 2754 91 2814 in
108 2751 228 2814 deliciis
243 2751 393 2814 educatus
409 2750 495 2813 diaes
515 2767 550 2810 ac
566 2751 732 2826 opulentos
748 2747 908 2821 Princeps,
953 2751 1062 2830 tigtosa
1077 2750 1182 2812 limina
1200 2747 1345 2829 rigasset;
1362 2756 1452 2821 atque
1476 2750 1535 2813 bec
1551 2755 1639 2826 nacto
1662 2752 1693 2807 in
1706 2745 1803 2824 preci·

57 2835 92 2899 in
109 2834 236 2897 maxima
253 2833 407 2896 affluentia
425 2849 538 2903 rerum,
554 2833 758 2909 iuventaeque
775 2830 908 2900 licentia,
954 2834 1014 2896 bus
1030 2849 1147 2911 pernox
1160 2833 1196 2894 ad
1214 2833 1295 2895 iores
1311 2831 1417 2912 templi
1434 2833 1658 2910 perdurasset,

57 2918 217 2998 praeclara
238 2916 355 2994 specie,
372 2915 540 2994 habituque
561 2917 703 2992 corporis
725 2913 913 2976 adolescens
997 2919 1062 2993 Quo
1079 2918 1148 2979 ioco
1173 2916 1355 2996 saepissime
1376 2915 1435 2979 sub
1462 2931 1600 2977 auroram
1615 2931 1630 2975 a
1648 2909 1806 2977 nocturnis

59 3001 108 3064 sui
125 2999 329 3079 parensium
352 3004 384 3062 et
404 3015 473 3062 eum
496 2999 667 3077 transgredi
690 2997 834 3077 potuerit,
851 3011 911 3056 oon
956 3001 1150 3072 custodibus,
1176 3006 1266 3075 atqua
1291 3000 1434 3080 vigitinus
1463 2999 1560 3074 numi,
1588 3003 1650 3060 toto
1676 3009 1807 3071 corpora

60 3088 110 3148 cst
124 3091 349 3161 transgressus,
367 3097 425 3144 nee
441 3082 518 3143 maia
533 3081 630 3162 gessit
652 3080 685 3142 in
702 3081 757 3142 rita
774 3096 842 3142 sua.
858 3077 913 3140 ba·
956 3089 1143 3160 prostratus,
1172 3083 1380 3159 precibusque
1404 3083 1554 3154 intentus,
1581 3089 1628 3144 cst
1652 3085 1806 3159 rapertus.

60 3165 164 3229 bcnlls
177 3165 269 3228 huius
282 3165 397 3228 saeculi
410 3165 504 3244 gloria
518 3172 705 3243 contempta,
723 3169 791 3242 posi
806 3177 912 3223 autum
957 3170 1066 3231 Verum
1083 3168 1239 3229 enimvero
1267 3168 1348 3243 parvi
1371 3169 1450 3228 hane
1472 3165 1610 3244 eorporis
1636 3165 1807 3228 molestiam

63 3266 126 3312 non
150 3249 236 3326 abiit,
253 3247 328 3310 etin
345 3246 498 3310 thesauris
525 3247 675 3326 pecuniae
698 3264 758 3310 eon
784 3245 917 3324 sperarit
959 3251 1147 3322 aestimans,
1174 3265 1245 3310 rere
1272 3250 1426 3329 egregius,
1455 3265 1490 3310 ae
1517 3256 1642 3312 sanctus
1667 3247 1809 3323 iurenis,

65 3332 139 3394 dum
158 3331 285 3394 hicnon
312 3331 426 3394 hebere
452 3347 487 3394 sc
513 3335 663 3396 civitatem
687 3336 915 3410 permanentem
960 3334 1036 3397 adeo
1059 3332 1163 3395 multis
1190 3331 1220 3395 in
1246 3333 1339 3395 rebus
1366 3335 1560 3394 innocentem
1591 3349 1626 3394 ae
1648 3331 1810 3395 delicatam

65 3413 291 3495 contemplans,
311 3413 405 3477 divini
422 3415 535 3478 amoris
559 3413 678 3478 lacibus
700 3412 918 3482 inflammatus.
960 3434 1082 3481 earnem
1106 3433 1191 3479 suam
1208 3416 1404 3494 vexabat3ut
1426 3432 1495 3478 eum
1520 3431 1579 3477 oen
1604 3431 1726 3478 carnem
1749 3413 1811 3492 spi·

66 3513 160 3562 omne
175 3498 310 3560 studium
334 3499 372 3560 ad
393 3495 525 3561 luteram
549 3497 763 3575 inquirendam
778 3513 840 3572 nen
857 3515 918 3560 me·
961 3501 1030 3564 ritui
1054 3500 1232 3578 subiugare,
1256 3500 1337 3580 qued
1354 3501 1391 3562 nh
1408 3500 1550 3579 dpestulo
1577 3497 1718 3561 traditum
1741 3510 1813 3559 esse

65 3581 219 3645 nuiactam
236 3580 267 3642 in
283 3580 369 3644 caelo
381 3582 540 3658 convertit,
559 3581 609 3643 obi
622 3582 783 3644 thesauros
798 3598 856 3645 nee
869 3597 918 3644 ae·
961 3585 1082 3648 divinae
1098 3583 1203 3646 literae
1225 3584 1406 3661 perhiben13
1434 3585 1487 3647 scd
1515 3584 1639 3663 penitus
1664 3586 1695 3644 in
1721 3593 1813 3645 carne

69 3682 158 3745 ruge,
173 3679 276 3744 neque
290 3665 369 3727 tinea
385 3663 561 3740 demolitur,
578 3679 636 3726 nec
658 3665 742 3727 iures
756 3662 917 3728 effodiunt.
963 3671 1031 3732 siue
1053 3683 1144 3729 carue
1171 3667 1272 3730 rivere
1297 3667 1433 3730 voluisse
1456 3669 1591 3743 putares.
1614 3665 1762 3744 Equidem
1779 3664 1811 3724 io

70 3747 224 3828 Perpetuo
239 3754 340 3810 autem
363 3748 529 3810 memoriae
544 3746 611 3810 eius
626 3747 725 3811 inerat
738 3748 872 3810 divinum
886 3750 920 3810 it·
964 3751 1151 3831 respuendo,
1170 3756 1200 3812 et
1221 3751 1449 3814 contemnendo
1473 3748 1689 3811 blandissimas
1717 3747 1814 3811 demi·

67 3831 122 3895 lud
138 3830 307 3906 oraculum,
320 3831 400 3908 quod
413 3831 526 3910 Regius
539 3831 781 3907 Vates,cacleste
793 3831 918 3896 domici·
965 3851 1021 3898 nas
1037 3832 1221 3910 cupiditates
1237 3833 1515 3910 constantissimus,
1539 3834 1569 3894 in
1585 3831 1766 3894 reirenaodo
1781 3845 1814 3891 o·

68 3914 142 3977 lium
157 3913 242 3976 adire
255 3913 618 3993 cupientibus,inculcat:
632 3913 775 3977 nimirum
789 3916 820 3977 in
837 3932 920 3978 men·
967 3935 1055 3981 mnes
1070 3916 1194 3978 illicitae
1210 3918 1371 3995 voluptatis
1387 3916 1550 3978 illecebras
1561 3915 1815 3994 vigilantissimus

69 4001 131 4060 tem
144 3997 262 4058 [lumini
275 3998 430 4060 nemiuem
444 4013 657 4069 ascensurum,
670 4011 920 4078 necqucmquam
966 4004 996 4063 in
1013 4000 1229 4062 abstinentiae
1253 4000 1322 4063 cibo
1349 4007 1379 4062 et
1400 4005 1473 4080 putu
1496 3997 1761 4076 religiosissimus,
1784 3997 1816 4066 in

68 4079 101 4142 in
113 4081 183 4142 leco
195 4083 300 4142 sancto
313 4081 359 4143 cis
371 4079 500 4143 fixurum
517 4081 627 4157 pedem
640 4081 700 4144 nisi
713 4080 867 4158 quiiuerit
878 4083 922 4143 in·
967 4099 1089 4159 somno,
1107 4084 1301 4163 caeterisque
1316 4081 1408 4146 rebus
1430 4083 1593 4152 eiusmodi,
1609 4087 1698 4158 atque
1714 4079 1816 4142 carnis

71 4176 191 4226 nocens
217 4160 371 4236 menibus,
387 4169 418 4226 ct
440 4164 555 4226 mundo
571 4163 675 4231 corde.
693 4163 745 4241 qui
761 4181 821 4227 noo
837 4181 924 4228 acce·
966 4167 1233 4232 commoditatibus
1250 4169 1449 4247 parcissimus
1462 4165 1527 4227 init.
1541 4161 1626 4226 Adeo
1641 4166 1671 4224 in
1687 4164 1754 4225 aula
1767 4176 1814 4225 re·

2 4315 3 4318 Ἴ
50 4259 53 4264 ’
72 4245 195 4325 peritia
208 4259 317 4308 aunum
329 4245 459 4308 animam
473 4261 570 4315 suam,
583 4261 640 4306 nec
652 4247 837 4309 iuraveritin
851 4249 922 4312 delo
968 4251 1017 4331 gia
1034 4265 1094 4312 oen
1110 4250 1256 4325 aulicum,
1274 4256 1324 4311 aut
1338 4250 1464 4329 stirpem
1486 4246 1601 4326 regiam
1625 4247 1750 4326 degere,
1768 4261 1817 4308 rc·

2 4333 3 4408 1
73 4327 211 4408 proxime
236 4343 305 4391 sce.
322 4328 527 4402 Quamobrem
553 4328 725 4390 vehementi
740 4330 792 4391 ille
808 4331 922 4410 gloriae
970 4350 1036 4397 rum
1054 4335 1085 4394 in
1112 4333 1244 4396 claustro
1265 4332 1428 4411 religiosae
1454 4330 1636 4408 disciptinae
1662 4335 1817 4392 assuetum

2 4487 3 4490 Ἴ
78 4410 227 4487 perennis
250 4414 394 4474 aestuans
419 4411 585 4486 desiderio,
614 4419 646 4473 nt
670 4412 923 4476 iucundissimam
970 4415 1081 4480 Christi
1107 4415 1249 4478 athletam
1275 4417 1365 4478 vitam
1393 4413 1553 4478 instituere
1568 4413 1760 4474 arbitrarere.
1775 4410 1819 4473 Ac

76 4494 240 4558 Beatorem
267 4494 393 4572 patriam
420 4502 673 4572 consequeretur,
697 4495 733 4556 ed
755 4513 821 4558 eam
838 4513 926 4575 regu·
971 4500 1009 4562 de
1026 4500 1085 4560 hec
1101 4497 1201 4578 rigore
1217 4502 1305 4574 ritae,
1322 4499 1413 4560 etiam
1430 4497 1500 4558 dum
1517 4496 1614 4558 morbi
1631 4497 1675 4556 vis
1692 4511 1761 4557 euro
1776 4497 1817 4555 te·

2 4597 3 4610 ι
77 4577 140 4640 lam
154 4592 262 4640 omnes
277 4577 415 4642 aciones
430 4595 503 4642 scas
517 4578 725 4648 coniermarit,
740 4594 828 4657 quem
842 4595 927 4658 prae·
973 4589 1021 4644 eto
1037 4581 1202 4660 aliquando
1217 4581 1374 4654 affixisset,
1396 4581 1472 4643 nibil
1488 4580 1614 4641 omnino
1637 4577 1818 4641 remittebat.

75 4659 137 4724 iate
149 4660 435 4724 cruccicunlrersis
447 4661 927 4726 ritaechristianaesectatoribus
973 4663 1107 4738 Quadam
1121 4664 1186 4728 rice
1202 4666 1272 4728 dum
1290 4683 1305 4727 a
1321 4663 1446 4726 iledicis
1467 4663 1637 4730 iuberetur,
1655 4661 1764 4724 diebus
1776 4661 1821 4723 io·

78 4742 249 4826 praescribi
264 4742 535 4808 animadvertebat.
552 4743 612 4807 ileu
627 4753 675 4808 est
697 4745 822 4809 dubium
840 4748 927 4809 citam
974 4747 1112 4810 terdictis
1126 4750 1164 4810 ab
1188 4748 1340 4825 Ecclesia,
1363 4748 1453 4820 laete,
1482 4753 1511 4807 et
1537 4743 1690 4808 similibus
1713 4744 1819 4823 resei;

4 4888 7 4909 ,
77 4828 858 4907 eiusomniumvirtutumornamcntisconspicuam
872 4830 927 4891 Re·
976 4830 1086 4894 adduci
1103 4833 1187 4895 nuile
1204 4829 1411 4912 paetopotnit,
1429 4836 1462 4892 ut
1477 4830 1702 4907 obsequeretur
1717 4843 1821 4890 eorum

78 4910 132 4992 goi
145 4909 338 4991 proceribus,
356 4910 487 4989 aliisque
513 4909 648 4974 cuiusvis
669 4912 785 4975 ordinis
801 4913 930 4975 hemini-
977 4915 1157 4991 consilio,et
1171 4915 1400 4995 recuperandae
1411 4913 1548 4976 sanitatis
1560 4911 1717 4991 gratia,rel
1728 4912 1822 4973 iatum

77 4994 139 5058 bus
153 5013 162 5074 3
177 4993 256 5057 ritae
271 4992 352 5058 bene
368 5011 404 5056 oc
419 4995 614 5058 laudabiliter
637 4994 843 5059 instituendae
859 4997 931 5058 icis·
978 5013 1110 5077 unguem
1129 5015 1144 5060 a
1167 4999 1379 5061 sanctissimae
1395 4997 1496 5060 listris
1521 4993 1680 5057 Ecclesiae
1706 4994 1824 5069 placitis

1 5067 10 5122 l
76 5092 111 5140 se
127 5077 298 5155 exemplar.
310 5075 457 5140 Vitiorum
475 5079 611 5141 omnium
624 5076 694 5156 iuga
716 5078 786 5141 talis
801 5095 836 5141 ac
850 5084 930 5142 tanta
978 5080 1176 5144 descisceret.
1195 5080 1288 5156 Quam
1304 5087 1364 5143 tam
1375 5097 1472 5143 raram
1495 5077 1678 5140 nobilissimi
1693 5075 1822 5150 invenis,

76 5157 109 5222 in
126 5176 163 5223 ee
178 5159 246 5234 tuit,
264 5167 296 5222 ut
311 5159 402 5224 etiarn
419 5160 557 5234 quamvis
579 5175 685 5222 eorum
710 5163 847 5238 speciem
863 5163 931 5225 dili·
977 5171 1068 5244 atque
1084 5165 1269 5244 singularem
1285 5180 1355 5246 erga
1370 5160 1593 5226 sanctissimam
1604 5159 1714 5224 christi
1727 5159 1824 5236 spon*

79 5241 261 5322 gentissime
277 5247 410 5306 cureret.
427 5242 559 5306 Proinde
574 5243 678 5308 lusum
702 5246 829 5309 vestium
847 5252 876 5308 ct
890 5247 932 5309 ie·
979 5263 1042 5310 sam
1059 5246 1294 5320 observantiam,
1321 5263 1356 5310 ea
1373 5252 1420 5309 est
1445 5245 1561 5308 ratione
1588 5243 1686 5306 divina
1703 5243 1824 5305 bonitas

81 5325 121 5389 eti
142 5325 313 5402 mollitiem,
341 5331 486 5405 tanquam
512 5327 662 5406 peccandi
690 5327 823 5391 tomitem
840 5330 934 5392 decii·
979 5337 1185 5406 remunerata,
1202 5338 1235 5394 ut
1250 5332 1325 5393 nihil
1343 5344 1443 5408 oeque
1456 5328 1636 5390 abstinentia
1650 5327 1823 5405 rigorinrn·

81 5424 170 5484 nans,
188 5409 232 5471 uti
247 5413 329 5472 nuda
345 5408 438 5473 homo
454 5424 508 5488 pru
524 5410 632 5481 cubiti,
649 5416 731 5472 etex
746 5411 880 5474 horridis
903 5431 932 5474 c·
980 5413 1148 5476 latudinem
1166 5417 1304 5492 corperis
1319 5415 1529 5492 promereret3
1553 5425 1653 5488 neque
1665 5407 1758 5471 buius
1774 5408 1828 5468 im·

83 5505 209 5568 querum
237 5491 317 5554 seris
342 5499 518 5569 comparato
545 5493 657 5568 cilicio,
682 5495 814 5572 aliisque
829 5495 936 5559 verbe·
981 5496 1135 5560 beciiiitas
1150 5497 1243 5559 anirui
1265 5497 1461 5569 alacritatem,
1480 5501 1569 5574 atque
1584 5491 1735 5570 perlectae
1750 5489 1827 5554 ritae

1 5568 11 5630 i
79 5587 144 5636 rum
159 5573 378 5654 asperitatibus
401 5577 483 5640 retur
504 5575 703 5653 cupiditatum
728 5577 935 5642 moderatrici·
982 5574 1653 5658 studiumretardaret.Qntppequinumine
1676 5574 1828 5637 revelante

2 5658 13 5736 Q
83 5654 935 5737 husteosromcareem,conminussaepeqcameri·
982 5658 1650 5743 iamdidieerat,oequeioilrmiratemistem
1667 5659 1828 5722 mentiou-

82 5737 120 5804 de
132 5735 243 5806 Christi
259 5739 451 5808 cruciatuum
466 5739 574 5806 salutis
589 5747 711 5808 nestrae
726 5757 818 5808 eausa
829 5758 935 5808 susce·
982 5747 1122 5822 citarem,
1135 5747 1167 5810 et
1180 5745 1313 5810 bumana
1334 5743 1491 5823 remedia,
1507 5741 1534 5806 si
1549 5755 1628 5822 ques
1642 5746 1759 5819 esseut,
1776 5751 1827 5802 os·

1 5834 13 5889 l
