4080 6252
305 327 358 384 494
896 323 939 377 bl]
961 321 1056 378 ΑΡιΤΕ
1077 319 1368 378 anniballianus

231 437 1087 540 mini,inquietusoaldepueriuit,'Fbecdorusnomi·
1133 457 1298 520 cumbunt:
1328 455 1411 517 nunc
1437 441 1552 515 addere
1581 453 1679 514 risum
1704 451 1865 532 est,'quid
1890 447 2002 510 illista-

232 559 298 615 ne,
325 545 429 624 quiin
454 541 683 604 Monostcriam
708 556 813 602 meum
834 541 970 617 fratrem
993 553 1089 601 sunm
1135 541 1279 603 ciendum
1294 535 1477 618 iu'pcriculo
1490 551 1527 598 ex
1539 535 1648 598 morbo
1660 535 1824 614 diuturno,
1836 531 2001 596 sedatior·

231 627 417 690 necessitate
443 628 547 704 napis
575 639 675 703 qoam
700 623 864 686 uoluntate
889 631 1015 684 seculus
1031 631 1086 683 est.
1135 624 1219 685 dein
1237 623 1372 702 periculo
1396 619 1503 683 mortis
1525 626 1704 683 versantur.
1729 620 1807 681 Sunt
1825 617 2002 680 antemnis

112 691 114 698 ’
230 709 313 789 (iio.
329 709 360 774 i.
377 727 449 786 cap.
466 711 495 770 b.
513 704 612 780 litai.)
629 705 685 768 Cui
706 709 865 769 nimirum
893 721 990 785 praue
1007 717 1086 778 erut,
1133 708 1292 770 bominum
1305 703 1551 786 genera,quibus
1563 710 1645 764 extra
1659 705 1800 766 morbum
1816 707 1997 764 consuetud

229 795 259 857 si
273 795 345 875 quis
356 811 417 872 pro
431 793 535 854 sainte
561 807 625 853 sua
653 791 783 870 aliquid
811 792 1007 870 toqueretur,
1036 789 1088 852 bo·
1134 793 1273 853 imminet
1287 790 1394 852 mortis
1409 789 1591 849 discrimen.
1609 787 1691 848 dliis
1707 789 1789 848 enim
1809 787 1913 848 adest
1930 799 1999 846 mors

230 893 278 944 na
302 878 388 940 enim
409 893 477 939 non
496 875 601 938 solnm
629 874 760 950 facere,
787 876 843 934 scd
873 875 970 934 etiam
990 873 1088 936 'cndi-
1133 875 1318 956 propinqua,
1345 872 1522 951 improvisa,
1547 875 1577 932 et
1603 876 1697 944 certa,
1721 870 1835 948 quales
1861 867 1997 952 santoni

230 978 267 1025 re
286 977 355 1024 non
376 967 512 1039 poterat.
541 960 722 1036 Numquam
741 974 773 1018 sc
800 959 845 1018 ad
871 963 1003 1018 sanctae
1016 973 1088 1020 eon·
1134 959 1340 1038 corripiuntur
1355 955 1529 1033 apoplexia,
1549 954 1596 1014 vel
1612 954 1764 1018 feriuntur
1784 951 1932 1016 coelesti
1953 949 1997 1010 tul·

233 1046 424 1108 versationis
439 1042 584 1104 babilam
599 1044 719 1115 occire,
741 1041 896 1116 iurando,
919 1041 1098 1103 irascendo
1135 1045 1229 1104 minc.
1245 1041 1320 1104 llliis
1334 1041 1423 1101 adast
1434 1051 1516 1098 mors
1533 1035 1716 1117 propingua,
1734 1053 1792 1100 nec
1816 1036 1995 1115 improvisa,

186 1131 189 1138 '
235 1127 413 1190 deridendo
431 1126 617 1187 testabatur.
634 1125 672 1185 la
688 1125 749 1185 bac
765 1133 874 1184 autom
894 1125 1088 1200 pestilentia,
1134 1142 1191 1188 nec
1207 1132 1300 1198 certa,
1317 1123 1372 1185 sed
1394 1122 1481 1184 raldo
1504 1120 1685 1199 probabilis,
1710 1122 1820 1202 quales
1841 1119 1997 1199 sunbardi

233 1227 317 1292 quac
328 1227 434 1287 nuper
445 1209 542 1271 buius
553 1206 642 1270 urbis
664 1207 821 1284 populum
833 1223 954 1284 magna
966 1225 1087 1286 enpar.
1134 1211 1181 1274 rel
1196 1203 1319 1272 bellum'
1336 1210 1448 1286 gerunt
1469 1220 1537 1266 cum
1554 1203 1706 1277 boslibus,
1730 1205 1778 1268 rel
1791 1206 1826 1267 in
1843 1206 1912 1266 alto
1930 1201 1998 1264 muri

237 1301 265 1356 te
280 1294 489 1372 consumpsit,
505 1307 675 1370 percussus
690 1293 727 1352 in
748 1293 896 1368 inpuine,
915 1299 960 1351 est
972 1295 1090 1370 perdn·
1134 1311 1203 1356 cum
1218 1291 1362 1354 fluctibus
1383 1297 1413 1351 et
1427 1294 1586 1351 ventorum
1600 1287 1723 1351 flatibus
1746 1294 1908 1368 pugnant.
1927 1288 1998 1348 Aliis

232 1386 302 1441 ctus
317 1378 362 1439 ad
375 1383 520 1439 mortem.
537 1375 679 1452 tuasque
695 1378 876 1435 eutrcmum
890 1377 1042 1451 spiritum
1056 1393 1090 1436 a·
1135 1376 1269 1454 dariique
1290 1375 1461 1456 propinqua
1485 1386 1567 1432 mors
1583 1378 1641 1446 est,
1665 1387 1724 1434 nec
1740 1373 1929 1450 improuisa,
1947 1385 1998 1433 net

231 1468 329 1542 peret,
347 1465 564 1522 conuenerunt
576 1459 715 1526 Fratres,
733 1463 769 1519 at
784 1473 945 1534 opressum
956 1458 1046 1519 illius
1058 1474 1090 1518 o·
1135 1461 1265 1532 incerta,
1281 1459 1388 1536 quales
1405 1461 1487 1531 sunl,
1504 1455 1557 1532 qui
1574 1454 1697 1517 decreto
1712 1453 1864 1518 iudicisa
1880 1455 1998 1520 carnii·

231 1544 340 1609 raudo
355 1549 570 1622 protegerent.
587 1541 659 1601 Jam
674 1557 790 1618 carpus
806 1541 873 1602 eius
889 1541 929 1600 ab
944 1550 1091 1606 eactremo
1138 1560 1173 1606 ce
1187 1542 1353 1604 feriuntur.

231 1633 324 1707 parte
334 1625 441 1703 fuerat
454 1633 699 1704 praemortuum
718 1672 725 1697 ,
757 1623 870 1684 insola
887 1629 1015 1687 tantam
1038 1639 1093 1702 pe·
1176 1625 1266 1688 Primi
1282 1621 1407 1704 generis
1422 1622 1564 1684 homines
1580 1621 1697 1683 nullum
1714 1621 1796 1684 aliud
1820 1625 1998 1692 remedium

231 1718 316 1774 ctorc
336 1710 443 1771 uitalis
470 1708 577 1771 adbuc
592 1707 682 1769 calor
697 1706 883 1768 arietabat.
902 1705 1014 1770 Cuncti
1030 1724 1087 1770 uu·
1138 1710 1263 1784 babent,
1292 1709 1349 1769 nisi
1375 1705 1594 1785 quotidianam,
1622 1713 1669 1766 ret
1694 1707 1795 1783 potius
1820 1709 1999 1773 continuam

231 1798 293 1857 tem
309 1795 437 1855 Fratres
453 1799 541 1854 tanto
555 1799 728 1870 coeperant
739 1806 800 1868 pro
816 1805 854 1851 eo
873 1793 1006 1853 eaiuius
1018 1807 1090 1853 ora·
1140 1794 1244 1854 mortis
1261 1794 1453 1852 memoriam.
1468 1789 1567 1866 Aluus
1591 1789 1628 1848 ad
1645 1789 1701 1851 bos
1721 1792 1849 1934 profic
1866 1797 2000 1869 pertinet

232 1893 280 1953 re,
298 1883 422 1956 quanto
439 1891 512 1938 eura
525 1875 593 1935 iarn
608 1873 760 1935 uidebant
780 1871 839 1934 sub
862 1875 1023 1936 celeritate
1038 1876 1087 1936 di·
1136 1877 1316 1954 gravissima
1331 1875 1382 1936 illa
1394 1873 1515 1934 Domini
1529 1869 1692 1934 Salratoris
1704 1875 1772 1934 adm
1798 1875 1876 1935 nitio
1895 1893 1905 1937 :
1924 1875 2018 1956 Vipi,

233 1962 371 2024 scedere.
393 1960 478 2022 Tunc
504 1965 635 2036 repente
658 1958 761 2034 coepit
788 1957 909 2018 eisdem
923 1957 1092 2020 Fratribus
1137 1960 1210 2033 late,
1236 1962 1316 2039 quia
1340 1957 1469 2022 nescitis
1484 1956 1582 2025 diem,
1599 1969 1704 2035 nepae
1725 1957 1856 2020 boram.
1874 1955 2018 2040 (Hattb.'

232 2043 453 2106 assistentibus
467 2043 620 2115 clamore,
631 2048 808 2118 atquecnm
820 2042 949 2118 nropnis
961 2040 1092 2104 uocibus
1136 2041 1203 2122 25.)
1219 2042 1323 2105 Gravis
1339 2038 1534 2119 quidem,sed
1550 2041 1683 2114 pretiosa
1700 2043 1908 2114 necessitate,
1927 2063 1998 2122 quae

232 2129 379 2190 oratione
395 2141 506 2188 corum
518 2127 766 2200 interrumpere,
788 2124 899 2184 dicens
910 2142 917 2182 ι
930 2123 1090 2187 Recedite.
1136 2127 1173 2187 ad
1187 2127 1300 2205 optima
1317 2131 1347 2185 et
1358 2123 1519 2186 utilissima
1535 2124 1705 2200 compellit.
1719 2123 1750 2186 si
1764 2126 1886 2188 diceret
1898 2126 2000 2190 Domi·

232 2209 312 2272 Fece
337 2211 476 2272 draconi
490 2208 534 2270 cd
559 2207 784 2269 deuorandum
810 2208 906 2270 datus
935 2223 1019 2280 sum,
1036 2212 1093 2286 qai
1138 2227 1207 2286 nus,
1225 2209 1354 2288 Vigilate
1367 2206 1441 2269 nudi
1454 2206 1485 2267 in
1502 2219 1572 2266 aere
1587 2205 1789 2286 frigidissimo
1804 2211 1916 2272 donec
1933 2229 1998 2274 con·

230 2301 362 2373 propter
375 2299 514 2355 uestram
529 2291 749 2369 praesentiam
771 2291 928 2350 deuorare
952 2307 1003 2352 mc
1024 2306 1093 2354 non
1137 2293 1259 2372 gelenis,
1276 2300 1305 2354 el
1318 2289 1465 2367 disruptis
1480 2287 1619 2364 undique
1634 2291 1778 2353 carnibus
1794 2293 1999 2374 extinguami·

227 2384 342 2456 potest,
359 2380 458 2454 caput
472 2389 580 2438 mcum
595 2375 663 2435 iarn
677 2389 737 2440 sao
753 2388 807 2434 ore
820 2372 1001 2436 absorbuit:
1019 2377 1093 2437 date
1138 2378 1180 2448 ni,
1195 2384 1227 2436 ut
1238 2374 1441 2454 Quadraginta
1455 2373 1601 2450 Martyres
1613 2372 1685 2434 olim
1699 2375 1919 2456 vigilaverunt:
1931 2397 1999 2442 non

232 2461 339 2522 lucum
362 2470 462 2536 utmc
489 2473 558 2519 non
580 2457 722 2534 amplius
748 2456 879 2532 cruciet,
911 2456 966 2518 sed
989 2459 1091 2534 iac-iat
1138 2475 1177 2520 ne
1193 2460 1223 2520 id
1241 2457 1411 2520 laciendum
1429 2462 1513 2519 esset
1530 2461 1561 2516 ut
1583 2456 1684 2520 securi
1700 2463 1737 2526 ad
1753 2469 1919 2522 aeternam
1940 2463 1999 2526 ieli-

232 2545 320 2622 quod
344 2541 477 2604 acturas
501 2547 556 2602 est.
582 2539 616 2601 Si
642 2540 672 2600 ei
686 2541 731 2601 ad
758 2541 982 2602 decorandum
997 2543 1093 2603 datas
1138 2544 1258 2604 citatem
1276 2541 1348 2603 laeti
1365 2540 1623 2618 perveniremus?
1637 2548 1668 2602 et
1681 2541 1707 2602 si
1724 2543 1853 2605 deceret
1868 2561 1878 2606 :
1893 2546 1999 2628 Vigila-

231 2643 315 2710 sum,
333 2641 434 2704 quare
446 2633 642 2703 propteroos
654 2638 761 2683 moras
772 2625 904 2700 patior?
919 2631 995 2685 tunc
1013 2625 1093 2696 Fra·
1138 2636 1167 2688 te
1183 2627 1257 2687 nodi
1273 2633 1303 2686 ct
1314 2623 1477 2685 craticulae
1493 2621 1617 2700 alligati,
1633 2623 1731 2688 donec
1744 2645 1760 2688 a
1771 2627 1998 2710 subiecloigne

232 2718 295 2771 tres
307 2717 483 2788 coeperunt
496 2711 529 2769 'ei
544 2708 661 2768 dicere.
679 2703 761 2781 Quid
777 2714 820 2766 est
835 2707 923 2783 quod
938 2707 1092 2787 loqueris,
1137 2710 1256 2770 ardenti
1273 2725 1341 2770 cum
1359 2708 1465 2766 intimo
1482 2715 1512 2767 et
1527 2709 1675 2769 acerrimo
1691 2709 1797 2772 dolore
1819 2717 1997 2793 consumpti

231 2792 346 2870 frater,
362 2795 493 2869 sipnnm
512 2789 571 2851 ribi
584 2795 716 2851 sanctae
735 2787 844 2850 tracis
858 2789 1022 2868 imprime.
1036 2791 1093 2852 Re·
1137 2793 1175 2854 dc
1192 2794 1249 2852 vila
1265 2793 1428 2860 recedatis,
1443 2798 1475 2852 ut
1489 2789 1639 2867 quondam
1656 2808 1725 2853 cum
1739 2792 1856 2856 Sancto
1870 2795 1999 2860 Lauren·

231 2876 363 2956 spondit
386 2875 444 2936 ille
473 2875 605 2936 dicens:
636 2870 707 2932 Volo
722 2889 773 2932 me
788 2874 931 2948 signare,
947 2875 1004 2935 sed
1024 2889 1092 2936 non
1137 2876 1179 2937 tio
1194 2883 1293 2937 actum
1307 2875 1401 2935 luisse
1417 2874 1565 2952 legimus3
1592 2871 1693 2936 nonne
1717 2877 1746 2936 id
1762 2895 1893 2956 quoque
1910 2883 1996 2945 alacri

229 2974 375 3040 possum,
392 2959 471 3037 quia
485 2957 630 3033 squamis
652 2955 748 3015 buius
762 2956 914 3018 draconis
928 2972 1092 3033 praemor.
1138 2960 1240 3020 animo
1256 2959 1428 3018 iaciendum
1442 2964 1536 3030 esset,
1551 2966 1582 3020 ut
1594 2960 1767 3036 gebennam
1780 2961 1869 3040 ignis
1882 2969 1995 3028 aeterni

234 3041 376 3121 denteque
390 3041 448 3102 bue
462 3041 577 3117 iratres
606 3039 758 3100 audirent
772 3057 780 3112 3
804 3041 959 3114 prostrati
978 3042 1014 3101 in
1033 3051 1092 3102 ter·
1138 3043 1364 3105 evaderemus?
1380 3040 1415 3104 m
1430 3056 1490 3101 aon
1508 3041 1566 3103 boc
1582 3041 1665 3104 iubet
1680 3041 1833 3106 Dominus
1846 3045 1932 3111 Deus
1949 3066 1995 3110 no-

231 3143 305 3189 ram
320 3141 393 3188 cunr
410 3124 584 3202 lachrymis
601 3129 774 3195 coeperant
795 3138 854 3198 pro
877 3126 1041 3199 ereptione
1055 3126 1092 3186 il·
1137 3134 1200 3188 ster
1215 3124 1359 3186 omnibus
1376 3123 1489 3200 nobis3
1512 3126 1566 3187 sed
1585 3133 1616 3188 ot
1637 3125 1812 3204 vigilemus,
1829 3145 1874 3192 ne
1891 3133 1996 3195 dormi-

231 3209 295 3272 tius
309 3208 526 3272 uehementius
541 3205 689 3268 orarelit
705 3220 774 3265 ecce
795 3204 898 3267 subito
914 3210 1015 3283 coepit
1039 3225 1093 3269 ae·
1137 3208 1262 3269 entibus
1284 3209 1396 3281 nobis;
1420 3206 1467 3267 iur
1490 3215 1658 3271 nocturnus
1674 3209 1827 3285 adveniat,
1847 3221 1881 3275 et
1897 3231 1994 3279 aurem

232 3309 290 3372 per
309 3293 452 3354 ciamare
468 3292 597 3352 dicens:
616 3287 742 3350 Gratias
760 3287 833 3363 beo,
850 3305 919 3350 ecce
942 3293 1041 3352 draeo
1055 3293 1093 3353 il·
1137 3289 1319 3366 charitatis3
1347 3293 1393 3353 rel
1418 3305 1555 3368 gemmas
1576 3291 1820 3370 pretiosissimae
1837 3299 1993 3376 castitatis,

233 3377 273 3450 le,
291 3377 348 3454 qni
359 3391 410 3436 me
421 3375 466 3436 ad
476 3373 700 3435 deuorandum
711 3381 890 3448 acceperat,
903 3372 999 3451 sapit,
1017 3390 1091 3436 ora·
1136 3379 1183 3437 vel
1196 3375 1372 3438 thesaurum
1386 3373 1469 3444 tidei,
1484 3380 1536 3435 aut
1546 3376 1602 3436 alia
1616 3391 1702 3439 verae
1715 3379 1837 3442 virtutis
1851 3380 1934 3444 buna
1948 3401 1995 3446 oo·

234 3457 377 3520 tionibus
390 3459 500 3520 uestris
517 3457 671 3534 empulsus
687 3459 773 3516 stare
794 3471 862 3516 non
882 3459 1008 3532 potuit:
1032 3472 1091 3534 pro
1136 3459 1227 3520 bisin
1246 3463 1372 3536 peccato
1389 3457 1612 3522 dormientibus
1624 3459 1745 3538 eripiat:
1759 3469 1788 3522 et
1801 3479 1918 3526 somno
1932 3485 1996 3544 pec·

232 3544 370 3622 peccatis
381 3543 460 3603 meis
471 3542 565 3602 modo
577 3539 776 3606 intercedite,
791 3540 871 3616 quic
882 3543 1091 3618 concertipa·
1136 3543 1194 3604 cati
1211 3542 1333 3603 lethalis
1355 3543 1508 3619 oppressi,
1533 3550 1563 3604 et
1578 3552 1675 3606 morie
1691 3550 1925 3626 praeoccupati,
1942 3551 1993 3612 Re·

233 3632 325 3688 ratus
339 3641 423 3700 sum,
440 3631 469 3686 ct
483 3623 684 3685 saecularem
704 3623 805 3683 uitam
824 3620 973 3698 funditus
994 3623 1092 3686 relia—
1135 3629 1187 3704 gni
1214 3625 1359 3686 coelestis
1384 3626 1528 3685 iacturam
1550 3625 1709 3704 iaciamus,
1727 3635 1756 3690 et
1771 3632 1802 3691 in
1820 3634 1994 3710 gebennam

235 3724 345 3790 arrae.
361 3708 460 3772 Homo
476 3723 560 3786 crgo,
579 3707 637 3783 qui
650 3706 730 3779 iam,
746 3705 1030 3782 scaturescentes,
1047 3707 1087 3770 ab
1134 3709 1207 3787 igne
1223 3708 1436 3788 inextingubili
1452 3710 1608 3772 ardentem
1631 3699 1830 3789 proiciamur,
1856 3717 1895 3777 nt
1911 3719 1995 3795 pauci

235 3795 382 3855 entrema
397 3791 538 3867 corporis
551 3795 645 3866 parte
659 3787 768 3863 fuerat
788 3797 1027 3864 praemortuus,
1044 3807 1091 3851 re·
1136 3801 1218 3858 sunt.
1237 3793 1288 3869 aui
1305 3791 1351 3853 sic
1366 3799 1493 3868 repente
1511 3795 1690 3866 moriantur,
1707 3803 1739 3857 ut
1754 3797 1878 3860 nubum
1895 3803 1941 3864 eis
1952 3819 1995 3865 re·

234 3880 378 3939 semotus
394 3875 438 3935 ad
451 3874 564 3946 uitam,
580 3876 643 3931 tcto
659 3871 754 3931 corde
777 3873 822 3932 ad
842 3871 943 3933 Deum
959 3889 1086 3935 eouocr-
1136 3875 1272 3938 medium
1288 3873 1389 3937 alierri
1405 3881 1507 3951 queat.
1523 3875 1608 3955 Esto,
1626 3878 1716 3954 pauci
1738 3880 1824 3958 sint;
1842 3885 1929 3947 unde
1944 3901 1992 3950 na·

234 3974 302 4032 sus,
319 3963 375 4033 est;
390 3960 500 4034 etpost
514 3971 613 4034 quarn
625 3960 768 4015 mutatus
782 3961 885 4016 mente
897 3956 957 4017 diu
970 3965 1014 4016 est
1027 3957 1090 4030 fla·
1133 3960 1171 4020 sti
1200 3965 1229 4020 tc
1254 3974 1315 4019 non
1341 3960 1475 4020 laturum
1501 3975 1595 4026 unum
1624 3962 1762 4024 exiliis?
1790 3972 1823 4027 et
1836 3966 1865 4028 si
1882 3967 1992 4032 dalilis

233 4042 326 4122 peliis
351 4039 620 4112 desiderassem
643 4039 712 4099 cius
736 4039 850 4099 anima
871 4054 970 4100 carne
983 4040 1090 4102 saluto
1135 4042 1243 4121 paucis
1260 4058 1340 4104 unus
1356 4043 1427 4112 eris,
1446 4043 1517 4121 quid
1534 4044 1669 4122 proderit
1690 4044 1743 4108 libi
1766 4049 1933 4114 multitudo
1948 4069 1995 4115 eo·

235 4132 291 4188 est.
308 4123 389 4186 llaec
404 4132 529 4184 sanctus
545 4120 720 4216 Gregorius.
1135 4143 1213 4196 rum,
1232 4125 1283 4203 qui
1299 4123 1450 4187 eiusmodi
1467 4127 1637 4204 periculam
1652 4133 1843 4194 eraserunt?
1858 4135 1940 4197 dudi
1953 4153 1995 4200 er·

275 4208 402 4270 Discunt
427 4206 520 4286 igitur
546 4220 598 4282 qur
621 4203 823 4264 monentibus
845 4204 1003 4276 assistunt,
1028 4223 1089 4269 non
1136 4225 1186 4288 go,
1204 4209 1327 4286 quando
1351 4209 1423 4270 licet
1438 4204 1493 4270 tibi
1509 4217 1566 4270 tam
1584 4213 1769 4275 horrendum
1792 4216 1913 4279 malum
1929 4237 1994 4282 cra-

235 4299 295 4353 tam
312 4307 380 4352 cum
398 4295 522 4368 aegroto
538 4287 620 4364 loqui
637 4304 727 4364 qoam
743 4287 840 4349 Deum
858 4304 912 4366 pro
929 4305 966 4350 eo
981 4293 1090 4352 arden·
1135 4292 1222 4363 dere,
1239 4291 1401 4354 consilium
1424 4291 1521 4354 Patris
1545 4297 1640 4358 nostrl
1656 4295 1711 4358 liei
1727 4297 1892 4362 clamantis
1908 4311 1939 4364 cl
1954 4306 1994 4366 di-

234 4381 281 4438 ter
296 4389 396 4436 orare.
411 4371 516 4468 Neque
533 4387 747 4466 quoscumque
772 4370 915 4465 nomines
937 4374 972 4434 ad
991 4373 1090 4435 visen·
1135 4377 1250 4438 centis:
1268 4376 1412 4454 Vigilate,
1427 4376 1568 4455 uipilate,
1586 4379 1665 4458 guia
1678 4381 1809 4445 nescitis
1821 4383 1926 4462 diem,
1943 4405 1994 4452 ne·

234 4459 307 4521 dum
324 4462 481 4535 aegrotum
497 4471 528 4516 ιη
541 4461 685 4516 extremis
701 4463 898 4516 constitutam
916 4457 1089 4532 admittere,
1135 4475 1196 4540 pne
1211 4459 1338 4524 boram.

233 4543 289 4604 sed
305 4541 385 4602 viros
401 4538 469 4618 pios
483 4546 513 4599 et
528 4539 654 4615 probos,
678 4538 730 4616 qui
746 4535 906 4615 ¹soltragiis
926 4539 992 4600 suis
1015 4541 1091 4602 mul·
1174 4541 1264 4604 Alteri
1276 4542 1383 4621 generi
1399 4542 1569 4622 bominum,
1585 4544 1637 4622 qui
1651 4545 1699 4608 vel
1711 4545 1741 4607 in
1754 4547 1839 4612 bello
1856 4563 1989 4632 repenle

235 4630 296 4686 tum
314 4625 434 4684 valeant
458 4625 538 4698 apud
561 4619 669 4681 Deum.
694 4620 818 4682 linitum
836 4621 917 4682 enim
934 4625 1008 4684 salet
1023 4639 1089 4685 ore·
1136 4627 1245 4687 mortui
1261 4627 1385 4699 cadunt,
1403 4627 1449 4688 rel
1466 4625 1495 4687 in
1510 4629 1584 4689 mari
1598 4631 1624 4688 vi
1639 4628 1830 4706 tempestatis
1842 4635 1883 4696 ab
1901 4642 1992 4701 undis

234 4706 276 4768 tio
291 4707 363 4768 iusti
378 4704 500 4768 assidua
517 4710 546 4764 ct
562 4703 692 4765 terreas.
708 4703 744 4765 Et
758 4705 1013 4781 quemadmodum
1025 4707 1087 4769 dia·
1135 4709 1270 4786 absorpti
1286 4711 1513 4788 extinguuntur,
1530 4711 1586 4772 tria
1602 4710 1742 4776 rideatur
1756 4731 1828 4780 esse
1841 4733 1990 4785 necessa·

232 4789 408 4865 bolus,quia
425 4787 577 4851 modicum
595 4793 716 4862 tempus
731 4787 834 4858 babet,
851 4801 972 4850 omnem
991 4799 1090 4852 movet
1134 4793 1177 4854 ria
1190 4799 1222 4853 ut
1237 4792 1366 4854 feliciter
1381 4794 1560 4857 moriantur.
1577 4793 1708 4858 Primum
1725 4807 1793 4873 est,
1817 4809 1851 4862 ut
1865 4805 1908 4864 ad
1927 4805 1989 4868 bel·

234 4871 367 4950 lapidem
383 4873 414 4934 in
433 4888 469 4934 eo
484 4869 631 4948 temporis
647 4869 835 4946 articulo;sic
850 4869 987 4944 etiamst
998 4874 1091 4934 multo
1135 4876 1197 4937 lom
1213 4890 1273 4937 non
1290 4875 1511 4949 accedant,nisi
1524 4884 1645 4940 constet
1660 4881 1706 4943 eis
1721 4879 1835 4945 bellum
1852 4901 1932 4951 esse
1948 4892 1989 4951 io·

232 4954 363 5031 amplius
375 4955 489 5016 debent
501 4953 608 5016 ildeles
621 4955 709 5014 amici
724 4953 828 5015 iuvare
841 4955 985 5031 precibus
1001 4960 1031 5017 et
1046 4959 1086 5017 la·
1135 4965 1226 5021 stum:
1244 4965 1294 5020 aut
1309 4962 1334 5020 si
1351 4975 1411 5022 non
1428 4962 1607 5037 sponte,sed
1623 4965 1718 5024 coacti
1731 4981 1747 5027 a
1760 4969 1891 5046 proprio
1909 4973 1990 5052 prin·

234 5037 369 5116 cbrymis
394 5039 501 5102 iratres
531 5053 604 5099 suos
634 5037 671 5097 de
695 5039 847 5115 praesenti
871 5039 995 5100 saeculo
1021 5057 1088 5102 exe·
1135 5042 1203 5118 cipe
1218 5057 1298 5103 arma
1315 5045 1449 5120 capiant,
1467 5043 1576 5106 saltem
1591 5047 1652 5108 non
1669 5045 1905 5126 sciant,'b‘ellum
1920 5073 1987 5120 esso

234 5128 337 5185 untes.
1134 5125 1291 5187 iniustum.
1309 5125 1359 5188 Sic
1381 5127 1462 5187 enim
1479 5127 1568 5190 docet
1590 5145 1616 5191 s.
1637 5129 1827 5209 Augustinus
1844 5136 1879 5198 in
1899 5139 1985 5202 libris

571 5235 652 5300 cle.
677 5232 755 5295 xlv.
1022 5291 1023 5294 Ἴ
1135 5209 1402 5271 contremiscam
1426 5209 1648 5274 lianicbacum.
1673 5211 1742 5295 (lib.
1761 5217 1812 5279 22.
1830 5235 1904 5300 cap.
1924 5221 1986 5308 lb.)

231 5353 273 5415 lle
288 5348 528 5428 quartodecimo
540 5357 710 5427 praecepto
723 5349 806 5412 Artis
821 5351 901 5414 bene
914 5348 1088 5414 moriendi.
1134 5291 1248 5447 {3⁰33}
1257 5307 1355 5437 ,ffl'
1368 5294 1711 5456 fflgssffisczzssergrssg'cirss
1725 5303 1988 5467 βὲιηῃοηξὶιιδιηίῧὲἓι

271 5435 380 5498 ”ma
394 5448 463 5493 ²⁰⁹²
474 5439 585 5507 ”mma
602 5437 690 5512 ΨΜ
705 5438 749 5495 ‘³⁸²
771 5435 810 5496 de
823 5437 875 5508 ’ἤδη
895 5437 951 5510 ‘3¹⁸²
965 5449 1033 5496 ηοη
1048 5449 1090 5495 ⁶³²
1135 5473 1194 5519 non
1212 5475 1304 5538 posse
1319 5458 1435 5520 bellare
1451 5460 1616 5538 docet,nisi
1629 5465 1705 5526 sciat
1718 5466 1836 5530 bellum
1855 5487 1932 5536 esse
1944 5477 1985 5538 iu·

272 5523 422 5581 ⁰⁰⁹¹⁸¹⁴⁰²⁰
433 5515 558 5590 m⁰rb⁰r
575 5518 632 5578 sed
645 5535 686 5580 ΒΨ
697 5515 769 5579 αιῑα
780 5534 878 5580 ⁰⁰¹²³⁰
891 5519 1088 5580 mmmm·
1134 5549 1227 5603 stum:
1245 5542 1367 5605 militem
1384 5547 1483 5604 autem
1501 5559 1615 5620 posse,
1640 5549 1730 5611 modo
1747 5565 1805 5612 non
1822 5557 1909 5618 sciat
1924 5559 1985 5622 bel·

272 5629 441 5694 nocuimus
463 5631 623 5697 hactenus,
647 5647 704 5722 qua
721 5631 838 5692 ratione
855 5645 1033 5724 comparare
1055 5641 1089 5691 sc
1134 5625 1196 5686 lum
1213 5641 1283 5688 esse
1298 5625 1457 5722 iniustum.
1471 5627 1605 5724 Alterum
1622 5636 1680 5700 est,
1696 5639 1729 5695 ut
1749 5634 1780 5695 in
1795 5635 1883 5700 bello
1899 5639 1985 5723 leges

233 5713 369 5778 debeant
382 5715 419 5776 ad
436 5719 561 5776 martem
578 5729 586 5773 ι
613 5727 663 5788 qur
680 5729 716 5776 ex
743 5716 849 5776 inorbo
872 5713 1014 5775 diuturno
1039 5713 1091 5774 de·
1134 5709 1298 5773 observent
1313 5715 1409 5771 sancti
1422 5709 1547 5774 Ioannis
1562 5711 1726 5791 Baptistae,
1743 5718 1795 5797 qui
1810 5719 1985 5807 interroga·
