4080 6252
783 346 890 406 elaea
909 347 1045 410 netues
1666 347 1719 430 lit

9 465 118 536 ludex
133 473 237 554 populi
260 477 321 550 sui,
345 492 383 541 es
405 475 543 552 peccatis
562 474 710 550 liliorum,
727 489 806 552 quos
821 493 883 538 non
931 498 1031 546 snam.
1048 481 1180 544 Proinde
1202 482 1355 548 christum
1371 497 1433 544 aon
1457 481 1627 560 imitantur,
1650 485 1702 564 qui
1719 495 1791 546 uxo·

9 549 213 624 educaverat
228 565 261 622 ut
276 576 330 640 par
344 565 420 633 erat,
437 566 468 624 et
481 565 591 639 postea
604 557 776 624 deteriores
790 555 888 621 lactes
932 581 996 628 rom
1013 565 1146 644 diligunt
1162 575 1288 645 propter
1302 567 1427 642 termam
1443 566 1598 640 eximiam,
1615 562 1697 648 capti
1710 581 1793 630 amo·

9 650 86 698 non
106 641 309 721 corripuerat.
323 643 436 706 misere
450 659 520 706 cnm
532 643 605 708 liliis
618 641 720 722 pariit,
735 642 889 720 etprinci-
933 665 966 710 re
993 650 1234 727 pulchritudinis
1250 650 1336 726 eins3
1352 651 1397 710 oei
1415 657 1539 728 propter
1561 649 1662 710 dotcm
1680 647 1790 712 maila-

9 726 133 794 iatum
162 727 270 806 populi
295 729 343 810 sui
369 727 490 804 amisii;
506 726 581 806 quid
602 727 642 789 de
666 725 731 789 iltis
755 723 822 797 bet.
836 725 886 803 qui
933 749 999 794 mm
1016 732 1146 796 millium
1161 749 1545 808 nummorumaureorum,
1559 733 1792 811 autopuipntis·

9 816 85 866 uon
103 807 205 872 solum
232 809 314 874 fliius
327 827 389 874 noa
413 810 495 873 bana
522 811 655 872 educare
680 809 818 884 student,
834 809 889 872 sed
933 815 1040 878 simam
1068 817 1288 879 hereditatem:
1306 816 1355 878 isli
1378 815 1461 878 enim
1478 833 1538 878 non
1555 814 1686 894 diligant
1700 829 1793 894 spon·

9 893 166 970 exemplo
179 893 276 957 maiae
288 893 367 958 ritae
382 911 457 959 suae
470 895 541 958 ilios
553 896 590 956 ad
605 893 798 972 peccandum
813 894 889 954 inri·
934 916 1012 977 sam,
1026 902 1081 962 sed
1096 899 1158 978 ipsi
1173 915 1208 962 se
1223 900 1366 979 diliguni,
1380 899 1542 977 cupientes
1555 901 1664 963 satiare
1677 914 1793 962 coneu-

9 973 88 1034 laui
101 975 117 1034 l
132 983 216 1040 certe
232 977 309 1042 nihil
329 978 413 1042 aliud
430 985 594 1058 expectare
607 978 733 1050 dehent,
751 977 810 1038 nisi
826 977 889 1040 eri·
934 983 1083 1046 scentiam
1100 987 1204 1046 earnis
1226 999 1313 1058 suae,
1331 986 1378 1044 rel
1393 981 1676 1059 concupiscentiam
1690 981 1795 1044 oculo·

9 1057 88 1118 turn
107 1058 288 1125 horribilem
305 1069 336 1127 et
350 1061 452 1124 sibiet
467 1059 557 1140 illlis3
574 1060 633 1122 alsi
650 1068 768 1122 mature
780 1062 889 1138 resipi·
935 1083 1001 1127 rum
1014 1082 1237 1144 suerum.quae
1249 1068 1372 1128 avaritia
1385 1065 1569 1128 dicitur.Sic
1582 1063 1796 1128 Salomonini·

9 1147 125 1216 scant,
142 1148 171 1206 et
183 1144 405 1220 poenitentiam
422 1147 608 1222 condignam
621 1149 725 1226 agani.
937 1151 977 1210 tio
989 1150 1111 1226 sapien.
1124 1147 1169 1232 (3.
1182 1147 1330 1230 Repli.)
1342 1152 1377 1211 ad
1394 1150 1534 1211 ultimam
1546 1147 1709 1225 insipiens,
1720 1147 1796 1210 dile-

53 1224 201 1292 Ailerum
214 1227 399 1294 llarrinonll
414 1227 529 1290 bonam
545 1235 592 1290 est
607 1227 697 1304 idea,
712 1243 791 1306 quae
807 1227 837 1300 iq
853 1243 890 1288 eo
935 1235 978 1296 xii
991 1250 1102 1296 uxores
1113 1244 1142 1294 ει
1156 1235 1348 1296 concubinas
1361 1250 1432 1294 snas
1445 1248 1504 1294 noa
1517 1247 1620 1294 amore
1633 1231 1796 1310 amicitiae,

9 1311 126 1382 Eosila
152 1318 211 1384 081.
236 1319 270 1372 ul
293 1309 469 1392 inlelllsstnl
490 1311 653 1390 θθιιὶιιιιθὸ,
670 1328 784 1387 ⁰0illtls
799 1327 889 1374 suum
936 1319 991 1380 sed
1005 1318 1407 1396 amaracoacnpiscenliae3
1420 1314 1622 1394 cupiensnon
1639 1314 1701 1376 illis
1717 1315 1797 1378 benc

9 1405 88 1454 aon
105 1410 180 1458 esse
195 1411 300 1472 suum,
317 1396 374 1459 sed
389 1396 556 1474 coniugis3
573 1400 603 1456 ει
617 1393 698 1456 sicut
712 1410 772 1456 nen
790 1401 892 1474 polest
938 1401 1049 1476 iacere,
1059 1400 1114 1462 sed
1127 1403 1283 1478 carnalem
1296 1400 1577 1477 concupiscentiam
1589 1414 1676 1460 snam
1690 1396 1798 1476 impie·

9 1492 108 1540 unus
125 1477 215 1541 alleri
226 1479 367 1542 debitum
384 1479 890 1558 ness³t02510nonpotestcopiam
936 1500 983 1562 re3
1004 1501 1062 1562 qua
1078 1484 1331 1560 concupiscentie
1348 1489 1542 1554 excaecatus,
1558 1497 1620 1542 non
1639 1480 1738 1543 timuit
1752 1496 1799 1542 sa·

9 1560 68 1654 sui
94 1561 237 1640 corperis
260 1563 349 1624 alteri
371 1580 462 1642 qaam
478 1562 604 1641 proprio
620 1561 743 1639 coniugi
768 1561 868 1624 iacere
882 1580 890 1638 3
937 1567 1075 1629 criticarc
1088 1567 1150 1630 diis
1165 1567 1335 1643 alienisme
1348 1565 1476 1628 delicias
1490 1581 1563 1626 suas
1575 1565 1623 1626 vei
1637 1565 1797 1628 minimum

9 1658 116 1706 curus
131 1645 178 1708 rei
189 1645 314 1724 signum
330 1652 377 1709 est
392 1645 538 1708 annulus.
553 1643 634 1706 Haec
650 1645 786 1708 doctrina
810 1647 890 1723 apud
938 1655 1146 1712 contristaret.
1161 1651 1246 1724 Quod
1260 1657 1360 1712 autem
1374 1647 1513 1711 Christus
1526 1649 1557 1708 in
1571 1649 1715 1725 coniugio
1731 1661 1800 1710 oum

9 1723 208 1806 Apostolum
225 1730 352 1792 disertis
366 1728 470 1792 verbis
484 1731 610 1808 tegitur:
627 1727 755 1792 cUxori.
768 1730 890 1808 inquii,
939 1735 1074 1796 Ecclesia
1090 1750 1151 1796 non
1169 1734 1336 1812 quaesierit
1350 1735 1502 1810 seipsum,
1519 1731 1549 1805 id
1563 1735 1621 1802 esi,
1637 1729 1799 1792 utilitatem

9 1827 24 1867 ε
50 1817 105 1871 vir
122 1812 260 1875 debitum
278 1813 396 1883 reddar,
413 1813 556 1876 similiter
571 1819 671 1873 aulem
695 1818 727 1872 ει
739 1829 814 1872 onor
828 1814 893 1874 vire
939 1819 985 1878 vel
1002 1820 1189 1893 voluptatem
1205 1833 1304 1892 suam,
1327 1817 1519 1880 sedhonurn
1531 1813 1692 1879 Ecclesiae
1708 1828 1802 1894 spon·

9 1910 25 1954 ε
48 1892 232 1960 Muliersui
256 1900 396 1975 corporis
419 1901 600 1974 potestatem
625 1912 685 1957 non
709 1896 812 1970 habel,
838 1895 891 1958 sed
939 1917 1004 1973 sae,
1032 1903 1234 1979 perspicuum
1260 1907 1309 1963 est
1335 1917 1371 1962 cx
1396 1897 1499 1960 verbis
1522 1895 1746 1974 sequentibus:
1763 1895 1804 1957 Et

9 1994 25 2034 n
51 1979 116 2040 sir.
135 1977 284 2044 Similiter
299 1986 399 2042 autam
415 1985 446 2042 et
461 1980 505 2042 rir
520 1981 567 2041 sui
595 1981 736 2056 corporis
758 1986 893 2057 potesta·
938 1988 1081 2064 seipsum
1105 1985 1440 2062 candidissimoque
1460 1981 1556 2044 iilam
1568 1977 1802 2060 sanctificaret,

9 2077 26 2120 ε
50 2066 122 2123 tam
139 2079 200 2125 non
217 2065 322 2134 habet,
337 2065 392 2126 sed
410 2065 532 2125 mulier.
549 2062 647 2126 il'olite
659 2061 802 2141 ,ireddere
818 2063 893 2122 inei·
939 2071 1108 2130 mendam
1124 2071 1255 2130 lavacro
1269 2065 1532 2146 appeemperhn
1547 2066 1645 2126 ailae.
1658 2061 1743 2125 ilaec
1758 2061 1803 2124 ni-

9 2162 26 2204 ε
51 2162 142 2218 cem,
161 2147 221 2208 nisi
236 2146 314 2210 iorte
330 2163 367 2210 ar
383 2164 542 2210 censensu
557 2147 594 2208 ad
611 2153 748 2224 tempus,
761 2151 795 2208 ul
807 2163 893 2207 race-
941 2152 1050 2212 mirum
1069 2158 1116 2214 εει
1128 2168 1199 2215 rara
1215 2153 1347 2228 perlecta
1364 2151 1511 2224 charitas,
1528 2149 1648 2211 tradere
1664 2147 1803 2224 seipsum

9 2245 25 2286 c
52 2229 100 2290 tls
115 2229 245 2294 orationi
260 2249 289 2292 ε.
305 2229 351 2312 (t.
362 2229 483 2313 domii.)
495 2229 578 2296 Haeo
590 2241 638 2292 est
652 2231 827 2307 apostolica
841 2231 895 2290 do·
940 2236 978 2297 ad
994 2236 1147 2315 supplicia
1164 2233 1220 2310 p'ro
1235 2236 1335 2298 salute
1347 2233 1656 2295 aelernaeEcciesiae
1669 2244 1805 2312 sponsae

9 2313 137 2388 ctrina,
155 2329 247 2394 qaam
264 2312 430 2392 diligenter
449 2329 634 2378 conservare
650 2315 767 2376 debent
789 2313 894 2376 conia·
940 2319 1142 2396 suaelieqne
1154 2319 1253 2380 solun
1267 2317 1374 2380 dilexit
1386 2315 1526 2380 Christus
1538 2315 1708 2376 Ecclesiam
1723 2329 1806 2376 amo·

9 2411 81 2474 ges
100 2394 279 2471 Christiani,
296 2401 322 2460 si
337 2399 421 2462 hena
437 2399 513 2460 mori
526 2397 716 2460 desiderant.
728 2398 895 2460 Adulteros
941 2418 974 2465 re
985 2403 1151 2476 amicitiae,
1165 2418 1227 2463 non
1240 2400 1534 2479 concupiscentiae3
1549 2398 1603 2458 sed
1618 2413 1721 2458 amora
1736 2413 1805 2475 per·

9 2480 124 2573 enim.
140 2479 168 2544 si
184 2479 300 2561 publici
323 2487 397 2547 sini.
418 2482 508 2544 lacile
532 2481 577 2543 εει
601 2481 724 2544 iudices
740 2484 821 2543 iuste
839 2498 894 2559 pu·
942 2495 1047 2564 polae,
1067 2502 1128 2548 non
1144 2487 1181 2546 ad
1195 2491 1331 2562 tempus.
1348 2486 1419 2546 ham
1443 2479 1703 2560 quemadmodum
1718 2485 1806 2542 natu·

9 2571 138 2634 nrunl:
155 2565 204 2626 εει
219 2565 354 2646 cognati,
371 2563 491 2638 athaes,
509 2563 637 2626 honoris
658 2566 754 2645 gralia
771 2566 809 2627 de
833 2579 895 2627 nie·
942 2586 1004 2631 ram
1020 2571 1197 2645 humanam,
1214 2585 1306 2643 quam
1322 2568 1420 2631 semel
1442 2568 1625 2642 assumpsit,
1638 2578 1805 2640 numquam

9 2646 76 2708 dio
94 2649 225 2712 tolient:
253 2649 309 2712 sed
336 2649 476 2712 occultos
503 2649 554 2728 qui
571 2649 667 2710 multo
683 2656 755 2710 sunt
777 2650 894 2727 piures,
942 2652 1069 2728 dimisit,
1086 2655 1133 2714 sic
1149 2654 1241 2714 eiiam
1255 2651 1424 2716 Ecclesiam
1447 2665 1593 2728 sponsam
1616 2645 1739 2710 vinculo
1754 2661 1806 2710 oa·

9 2727 127 2792 ludex
154 2733 354 2810 omnipotens
381 2740 411 2793 ει
432 2730 634 2808 iustissimas,
658 2748 751 2810 quern
775 2737 895 2794 secreta
942 2738 1040 2815 ningit
1057 2736 1236 2798 insolubilis
1251 2735 1313 2798 sibi
1335 2734 1496 2798 adiunxit:
1513 2732 1553 2794 lm
1568 2731 1726 2794 charitate
1738 2745 1810 2809 per·-

9 2830 90 2877 non
114 2813 221 2894 latent,
239 2815 309 2881 sine
324 2815 419 2880 dubio
443 2815 481 2878 ad
503 2823 628 2878 aelerna
651 2815 805 2894 supplicia
822 2833 894 2878 con·
940 2825 1040 2897 pelen
1058 2821 1165 2882 (ιιιεεει
1179 2825 1221 2894 ιε,
1236 2816 1370 2900 (ierem.
1393 2813 1460 2900 al.)
1475 2818 1516 2878 aii
1538 2829 1592 2893 per
1610 2814 1806 2892 Prophetam.

10 2897 203 2960 damnabit.
943 2901 1807 2974 Elhaeceslcausa,ouriiatrimoninmconsummatum

63 2979 353 3062 T⁰f¹l⁰¹11b⁰¹¹⁰ffls
370 2983 465 3061 idque
479 2979 721 3058 ¹¹0bl¹1⁵⁸lfflllm‚
738 2987 785 3044 esi
800 2980 895 3061 gratia
942 2988 1024 3065 apud
1040 2985 1232 3048 Christianos
1246 2987 1287 3048 sil
1302 2987 1428 3048 omnino
1439 2981 1609 3046 insolubile
1620 3000 1629 3059 ;
1642 2985 1712 3057 qnia
1724 2981 1807 3044 rido-

10 3061 235 3142 Sacramenti,
250 3085 340 3144 quam
355 3067 438 3128 heus
449 3066 519 3144 ipse
531 3067 678 3128 cordibus
691 3068 896 3136 piorumcon·
943 3069 1015 3132 iicet
1037 3077 1085 3132 εει
1106 3070 1350 3142 Sacramentum,
1374 3065 1556 3146 signiticans
1577 3064 1807 3128 matrimonium

13 3145 140 3228 iugum
158 3149 311 3230 inlundit3
327 3149 353 3212 si
368 3150 439 3212 dum
462 3150 643 3228 coniugium
660 3149 797 3228 legitime
813 3149 897 3210 ceie·
944 3152 1056 3214 Christi
1073 3169 1142 3215 cum
1158 3152 1312 3230 Ecclesia,
1325 3150 1408 3231 qued
1422 3150 1650 3212 matrimonium
1662 3155 1709 3210 esi
1721 3146 1808 3226 peni·

10 3231 148 3302 braim,
172 3231 233 3310 ipsi
254 3235 406 3316 coniuges
428 3232 510 3294 bane
534 3233 679 3310 dispositi
695 3239 725 3293 ει
740 3232 836 3308 parati
853 3231 898 3292 in·
944 3243 993 3298 tus
1009 3236 1190 3312 insolubile,
1206 3252 1276 3298 oum
1294 3237 1522 3297 matrimonium
1544 3229 1754 3296 Hebraeorum
1777 3234 1809 3294 ct

11 3315 204 3380 veniamur.
216 3315 259 3380 Ea
273 3332 344 3379 vere
359 3317 469 3396 gratia,
487 3324 608 3392 praeter
629 3317 687 3377 alia
704 3316 799 3390 bona,
817 3331 897 3394 qaae
943 3319 1132 3396 paganorum
1150 3321 1180 3378 in
1197 3319 1291 3382 certis
1306 3319 1432 3382 casibus
1447 3317 1524 3380 solvi
1537 3315 1649 3392 possit.

11 3413 139 3462 secum
160 3400 270 3474 adieri,
295 3399 407 3464 mirum
430 3405 461 3462 in
479 3401 605 3462 modum
620 3399 704 3462 iurat
717 3399 754 3460 ad
770 3399 898 3460 concili·
983 3402 1076 3466 hddii
1087 3408 1194 3480 postea
1210 3404 1293 3464 idem
1309 3401 1477 3479 aposlolus
1487 3398 1635 3464 erudiens
1647 3395 1807 3473 meliores,

11 3483 143 3546 andam
158 3483 409 3547 benevolentiam
422 3483 502 3546 inicr
514 3486 683 3562 coniugem
700 3481 840 3561 quamvis
851 3481 898 3544 in·
943 3503 979 3546 ac
995 3487 1087 3548 docet
1099 3493 1133 3550 ει
1147 3487 1291 3550 subditae
1306 3485 1369 3548 sint
1384 3485 1458 3548 viris
1470 3484 1537 3547 sais
1548 3480 1808 3562 quemadmodum

12 3565 135 3645 genia,
153 3583 269 3642 meres,
284 3567 385 3632 morbi
399 3567 500 3631 variae
515 3567 742 3645 dispositiones
757 3567 898 3642 corporis
945 3567 1083 3632 Ecclesia
1096 3569 1218 3632 subdita
1234 3576 1281 3632 est
1295 3568 1428 3632 Christo.
1443 3566 1509 3630 Hoc
1531 3571 1729 3646 praeceptum
1746 3577 1807 3627 noa

14 3657 52 3711 ct
70 3649 170 3712 animi
185 3649 276 3714 iaoiie
290 3651 469 3714 inimicitias
484 3667 590 3714 serere
614 3651 746 3728 possint.
763 3649 824 3712 Sed
847 3667 898 3713 su·
945 3654 1121 3716 observarit
1135 3651 1272 3721 Iezabel.
1290 3650 1334 3736 (3.
1351 3649 1495 3731 Rapit.
1511 3650 1543 3712 l.
1559 3644 1809 3732 displodenda

15 3749 87 3810 per
102 3733 205 3797 omnia
220 3735 434 3798 dulcissimum
449 3735 629 3814 coniugium
642 3742 673 3796 ει
683 3733 897 3795 beatissimum
945 3737 1009 3798 liro
1034 3753 1091 3798 son
1119 3737 1271 3799 dominari
1301 3736 1435 3806 rolehat,
1452 3738 1483 3796 et
1497 3751 1532 3798 se
1547 3741 1577 3798 et
1589 3735 1675 3796 iilam
1689 3747 1760 3796 oum
1776 3747 1810 3794 a·

14 3815 103 3882 iacit
118 3816 247 3882 imitatio
257 3819 397 3899 centupli
413 3817 526 3882 Christi
539 3835 606 3880 cum
618 3817 772 3884 Ecclesia.
785 3817 824 3878 da
837 3833 898 3892 quo
946 3820 1070 3882 mnibus
1086 3820 1159 3882 liliis
1173 3821 1240 3882 suis
1256 3819 1402 3897 perdidit.
1418 3818 1517 3896 hique
1528 3818 1641 3885 utinam
1654 3831 1718 3878 non
1731 3815 1810 3878 mul·

13 3901 73 3964 sic
92 3899 201 3980 Aposl.
220 3902 356 3977 loquitur
371 3905 401 3963 in
418 3901 538 3979 Epislo.
555 3902 592 3962 ad
608 3901 727 3980 Ephes.
746 3901 811 3963 Viri
823 3902 898 3964 dito·-
944 3909 995 3967 tae
1009 3911 1117 3966 essent
1139 3905 1219 3981 apud
1237 3920 1307 3981 nos,
1321 3904 1485 3980 quaeriris
1497 3901 1564 3965 sais
1576 3899 1726 3963 dominari
1738 3911 1810 3961 con·

13 3985 94 4064 pite
109 4001 232 4049 umores
246 3994 379 4062 oestrus,
395 3987 479 4048 sicat
494 3993 524 4048 ει
540 3983 681 4050 Christus
702 3985 821 4050 ditescit
843 3985 899 4048 Ec·
946 3989 1095 4064 lendunl;
1113 3991 1168 4050 sod
1184 3986 1276 4066 calpa
1298 3989 1435 4053 virorum
1458 3985 1590 4048 tortasse
1605 3991 1664 4056 esi.
1681 3982 1734 4060 qui
1749 3981 1809 4060 pri·

14 4070 217 4146 ctesiam,ct
226 4071 371 4150 seipsum
384 4069 523 4132 tradidit
532 4086 592 4148 pre
605 4087 656 4146 ac,
669 4076 705 4132 ει
717 4070 809 4136 ittam
822 4086 898 4131 serr-
946 4075 1059 4134 matum
1075 4087 1166 4134 suum
1183 4076 1290 4133 tencre
1306 4087 1368 4132 non
1391 4074 1515 4132 norunt.
1534 4069 1606 4132 Sara
1629 4074 1714 4130 cerlo
1730 4081 1810 4128 uxor

17 4149 202 4232 ctificaret.
215 4157 383 4217 mandem
396 4155 527 4216 lauacro
540 4153 897 4232 aqaceimaerbouiice,
945 4155 1099 4218 aaronem
1116 4155 1161 4215 sia
1177 4155 1298 4217 subdita
1314 4160 1379 4216 erat
1394 4153 1470 4223 riro,
1495 4158 1527 4213 ει
1543 4151 1808 4215 dominnmsanra

14 4243 59 4300 rat
79 4237 247 4300 cmha'berct
267 4239 336 4314 ipse
357 4237 421 4300 sibi
442 4237 618 4314 pluriorem
640 4237 817 4298 Ecclesiam
832 4253 901 4298 oon
947 4241 1138 4311 nominarat,
1158 4237 1226 4316 Epo
1249 4237 1362 4313 inquit,
1385 4236 1458 4316 jam
1483 4235 1590 4299 aeaut.
1604 4239 1633 4296 ct
1657 4233 1809 4296 domitum

15 4319 204 4384 habeorom
215 4321 382 4384 macutum
392 4335 500 4400 meque
510 4319 899 4399 reprehensaque
946 4337 1038 4384 meus
1059 4321 1185 4384 vetulus
1210 4325 1265 4384 eat.
1288 4321 1427 4397 (denes.
1448 4317 1523 4392 lli.)
1549 4319 1646 4390 tinam
1669 4320 1810 4379 rirtnlem

16 4405 62 4468 B.
85 4403 228 4479 apostol.
243 4405 389 4467 admonet
405 4408 495 4466 eliam
520 4403 671 4464 foeminas
693 4401 818 4480 direns3
835 4404 900 4464 Mu·
947 4405 1041 4468 Sarae
1053 4403 1358 4466 tererestereres
1372 4405 1402 4464 in
1418 4401 1669 4480 priereEpistaia
1685 4401 1808 4462 dicens:

19 4490 131 4552 lieres
142 4488 221 4550 olam
235 4489 304 4552 arcte
316 4487 465 4551 subditae
477 4485 552 4554 siml.
568 4489 651 4548 sicut
661 4485 812 4564 bemilam
825 4504 900 4567 quc·
947 4488 1089 4550 Sanctae
1110 4488 1265 4549 mutieres
1284 4485 1448 4548 subiectae
1470 4484 1657 4546 archiatris
1671 4483 1752 4556 ruis,
1767 4485 1810 4546 si·

16 4573 129 4636 mium
142 4573 193 4635 etr
209 4579 307 4651 caput
322 4580 367 4633 est
382 4571 541 4632 mulieris.
551 4569 635 4630 sicul
650 4569 792 4632 Christus
804 4579 902 4648 ceput
947 4577 1001 4636 cut
1016 4571 1102 4632 Sero
1116 4570 1284 4634 obediebat
1297 4568 1459 4644 Abrahae,
1472 4569 1643 4632 dominum
1653 4566 1812 4631 litamen·

18 4662 77 4722 eat
94 4653 252 4718 Ecclesia.
270 4654 334 4718 Seri
347 4654 430 4718 sicut
445 4653 590 4716 Ecclesia
600 4651 745 4716 subiecta
757 4661 801 4716 est
814 4651 901 4716 Chri·
949 4671 1041 4718 cens.
1058 4652 1104 4736 (l.
1133 4653 1220 4716 Patr.
1246 4652 1294 4734 3.)
1321 4653 1429 4716 illrum
1456 4660 1555 4716 autem
1582 4667 1654 4713 esse
1680 4649 1810 4714 ridetur.

20 4746 95 4808 sio.
112 4739 161 4802 ita
174 4737 329 4803 mulieres
344 4739 423 4802 airis
438 4738 508 4800 auia
529 4737 568 4798 im
582 4735 745 4798 omnibus.
761 4735 902 4814 lienique
948 4741 1030 4814 qnod
1054 4737 1191 4814 ipastoli
1215 4737 1320 4801 Petrus
1335 4742 1365 4799 et
1378 4736 1492 4800 Paulus
1508 4736 1624 4810 ubique
1639 4737 1763 4809 deceni,
1781 4738 1813 4796 ni

20 4821 197 4888 concludit
209 4821 395 4897 Apostolus:
415 4819 640 4898 Unusquisque
654 4835 793 4883 umorem
807 4837 902 4882 auam
949 4821 1003 4882 riri
1020 4836 1132 4884 uxores
1146 4837 1219 4884 suas
1234 4827 1350 4886 ament.
1363 4828 1394 4882 ci
1409 4835 1520 4884 uxores
1534 4821 1616 4882 atros
1631 4833 1706 4880 snos
1722 4819 1809 4880 timo·

22 4907 123 4972 stam
137 4905 283 4982 seipsam
295 4903 426 4982 ditipet:
443 4919 532 4968 aecor
545 4912 655 4969 aulem
669 4904 780 4966 limaci
793 4907 901 4968 airum
948 4909 1023 4978 ent,
1038 4905 1088 4967 rei
1103 4905 1184 4982 qued
1201 4906 1232 4964 in
1248 4906 1328 4967 idern
1345 4901 1468 4970 recidit.
1485 4903 1558 4966 viris
1579 4901 1646 4964 suis
1667 4899 1811 4966 subditae

18 4987 238 5058 aarumflaec
252 4987 427 5064 Apostolica
443 4987 595 5060 doctrina,
610 4985 637 5048 si
650 4985 813 5066 diligenter
829 5005 902 5050 con·
948 4992 1032 5050 slat:
1060 5004 1098 5050 an
1121 5003 1181 5050 aon
1209 4987 1300 5051 etiam
1324 4987 1418 5050 dehet
1433 5001 1509 5048 uxor
1523 4985 1618 5048 airum
1635 4999 1725 5046 suum
1737 4985 1812 5047 dih-

27 5075 198 5140 sideralar
225 5077 256 5137 et
282 5071 474 5143 observetur,
502 5072 591 5134 beata
606 5069 696 5133 iaciat
711 5069 853 5150 coniugia
871 5073 901 5132 in
948 5069 1045 5151 gere?
1061 5071 1154 5134 debet
1169 5069 1294 5148 quidam
1306 5073 1405 5133 airum
1420 5067 1549 5148 diligere
1564 5073 1596 5131 et
1606 5067 1693 5148 dihpi
1706 5084 1722 5130 a
1735 5070 1811 5146 riro;

24 5167 118 5224 terra
136 5159 166 5218 et
182 5155 214 5217 in
229 5155 330 5220 cocle.
949 5155 1004 5218 sed
1017 5153 1152 5232 diligere
1174 5154 1267 5217 deber
1288 5169 1358 5216 carn
1383 5155 1492 5216 timore
1516 5159 1546 5214 cl
1567 5151 1751 5220 reverentia.
1767 5151 1814 5214 sic

75 5239 280 5317 Explicemus
305 5237 438 5301 breviter
459 5241 552 5300 lolam
569 5238 650 5300 hanc
665 5237 850 5300 sententiam
866 5237 901 5298 ri·
950 5244 985 5300 ul
995 5253 1081 5299 amor
1093 5239 1231 5300 timorem
1246 5252 1307 5299 non
1321 5239 1478 5315 impediat:
1489 5235 1602 5311 alioqui
1612 5233 1723 5298 mulier
1733 5236 1814 5314 intp-

25 5322 225 5408 pusiolicam
240 5321 504 5406 PauliPrincipie
520 5322 657 5386 hortatur
679 5320 845 5398 hpostoias
860 5320 902 5382 vi·
949 5337 1081 5383 rannum
1108 5322 1220 5383 eradit.
1247 5320 1337 5384 Certe
1362 5319 1448 5382 Delia
1472 5317 1594 5402 (todia.
1625 5313 1690 5400 ld.)
1716 5319 1813 5380 rtrum

24 5423 92 5476 ros
116 5410 149 5470 ει
174 5402 305 5488 diligant
329 5419 453 5476 uxores,
468 5403 553 5466 sicul
575 5409 604 5466 et
623 5403 772 5468 Christus.
786 5405 903 5468 dilemit
950 5420 1040 5466 saum
1057 5403 1274 5479 Sampsonem.
1290 5403 1404 5479 alioqui
1420 5402 1633 5478 fortissimum,
1651 5417 1713 5462 non
1727 5405 1762 5462 ει
1772 5399 1816 5462 ri·

28 5492 232 5560 Ecclesiam.
248 5487 387 5554 Christus
402 5494 485 5552 carle
499 5485 669 5548 Ecclesiam
682 5485 787 5552 dilexit
802 5503 905 5550 amore
951 5504 1018 5552 rum
1041 5487 1096 5550 sad
1114 5495 1145 5548 ει
1161 5504 1282 5550 serram
1299 5487 1460 5550 illudebat.
1479 5487 1514 5548 Et
1529 5488 1558 5548 in
1575 5487 1664 5548 tertio
1685 5483 1765 5547 libro
1776 5483 1814 5548 E·

28 5575 209 5644 amicitiae.
233 5590 297 5636 non
320 5588 424 5635 amore
448 5571 738 5648 concupiscentiam
755 5569 906 5650 quaesiril
955 5571 1045 5634 sdrac
1071 5569 1117 5653 (3.
1132 5571 1209 5636 Esd.
1225 5572 1272 5653 l.)
1300 5577 1439 5636 armatur
1453 5571 1492 5636 da
1508 5571 1592 5649 Rege
1608 5583 1709 5632 amore
1724 5574 1814 5648 capto

31 5661 161 5727 bonurn
185 5655 366 5734 Ecclesiae,
395 5655 556 5717 utilitatem
582 5649 755 5728 Ecclesiae,
778 5655 908 5718 salutem
955 5655 1150 5720 concubinae
1172 5657 1327 5734 sesequi
1351 5655 1522 5733 patiebatur
1545 5655 1672 5731 amicam
1694 5667 1815 5718 suama

31 5741 223 5826 Ecclesiam
240 5759 302 5808 nen
319 5738 479 5808 utilitatem
496 5743 547 5804 aul
568 5741 754 5820 voluptatem
778 5739 909 5822 aliquam
958 5737 1072 5806 dextris
1087 5740 1148 5806 sibi
1163 5741 1321 5816 assidere3
1336 5739 1419 5807 illan
1434 5755 1505 5806 raro
1520 5753 1665 5805 coronam
1681 5735 1814 5818 dacem·
