4080 6252
318 335 372 396 bit]
885 330 932 388 DE
952 329 1060 388 barte.
1081 327 1195 389 anthe.
1214 331 1349 390 CflRiSP.

246 489 307 552 per
329 470 490 550 familiam
509 467 738 536 scenomata
762 466 843 530 enim
867 481 945 548 quae
969 465 1046 528 lluul
1066 463 1097 526 in
1144 467 1283 530 almania
1300 481 1447 548 corpere3
1463 474 1494 531 ει
1508 476 1621 548 partem
1636 484 1742 546 unam,
1757 465 1791 531 id
1806 469 1870 540 εει,
1890 477 2007 541 cerpus

249 557 338 618 terris
352 557 518 633 pendente
543 552 731 635 providentia
755 549 821 626 Dei,
845 565 947 628 neque
969 551 1099 628 pessunt
1122 563 1125 569 ·
1145 549 1297 613 vermibus
1313 552 1421 622 tradet,
1435 559 1465 613 ει
1480 560 1594 632 partem
1607 554 1744 619 alteram,
1758 553 1788 614 id
1804 557 1857 614 est
1868 545 2007 638 animato

249 637 361 711 alicuid
388 639 542 700 secundae
569 651 679 698 causae
701 635 767 696 sine
794 634 902 712 prima.
926 631 1032 708 Itaque
1056 632 1098 692 lo·
1131 641 1237 714 ‘ponet
1257 649 1325 695 curn
1341 634 1528 709 infidelibus,
1545 642 1575 697 ει
1596 635 1773 715 hypocritis,
1791 636 1845 714 oni
1863 644 2007 712 quamne

249 737 348 796 caeos
364 719 468 783 Daniel
483 721 520 784 ad
534 719 647 800 Regem
657 718 949 787 Nabuchodonosor,
967 717 1017 794 qai
1034 717 1098 776 suis
1143 717 1220 780 nihil
1245 721 1382 788 credant,
1406 726 1506 781 lernen
1530 720 1655 783 credere
1676 735 1711 782 εε
1737 717 1880 798 fingant:
1917 720 2006 791 ponet

249 805 364 868 viribus
380 803 543 883 pugnando
558 802 759 866 arbitrabatur
774 817 808 863 se
825 799 1031 861 monarchiam
1045 800 1099 859 oh·
1144 809 1243 864 antam
1259 803 1289 864 in
1305 801 1490 880 geliennam.
1507 803 1557 864 ubi
1574 803 1630 866 erit
1644 801 1735 866 lletus
1748 811 1776 862 et
1792 799 1920 864 stridor
1936 795 2002 860 dan·

250 889 390 950 tinuisse.
407 889 492 956 dixit,
519 885 561 947 Pa
581 884 652 948 llere
673 885 794 964 llepnnr
816 900 859 959 εε,
877 881 1003 944 atDeos
1018 881 1100 943 caeli
1144 887 1230 956 tiam,
1248 891 1277 946 ει
1290 885 1343 948 ahi
1359 885 1470 948 vermis
1485 903 1546 949 nen
1568 886 1705 963 meritur,
1729 891 1759 948 ει
1773 884 1860 964 iguis
1878 897 1946 944 noo
1961 897 2001 944 ει-

247 971 334 1034 dedit
345 969 404 1033 tibi
413 969 609 1048 Raphaneai·
619 964 846 1046 imperiumst
860 965 922 1039 tlte,
937 969 986 1042 qai
1002 963 1097 1025 Deum
1144 969 1300 1038 lincuitar.

249 1071 310 1116 non
336 1059 470 1122 norerat,
494 1057 524 1114 ει
548 1051 624 1112 εοιιε
650 1053 715 1114 sois
731 1051 845 1112 uiribus
860 1047 1051 1111 existimabat
1065 1063 1099 1109 εε
1184 1051 1265 1114 Haec
1277 1055 1325 1114 est
1338 1051 1495 1132 explicatio
1511 1053 1684 1132 parabolae,
1703 1051 1727 1116 si
1743 1057 1853 1130 apator
1870 1049 1915 1112 de
1931 1046 2003 1110 iadi-

247 1135 384 1216 llepnnnr
400 1136 579 1213 peperisse:
604 1141 703 1196 tamen
720 1133 869 1212 Propheta
886 1137 1027 1194 testante.
1043 1129 1100 1192 Re·
1145 1133 1194 1197 cie
1210 1133 1392 1213 particulari,
1409 1136 1489 1212 ouod
1506 1143 1665 1199 exercetur
1680 1137 1710 1198 in
1734 1141 1844 1198 morte.
1872 1133 1937 1196 Sed
1955 1151 1999 1208 po

247 1235 339 1296 gnum
356 1218 429 1280 itlod
445 1235 462 1280 a
476 1219 540 1280 Dee
556 1224 738 1295 acceperat:
755 1225 867 1290 ouante
883 1215 979 1294 inagis
991 1211 1099 1276 ddeles
1125 1229 1128 1234 ·
1146 1224 1204 1280 test
1218 1217 1306 1280 etiarn
1323 1219 1611 1302 exponideindieio
1627 1219 1849 1291 universatim
1866 1222 1945 1278 tunc
1957 1215 1999 1278 iila

247 1301 738 1380 Principesprincipatamsuunra
752 1299 816 1362 Deo
827 1316 861 1361 se
874 1296 990 1360 babere
1005 1296 1099 1358 cond·
1144 1299 1248 1364 rerba.
1263 1299 1386 1364 Dioidel
1401 1317 1484 1379 eum,
1501 1306 1530 1365 et
1540 1307 1665 1381 portem
1677 1303 1746 1366 cios
1757 1317 1831 1364 eum
1857 1297 2001 1379 infideli·

247 1385 302 1446 teri
329 1383 463 1446 dehent?
488 1382 575 1462 dpad
601 1385 709 1447 isaiam
737 1382 810 1444 dicit
837 1381 984 1443 Dominus
1010 1379 1099 1459 cyro.
1146 1382 1214 1462 bus,
1233 1383 1567 1466 etluppocre'tiaponet,
1585 1383 2003 1460 bonesensurnhabebnn13

249 1485 263 1528 c
279 1465 361 1529 llaec
376 1468 449 1528 dreit
464 1467 613 1531 Dominus
630 1466 749 1530 Christo
765 1480 832 1526 meo
845 1464 933 1544 Cyro,
948 1463 1036 1528 caius
1048 1480 1100 1540 ap·
1146 1466 1265 1530 Dividet
1278 1483 1346 1530 earn
1362 1467 1457 1532 Iu'dex
1474 1487 1489 1528 a
1506 1471 1606 1545 iustis,
1622 1478 1653 1532 et
1668 1469 1748 1550 piis:
1775 1476 1806 1530 ει
1828 1477 1953 1546 partera
1973 1484 2002 1530 ε-

249 1567 263 1610 ιι
279 1549 429 1629 prehendi
445 1551 612 1622 dexteram,
630 1554 663 1612 nt
676 1549 837 1612 subiiciam
854 1555 925 1610 ante
946 1547 1053 1608 taciem
1070 1561 1100 1608 e·
1144 1549 1205 1627 ias,
1222 1549 1252 1612 id
1269 1559 1316 1613 εει
1339 1561 1452 1614 εοιιεει
1475 1551 1542 1614 eius
1564 1563 1656 1629 ponet
1670 1569 1738 1616 eum
1753 1550 1956 1636 intldelibas,
1971 1559 2001 1612 et

249 1650 262 1692 ιι
281 1632 330 1694 ias
346 1632 465 1712 gentes,
483 1640 513 1696 ει
528 1633 617 1696 dorsa
633 1632 747 1712 liagum
763 1639 889 1706 rectam,
914 1634 944 1691 et
964 1630 1099 1708 aperiam
1146 1634 1324 1712 hypocritis,
1341 1634 1393 1714 oui
1407 1633 1437 1696 in
1454 1637 1626 1714 gehennam
1643 1636 1859 1712 proliciuntur,
1878 1633 1933 1696 abi
1949 1633 1999 1696 lle·

249 1734 262 1776 ιι
280 1731 382 1779 ceram
399 1731 435 1779 ee
451 1719 570 1790 ianuas,
588 1723 617 1778 et
632 1722 736 1794 portae
751 1730 812 1776 non
829 1712 1020 1775 claudentur.
1035 1711 1100 1791 lige
1145 1722 1206 1779 tus.
1224 1725 1253 1776 et
1268 1717 1380 1780 stridor
1395 1717 1530 1800 dentium
1545 1721 1614 1784 sine
1629 1719 1690 1782 dne
1705 1719 1878 1781 durabunt.

247 1819 261 1860 a
278 1804 349 1862 ante
366 1807 394 1862 te
408 1799 472 1878 ibe,
489 1804 519 1862 ει
534 1799 686 1884 gloriosos
709 1808 808 1860 terrae
829 1795 1014 1876 humiliabo3
1032 1810 1099 1868 per·
1185 1798 1302 1862 Utinam
1319 1801 1396 1862 haee
1418 1803 1558 1875 parabola
1580 1802 1618 1865 ad
1633 1803 1852 1882 paucissimos,
1872 1801 1927 1863 rel
1943 1801 2002 1863 ned·

249 1900 263 1960 n
281 1890 326 1943 tas
351 1897 457 1946 aereas
481 1890 648 1956 conteram,
666 1889 697 1943 et
712 1887 814 1944 aeoles
828 1883 945 1942 terreos
968 1878 1099 1941 ceulrin·
1126 1881 1192 1945 'les
1208 1881 1396 1946 Christianos
1417 1882 1575 1964 Principes
1592 1887 1770 1964 pertineret,
1786 1902 1852 1962 ouo
1869 1889 1912 1946 ad
1931 1885 2003 1947 hanc

248 1985 261 2028 a
280 1982 366 2044 gani:
383 1973 413 2026 et
428 1964 512 2028 dabo
529 1965 582 2029 tibi
598 1965 761 2029 thesauros
784 1964 993 2036 absconditos,
1011 1968 1040 2022 ει
1056 1978 1100 2022 ar·
1146 1972 1261 2042 partem
1277 1966 1488 2044 posteriorem,
1504 1985 1582 2046 onae
1598 1971 1693 2030 enatos
1713 1966 1881 2046 Principes
1899 1969 2001 2046 tangit;

248 2067 262 2112 ι
280 2063 355 2110 cana
382 2055 579 2121 secretorum,
607 2054 641 2110 ut
668 2048 750 2110 seias
777 2048 847 2124 qaia
865 2063 922 2124 ego
938 2045 1098 2130 Dominus,
1146 2056 1176 2110 et
1190 2053 1226 2110 ad
1243 2049 1405 2127 plurimos,
1420 2051 1467 2112 rel
1484 2053 1571 2113 etiam
1585 2069 1705 2125 omnes,
1722 2067 1781 2128 ouo
1797 2053 1836 2112 ad
1855 2051 1999 2128 priorem,

247 2149 261 2193 ιι
279 2133 330 2205 oui
348 2147 422 2194 roeo
449 2147 560 2195 nornen
586 2135 670 2193 tuum
698 2130 780 2192 Deus
805 2129 898 2191 lsrael
918 2146 947 2190 a.
964 2127 1052 2191 Certe
1073 2128 1099 2188 si
1145 2149 1225 2208 quae
1244 2131 1335 2195 benis
1350 2132 1543 2212 Principibus
1558 2137 1712 2198 cenrenit.
1729 2134 1789 2198 Sed
1812 2139 1941 2198 terrent
1961 2152 2001 2197 ne

245 2213 322 2294 Cyro
338 2213 420 2277 Deus
443 2215 528 2278 dedit
548 2215 687 2292 Regnum
711 2213 947 2290 amplissimam,
966 2213 1032 2290 ipsa
1047 2225 1100 2272 ne·
1143 2216 1236 2278 rerba
1252 2216 1438 2296 Scripturas.
1459 2215 1666 2298 «intrateper
1681 2226 1842 2298 angustare
1862 2226 1999 2296 portam:

244 2313 305 2374 oue
320 2299 453 2370 sciente,
476 2314 577 2375 neone
600 2296 771 2376 cogitante:
795 2295 864 2372 ouis
886 2309 999 2375 negare
1015 2303 1100 2369 pote·
1148 2315 1161 2359 e
1179 2301 1248 2377 quia
1263 2299 1320 2362 lara
1336 2308 1432 2378 perta,
1449 2306 1480 2362 et
1495 2297 1627 2376 spatiosa
1644 2300 1689 2363 ria
1705 2297 1855 2380 est,ouae
1870 2303 1998 2364 ducitae

242 2381 291 2444 rit.
309 2397 324 2441 a
342 2381 443 2442 dirina
458 2380 647 2457 providentia
662 2379 777 2456 Regna,
790 2387 821 2440 ει
844 2377 973 2455 imperia
996 2377 1100 2440 distri·
1126 2391 1130 2398 ·
1148 2399 1161 2442 ι
1179 2383 1394 2459 perditionem,
1411 2383 1537 2445 etmulti
1554 2389 1637 2458 sunl,
1650 2386 1701 2462 oui
1717 2383 1832 2446 intrant
1849 2400 1909 2462 per
1922 2401 1994 2446 eam.

243 2463 295 2526 bui
313 2463 363 2536 iis,
380 2463 494 2540 quibus
508 2462 567 2526 sibi
591 2461 671 2525 bene
695 2461 871 2539 placuerit?
893 2461 999 2540 ltaque
1016 2465 1099 2522 recte
1127 2475 1129 2482 ’
1148 2483 1161 2525 ιι
1179 2463 1274 2539 Quam
1289 2472 1414 2546 angusta
1431 2471 1528 2545 porta,
1546 2474 1576 2528 et
1588 2475 1669 2529 areta
1684 2468 1730 2530 ria
1743 2473 1801 2541 est,
1819 2484 1904 2544 onae
1921 2471 1996 2530 ducit

242 2545 317 2608 dicit
341 2546 487 2608 Dominus
514 2548 543 2606 in
571 2547 713 2626 parabola
732 2545 919 2624 evangelica,
936 2561 970 2606 se
986 2543 1097 2605 consti·
1148 2564 1161 2607 ιι
1179 2549 1215 2610 ad
1233 2553 1333 2625 eitam,
1347 2554 1379 2609 et
1395 2549 1482 2622 pauci
1501 2556 1584 2626 sunt,
1608 2552 1660 2618 oui
1683 2551 1843 2613 inveniant
1868 2567 1952 2612 eam.
1965 2551 2000 2614 dt

243 2629 340 2691 tuisse
356 2645 481 2694 serrum
495 2629 630 2698 tidelem,
655 2637 685 2690 ει
708 2628 889 2707 prodentem
906 2641 1000 2705 super
1012 2625 1098 2686 lami·
1148 2649 1161 2691 ιι
1177 2633 1329 2712 inspecte
1341 2627 1821 2712 dePru'ncipibus.Horrende,et
1831 2633 1897 2696 cite
1913 2651 1999 2714 appa·

242 2711 313 2774 liam
327 2727 424 2776 suani.
438 2713 508 2774 llarn
524 2713 625 2774 omnis
637 2710 783 2788 Princeps
798 2711 995 2789 praeponitur
1007 2727 1021 2769 a
1035 2709 1098 2771 Deo
1147 2733 1161 2775 ιι
1179 2715 1257 2777 rabit
1272 2717 1370 2793 robis,
1394 2721 1463 2794 quia
1479 2715 1624 2778 indit-iarn
1647 2717 1846 2779 durissimum
1872 2717 1937 2788 his,
1953 2721 1997 2795 oni

244 2810 339 2873 snper
355 2793 511 2868 lamtliam,
527 2811 587 2857 non
604 2794 702 2873 ipsius
725 2793 888 2870 Principis,
906 2793 961 2854 sed
976 2792 1043 2865 Dei,
1066 2797 1099 2854 ut
1126 2807 1129 2812 ·
1147 2816 1160 2858 ιι
1178 2805 1323 2878 praesunt
1338 2798 1400 2860 liet.
1413 2797 1526 2878 tlxigao
1539 2801 1619 2860 enim
1633 2800 1811 2862 conceditur
1824 2801 1995 2862 inisericor-

245 2893 310 2940 eam
328 2886 443 2954 paseat,
459 2882 490 2940 ει
501 2887 597 2957 regat,
614 2877 790 2939 redditurus
804 2877 869 2938 Deo
890 2879 1035 2938 rationem
1058 2873 1097 2935 de
1127 2882 1204 2942 ¹dia:
1220 2888 1360 2958 potentes
1373 2885 1471 2944 autern
1486 2889 1624 2957 potenter
1640 2889 1739 2944 autern
1751 2881 1872 2962 judicia
1886 2884 1997 2961 patian-

233 2959 506 3040 yadmiaistratiene
522 2975 587 3022 sua.
601 2959 638 3021 lli
652 2958 803 3036 siquidem
816 2967 898 3022 reete
911 2960 1098 3038 gubernare·
1126 2969 1192 3026 *tur
1208 2964 1329 3043 ullane
1345 2967 1445 3025 omnia
1462 2965 1535 3027 illue
1552 2965 1714 3044 pertinent,
1731 2975 1761 3027 ot
1777 2965 1941 3046 Principes
1955 2969 1995 3028 in-

233 3045 283 3106 ·rit
298 3043 440 3105 tamiliam
467 3043 525 3104 sibi
541 3043 752 3113 commissam,
776 3045 883 3106 beatus
912 3041 969 3104 erit
990 3055 1097 3103 sertas
1144 3046 1633 3128 telligantlortitudinisvirtatern
1647 3049 1705 3110 sibi
1720 3048 1995 3129 potissimumessa

246 3125 311 3199 ilie·
325 3125 393 3205 quit
411 3125 559 3188 Dominus
574 3141 668 3203 saper
683 3125 782 3187 omnia
800 3124 879 3188 bena
906 3141 960 3186 sua
983 3123 1098 3186 eonsti-
1143 3133 1360 3206 neeessariam,
1375 3139 1406 3194 ut
1419 3131 1535 3194 lorliter
1548 3132 1669 3194 labores
1682 3149 1790 3195 omnes
1802 3132 1996 3210 lerantonos

246 3216 310 3274 luti
325 3225 407 3283 0⁰⁰¹,
424 3210 544 3271 dicens.
561 3227 574 3270 ι
590 3209 663 3298 liuta
676 3224 876 3292 superpauea
889 3205 1095 3280 interiacens,
1143 3213 1279 3292 regimen
1304 3215 1486 3292 populorum
1510 3215 1659 3294 requirit:
1685 3233 1742 3278 nee
1755 3217 1860 3278 minus
1883 3219 1994 3280 leniter

249 3311 262 3355 a
280 3308 374 3370 super
389 3291 482 3355 multa
498 3300 527 3353 te
543 3291 736 3359 constituam.
751 3292 826 3353 intra
840 3292 870 3352 in
883 3289 1027 3369 gaudium
1040 3290 1098 3352 Do·
1144 3314 1212 3359 eum
1226 3297 1421 3378 passionibus
1433 3297 1525 3359 animi
1538 3299 1598 3370 sai,
1608 3315 1683 3374 onas
1695 3299 1784 3364 locus
1799 3299 1881 3364 altas
1894 3301 1989 3373 nutrit

248 3376 350 3438 amini
367 3376 421 3438 toi.
439 3375 542 3438 Sedet
553 3375 907 3439 dicerdtseruesittein
918 3375 1012 3436 eorde
1023 3387 1094 3450 suo,
1143 3388 1172 3442 et
1187 3388 1288 3460 auget,
1305 3382 1431 3444 assidua
1446 3380 1563 3443 bellam
1580 3389 1698 3461 gerant.

246 3477 262 3521 u
277 3459 390 3522 dieram
407 3457 477 3520 lacit
491 3458 642 3521 Dominus
657 3473 746 3520 meas
766 3457 888 3521 renira:
912 3465 941 3517 et
963 3454 1097 3535 caeperit

247 3562 261 3604 a
279 3549 440 3616 percutere
455 3557 620 3605 conservos
634 3557 720 3618 suos,
738 3541 934 3612 manducare,
948 3547 977 3601 et
989 3538 1097 3601 bibere
1133 3567 1135 3572 ·
1483 3549 1564 3614 cpi»,
1580 3547 1649 3613 χΙΙ,

247 3645 261 3687 ιι
277 3641 346 3688 cum
362 3624 675 3699 ebriosis3hecest,si
686 3621 829 3699 Princeps
840 3623 893 3685 ille
907 3623 1095 3702 incipiatda·
1338 3652 1339 3658 ι

244 3707 351 3770 linitus
366 3707 456 3770 bonis
472 3705 698 3788 praesentibus,
715 3705 853 3770 obliuisci
867 3723 967 3770 rerum
982 3704 1094 3768 latar'a·
1130 3717 1134 3724 ·
1152 3787 1154 3794 Α
1234 3709 1277 3773 De
1293 3707 1515 3788 Temperantia
1529 3704 1674 3784 Principi
1688 3703 1733 3766 od
1744 3701 1907 3799 rependes

245 3806 324 3862 rum,
341 3790 459 3864 mortis,
475 3799 506 3852 ει
519 3789 643 3870 iudicii,
659 3796 689 3852 et
703 3788 805 3852 divino
821 3791 927 3853 timore
943 3790 1094 3868 postposi·
1129 3801 1133 3806 ·
1399 3791 1534 3873 popolus
1546 3790 1731 3855 atecessario

246 3879 288 3945 lo,
304 3871 444 3935 sabditos
458 3888 543 3942 suos,
561 3875 611 3949 oui
623 3887 694 3935 rere
707 3873 847 3934 conservi
859 3878 926 3934 eius
937 3877 1019 3948 sunt,
1033 3889 1094 3934 nra·

245 3956 275 4019 le
290 3954 472 4036 gubernare,
489 3955 611 4018 iniustis
633 3955 780 4019 oneribus
795 3971 968 4034 aggravare,
985 3971 1093 4018 causas
1132 3977 1134 3984 ·
1182 3955 1334 4017 Postrema
1350 3953 1444 4016 rirtus
1459 3948 1720 4015 concardinalibus
1742 3954 1790 4010 εει
1805 3947 1973 4024 Temperan

245 4055 351 4102 eurarn
366 4039 397 4101 in
413 4040 537 4119 tongam
551 4039 683 4111 trahere,
700 4038 833 4116 denique
845 4038 914 4100 leco
927 4037 1093 4116 mancipio·
1141 4035 1193 4110 tia,
1211 4053 1287 4115 onae
1304 4037 1427 4116 proprie
1443 4037 1540 4115 posita
1557 4041 1606 4097 est
1627 4031 1862 4108 inmoderantia
1879 4045 1974 4092 conca

244 4139 311 4185 rum
328 4121 457 4185 habere:
474 4126 504 4184 et
520 4121 567 4184 bis
583 4119 1093 4200 nencententnsincipiatmandu·
1130 4123 1290 4200 'piscantia
1315 4135 1463 4182 sensuum
1489 4116 1643 4198 gustandi,
1671 4124 1702 4178 et
1728 4113 1888 4194 tangendi,
1917 4129 1972 4190 oua

245 4221 327 4278 eare,
344 4211 375 4266 et
389 4204 496 4268 bibere
512 4221 579 4267 earn
597 4205 739 4277 ebriosis,
756 4205 785 4264 id
809 4211 866 4281 εει,
882 4203 1006 4266 ιιιιιιιεει
1022 4220 1093 4266 eura
1141 4203 1265 4280 qnando
1279 4204 1347 4266 sine
1362 4202 1465 4267 lraeno
1479 4208 1621 4280 aguntur,
1639 4199 1760 4278 pariunt
1783 4199 1940 4273 crapulas,
1963 4213 1979 4257 ε

245 4289 441 4370 populorum,
458 4295 488 4351 et
504 4295 562 4350 tota
578 4289 611 4351 in
626 4287 703 4350 alios
718 4287 842 4361 reiecta,
859 4287 982 4365 incipiat
998 4293 1091 4349 toturn
1130 4287 1315 4362 ebrietates,
1333 4302 1454 4349 necnon
1470 4283 1696 4353 tornicattunes,
1711 4281 1874 4348 adulteria,
1892 4285 1925 4342 ει
1936 4278 1989 4340 alia

245 4388 279 4434 se
296 4372 445 4446 luxuriae,
461 4377 491 4432 et
505 4371 621 4434 illicitis
636 4368 841 4450 voluptatibus
863 4371 1003 4446 tradere:
1021 4369 1092 4448 quid
1139 4369 1169 4432 id
1192 4385 1290 4450 genos
1313 4371 1403 4432 matta
1422 4377 1532 4448 ,oeae
1554 4382 1653 4444 uscue
1678 4364 1756 4427 adeo
1781 4365 1882 4442 turpia
1913 4370 1991 4431 sunt,

246 4461 308 4517 lum
325 4452 400 4515 lletl
419 4453 556 4518 eveniet
577 4453 725 4517 Dominus
739 4453 770 4515 in
786 4453 847 4529 die,
875 4469 932 4532 qua
949 4468 1008 4515 non
1024 4469 1093 4532 spe·
1139 4458 1173 4515 ut
1188 4451 1338 4515 nominari
1352 4454 1481 4515 honeste
1495 4467 1553 4513 non
1568 4451 1698 4529 possint.
1711 4445 1793 4509 Haec
1806 4463 1882 4508 rere
1898 4451 1989 4508 rirtus

241 4553 262 4600 ,ιι
279 4542 334 4609 ιιι,
349 4543 380 4612 ει
394 4537 479 4612 bora,
497 4553 555 4614 oua
569 4537 710 4616 ignorat3
733 4533 763 4598 εἰ
784 4537 897 4600 diridet
922 4533 1005 4609 earn,
1028 4553 1093 4612 par·
1138 4537 1243 4597 multis
1258 4537 1295 4598 de
1310 4538 1411 4600 causis
1426 4533 1558 4612 Principi
1580 4531 1753 4595 necessaria
1776 4535 1835 4592 est.
1852 4527 1986 4589 Primam

248 4639 263 4682 ιι
280 4629 403 4699 tamque
417 4618 485 4683 eius
500 4629 593 4697 ponet
604 4637 672 4681 cam
684 4619 863 4699 hypocritis,
877 4618 1093 4682 etinddelibus
1139 4618 1263 4692 cuidem
1278 4619 1418 4697 oaoniam
1432 4617 1584 4697 Scriptura
1599 4632 1695 4691 saera,
1712 4613 1851 4676 virtatem
1868 4611 1950 4708 hanc
1962 4611 1990 4673 in

249 4721 262 4764 ι
280 4703 379 4780 (ιιαιιε
393 4705 599 4772 enimcoeern
613 4703 709 4766 addit
721 4707 851 4765 scaettas
865 4701 981 4781 Lucos)
1005 4703 1045 4764 ibi
1062 4719 1093 4765 e·
1129 4701 1280 4778 ¹Principe
1295 4703 1495 4766 vehementer
1508 4699 1622 4771 laudat,
1640 4704 1670 4760 et
1691 4698 1876 4759 contrariam
1892 4696 1994 4789 artium

248 4801 261 4846 ι
280 4786 316 4848 ιιι
330 4784 432 4864 Datos,
445 4783 889 4856 etstridordentiorn.Veniet,
901 4785 1020 4866 inquit,
1034 4783 1091 4847 Do·
1140 4785 1311 4848 execratur.
1338 4786 1481 4849 Salomon
1510 4785 1541 4845 in
1566 4781 1752 4846 Ecclesiaste
1773 4779 1820 4842 sic
1848 4779 1991 4856 loquitar.

249 4885 263 4928 ιι
278 4871 378 4931 miuus
391 4870 457 4932 eius
472 4869 502 4931 in
515 4869 576 4950 die,
594 4885 652 4952 oua
676 4884 735 4930 nen
752 4875 864 4944 sperat,
882 4878 912 4930 et
926 4865 1011 4940 hora,
1034 4885 1093 4942 oua
1144 4886 1157 4929 n
1174 4866 1237 4932 Vae
1253 4869 1305 4934 tibi
1318 4874 1408 4940 terra,
1426 4868 1516 4931 cuius
1529 4866 1589 4928 lter
1607 4870 1752 4939 puerest,
1769 4859 1993 4924 eteniusPria·

249 4968 263 5012 ι
281 4950 378 5014 nascit
395 4969 423 5030 a,
437 4953 467 5015 ld
484 4957 543 5025 εει,
558 4950 679 5030 quando
695 4949 797 5028 minas
811 4951 932 5031 cogitat,
949 4959 977 5012 ει
993 4959 1094 5029 ερειει
1144 4951 1260 5030 helpes
1284 4967 1372 5015 ιιιιιιε
1394 4951 1569 5015 εοιιιειιιιιιι.
1593 4947 1682 5011 Deata
1706 4953 1798 5017 terra,
1821 4945 1915 5007 euius
1937 4943 1993 5005 lter

245 5032 345 5098 adhue
360 5049 394 5095 se
410 5034 461 5098 dia
476 5035 636 5104 rictorem,
655 5033 760 5097 inorbo
774 5034 879 5096 lethali
895 5033 1092 5112 corripietur:
1144 5053 1158 5097 ιι
1176 5033 1288 5098 nobilis
1304 5043 1363 5111 est,
1379 5040 1409 5097 ει
1423 5035 1511 5098 εειιιε
1524 5033 1683 5110 Principes
1693 5035 1863 5091 vescuntur
1875 5025 1908 5088 in
1927 5035 1995 5091 tem·

239 5113 277 5180 ἐι
291 5129 360 5178 curn
376 5117 463 5178 etiarn
489 5117 600 5181 lledtei
626 5117 732 5179 salutis
756 5117 984 5196 recuperandae
1006 5133 1093 5196 spem
1144 5137 1157 5180 n
1175 5129 1249 5193 pore
1263 5133 1320 5181 suo
1335 5117 1373 5180 ad
1388 5117 1600 5186 reiciendum,
1623 5122 1651 5176 et
1666 5127 1727 5176 non
1744 5113 1781 5174 ad
1797 5111 1952 5173 luxoriam
1970 5127 1995 5170 ι.

237 5199 293 5266 'illi
308 5198 434 5275 dabunt,
449 5205 609 5280 antequam
625 5201 752 5276 incipiat
766 5201 804 5262 de
816 5198 1010 5262 contessione
1023 5216 1094 5278 pee-
1132 5199 1198 5264 itai
1210 5200 1608 5281 reprehenditurcomaslio
1623 5203 1692 5260 ante
1711 5202 1845 5270 tempas,
1870 5193 1941 5270 onia
1958 5195 1997 5256 si·

246 5287 396 5354 catorum,
412 5288 442 5344 et
457 5284 641 5360 poenitentia
655 5281 735 5347 serio
748 5284 865 5362 agenda
879 5283 1029 5360 cogitare3
1042 5284 1093 5345 ad·
1135 5295 1235 5364 'gnum
1258 5290 1305 5346 est
1330 5283 1517 5346 voracitatis:
1545 5287 1576 5343 et
1589 5281 1653 5344 liar
1675 5278 1789 5341 nobilis
1811 5275 1996 5356 appellatur,

244 5367 346 5430 reniet
361 5366 433 5428 bora
450 5372 611 5444 postrema,
628 5377 658 5430 et
672 5373 799 5444 repente
813 5365 991 5443 imparatus,
1009 5373 1038 5427 ει
1049 5365 1093 5429 ni·
1142 5369 1193 5443 oui
1211 5383 1272 5429 non
1288 5372 1334 5430 est
1350 5381 1426 5446 puer
1445 5365 1531 5440 ιειιε,
1555 5372 1585 5426 ει
1606 5359 1861 5442 contemptibilis,
1876 5357 1937 5420 sed
1953 5361 1997 5420 ιιι

246 5449 290 5513 hil
307 5449 408 5511 mines
423 5448 561 5528 cogitans
575 5451 612 5511 ad
629 5449 760 5512 tribunal
783 5447 898 5511 Iudicis
919 5449 1033 5511 aeterni
1049 5466 1094 5510 ra·
1144 5454 1292 5522 mataras,
1309 5458 1340 5511 et
1355 5447 1466 5528 pruris,
1484 5447 1522 5511 ad
1538 5449 1626 5510 cuius
1641 5446 1817 5520 exemplum
1833 5441 1995 5522 Principes

235 5531 359 5611 'platan
375 5531 472 5608 Iader
487 5536 588 5593 autern
602 5533 712 5607 iustus,
730 5531 782 5612 oni
805 5548 865 5594 non
887 5532 1014 5609 respicit
1027 5545 1093 5610 per·
1142 5533 1308 5596 comedant
1322 5531 1359 5594 ad
1377 5529 1590 5600 reficiendum,
1605 5546 1666 5592 non
1682 5525 1720 5593 ad
1731 5529 1895 5593 luxuriam.
1910 5524 1995 5587 Iden

246 5629 350 5688 sonas,
377 5621 407 5677 ει
429 5613 481 5696 qui
507 5615 630 5677 coronis
644 5622 674 5678 et
698 5615 830 5694 sceptris
852 5630 912 5678 nen
940 5621 1090 5692 terretor3
1143 5614 1273 5697 Sapiens
1289 5617 1319 5679 ln
1336 5614 1518 5688 Proverbiis,
1536 5612 1734 5692 Demcrioao,
1750 5609 1861 5688 lnquit,
1876 5622 1931 5672 rer
1950 5613 1992 5671 est

236 5692 392 5762 'contiuuo
406 5697 603 5763 dirideteurn
617 5695 764 5777 importes
778 5697 867 5776 duas,
894 5712 1040 5777 rseparan
1061 5712 1098 5804 a:
1133 5700 1264 5776 'eiam
1281 5705 1311 5763 et
1324 5697 1523 5766 tnmcttnorc
1541 5696 1677 5762 ebrietes
1686 5712 1701 5774 ,·
1722 5695 1922 5776 cucumores
1942 5691 1991 5755 ltir
