4080 6252
273 308 324 406 ⁵9⁸
843 309 891 366 DE
909 308 1022 368 odite.
1042 307 1160 368 attide.
1179 305 1316 368 cltalsc.

202 443 390 507 materiante
411 443 547 520 pedidus
569 443 637 504 ciue
652 438 800 524 (hominis
815 440 970 525 videlicet)
985 458 1057 508 oues
1102 459 1183 508 arma
1197 443 1324 520 diaboli,
1341 444 1435 521 idest,
1450 440 1606 524 superbia,
1622 441 1761 518 avaritia,
1777 442 1916 520 luxuria,
1931 445 1966 504 ci

203 532 232 587 el
243 525 345 600 iones,
362 529 497 606 insuper
511 530 543 589 ct
552 541 674 605 pacoro
687 528 811 605 campi:
827 527 971 591 uolucres
986 545 1055 592 aaa·
1101 531 1219 592 caetera
1236 527 1306 590 uilia
1321 528 1467 608 paulatim
1481 533 1585 606 erepta
1600 533 1684 604 sunl,
1702 534 1734 591 et
1746 528 1778 592 in
1790 543 1902 592 carum
1917 525 1964 588 lc·

201 607 234 677 ti.
253 611 392 688 etpisaes
405 611 518 674 muris.
535 607 571 670 iit
587 609 680 670 mullo
695 617 768 672 ante
784 608 866 672 Pecs
882 612 948 686 ipse
967 613 1052 686 dlxii,
1101 618 1399 676 cumsnccesserunl
1412 610 1718 684 rirtuicslrumllitcs,
1730 611 1876 686 charitas,
1887 625 1962 672 oca·
2016 647 2017 700 p

199 691 376 757 Faciamus
392 695 556 758 nominem
570 692 813 770 adimagincm,
827 699 857 755 ct
870 695 1056 758 similitudi·
1101 695 1230 758 tinentia
1244 703 1273 758 et
1288 701 1440 758 caeterae.
1457 694 1494 757 Et
1508 699 1581 756 tono
1596 697 1719 762 demum
1735 696 1847 772 spella,
1864 695 1960 768 idest,
2016 723 2017 784 q

199 791 275 838 nem
285 785 473 854 nostramet
481 776 603 858 praesit
613 775 908 853 piaememoriae
917 779 1055 842 volatili·
1100 777 1243 840 homines
1259 777 1405 840 liberalia
1428 783 1578 858 potestate
1600 778 1806 851 tenebrarum,
1824 787 1856 842 el
1880 783 1961 842 tran·
2016 819 2017 856 ,

201 857 259 923 bars
271 862 402 934 coelici
413 861 517 923 bestiis
528 862 699 922 uniuersae
713 864 991 944 terraeamniqrrc
1005 880 1056 927 rc·
1100 861 1169 924 stati
1182 861 1212 922 in
1229 861 1363 940 Regnum
1377 860 1500 935 Christi,
1516 860 1672 924 distributi
1693 869 1765 926 sunl
1779 878 1836 941 per
1857 863 1961 925 varias

199 946 382 1028 plili,quod
394 945 584 1010 moueturin
597 945 797 1007 ternadena
812 944 888 1006 torte
903 949 1054 1010 existima·
1101 944 1206 1008 mundi
1229 947 1384 1024 regiones,
1403 951 1434 1006 ul
1456 944 1683 1008 multitudinem
1705 946 1843 1025 gentium
1864 947 1905 1008 ed
1930 944 1963 1010 d-

202 1046 376 1110 remus‚pcr
387 1035 545 1110 peccatum
558 1028 647 1108 primi
661 1028 795 1092 dominis
809 1028 942 1092 ablatum
957 1029 1055 1093 luisse
1100 1029 1170 1090 dem
1194 1034 1419 1108 concertarent,
1432 1035 1460 1092 el
1477 1027 1589 1092 Christi
1608 1029 1719 1108 ‘llegno
1741 1031 1961 1111 emungerent.
2016 1071 2017 1126 q

144 1176 146 1183 ,
203 1114 373 1178 dominium
390 1112 567 1181 bestiarum,
591 1116 642 1173 aut
667 1119 750 1174 certe
772 1127 827 1190 per
841 1119 964 1192 peccata
979 1112 1055 1178 illic·
1100 1112 1162 1175 lam
1176 1128 1246 1176 raro
1261 1113 1354 1176 iidem
1372 1113 1525 1186 homines,
1541 1125 1603 1176 non
1619 1113 1719 1176 solum
1735 1113 1917 1194 servicapti
1929 1114 1961 1176 iu
2016 1131 2017 1168 ι

202 1213 268 1260 rum
285 1199 392 1273 ddam,
407 1197 446 1261 ob
463 1211 539 1273 quae
552 1194 663 1257 lactum
676 1202 722 1258 est
737 1197 881 1274 generale
893 1196 1053 1274 diluvium,
1100 1195 1183 1260 bello
1200 1245 1208 1274 ,
1238 1197 1292 1259 sed
1323 1195 1413 1260 etiam
1425 1235 1429 1243 ι
1443 1194 1524 1259 serni
1544 1196 1675 1276 emptitii
1695 1195 1767 1260 iacti
1789 1206 1862 1260 sunt
1887 1196 1960 1277 quir

203 1282 346 1344 amisisse
367 1282 508 1352 homines
531 1277 693 1357 imperium
715 1278 746 1341 in
771 1279 933 1342 animantia
949 1282 1054 1360 iruta;
1101 1278 1240 1343 Christus
1255 1279 1403 1344 Dominus
1418 1280 1545 1343 eosdem
1560 1280 1692 1342 redemit
1715 1280 1754 1344 ab
1780 1281 1824 1344 ire
1839 1280 1898 1344 Ilei
1913 1283 1960 1344 iu·

201 1363 343 1444 repetivit
356 1363 440 1428 Deus
461 1367 530 1444 post
555 1361 702 1424 diluvium
725 1364 854 1426 eandem
871 1367 1055 1445 praerogati-
1099 1371 1156 1438 sia,
1174 1363 1271 1442 pretio
1287 1363 1449 1442 sanguinis
1463 1363 1524 1426 sui.
1540 1361 1592 1426 Sic
1612 1364 1696 1426 enirn
1719 1365 1855 1442 loquitar
1877 1367 1960 1438 dpa-

201 1463 277 1522 ram,
294 1448 415 1516 dicans,
435 1447 567 1510 Crescite
582 1452 610 1507 ct
620 1443 901 1524 multiplicamini,
912 1452 942 1510 et
954 1449 1053 1526 reple·
1099 1448 1209 1522 stolus,
1229 1446 1334 1524 limpti
1349 1447 1420 1508 estis
1434 1447 1538 1525 pretio
1551 1461 1685 1525 magam.
1701 1453 1731 1509 et
1745 1461 1866 1512 rursus.
1882 1447 1958 1511 Pre-

203 1537 232 1593 tc
247 1535 379 1594 terrum.
395 1531 435 1593 dt
458 1536 561 1592 terror
580 1533 691 1602 nester,
714 1545 753 1590 ac
775 1537 892 1591 tremor
906 1533 946 1593 sit
959 1547 1056 1611 saper
1099 1531 1144 1592 tio
1156 1531 1255 1608 empti
1266 1532 1348 1598 estis.
1360 1531 1460 1592 nolite
1471 1529 1640 1607 timemur?
1650 1529 1831 1600 hominnm.
1844 1539 1874 1596 et
1886 1548 1956 1594 san·

127 1661 131 1670 .
200 1620 318 1678 cuncta
329 1615 624 1677 animalicterroc:
642 1617 779 1690 etsupcr
791 1614 1055 1678 omnesoolucrcr
1099 1620 1166 1674 ctus
1178 1613 1296 1675 Petrus.
1308 1613 1379 1676 Non
1394 1611 1656 1692 corruptibilibus
1669 1628 1762 1683 carc.
1774 1615 1827 1678 acl
1841 1631 1957 1696 arpen·

200 1699 295 1770 coeli,
312 1713 385 1760 cana
399 1695 572 1768 uniuersis,
596 1710 680 1773 quae
701 1703 870 1784 monentur
884 1713 983 1776 super
996 1703 1054 1762 ter·
1100 1703 1130 1758 ta
1145 1697 1303 1773 redempti
1317 1698 1401 1772 asiis,
1414 1697 1619 1776 rcdprctioaa
1631 1698 1794 1774 sangnine
1805 1699 1956 1777 agnitor·
2016 1771 2017 1776 ,

198 1795 283 1843 rona.
302 1779 415 1844 Omnes
439 1781 541 1859 pisces
552 1780 653 1842 muris
667 1779 785 1841 manui
798 1783 922 1842 costroe
942 1783 1055 1846 traditi
1099 1779 1266 1849 macalati,
1283 1785 1313 1841 et
1332 1781 1585 1843 incontaminati
1606 1776 1735 1842 Christi.
1749 1780 1836 1844 Addo
1852 1783 1955 1858 etiam,

198 1869 286 1928 suni.
303 1865 348 1927 Ite
363 1863 414 1936 iis,
431 1863 482 1938 qni
498 1868 602 1924 carent
618 1879 675 1923 usu
690 1861 817 1924 rationis
839 1863 913 1925 dixit
927 1864 1054 1942 aposto·
1100 1877 1156 1924 nos
1182 1877 1290 1924 ornnes
1315 1877 1387 1925 esse
1408 1879 1529 1938 vernas,
1559 1863 1623 1924 sire
1649 1877 1756 1926 servos
1769 1867 1955 1929 remeantes

200 1947 261 2014 lus.
280 1945 402 2024 Quanta
419 1955 559 2024 tempore
574 1944 686 2006 haeres
707 1945 876 2022 paruolus,
899 1948 1055 2019 estnihil
1098 1944 1246 2024 Dei,qula
1263 1945 1317 2007 dlii
1329 1961 1486 2008 serrorum
1499 1952 1529 2008 el
1539 1944 1721 2008 ancillarum
1733 1949 1873 2010 eiusdem
1890 1948 1956 2022 Dei,

200 2028 307 2109 differt
321 2048 343 2094 a
355 2031 516 2106 serac,sed
527 2028 585 2091 sub
599 2026 769 2096 tatoribus.
788 2035 816 2090 et
826 2030 986 2092 actoribus
997 2036 1052 2093 est.
1099 2029 1222 2091 dicente
1236 2028 1398 2106 Prcplreta.
1415 2028 1481 2108 Epo
1496 2044 1605 2092 seruus
1618 2035 1704 2100 tune,
1717 2037 1746 2092 ct
1755 2029 1843 2106 attius
1856 2034 1958 2096 ancil·

199 2111 237 2176 Et
252 2113 396 2177 Salomon
422 2111 556 2190 scripsit.
585 2108 646 2186 Qni
671 2111 786 2173 stultas
812 2116 856 2174 cst
876 2116 990 2176 seruiet
1003 2131 1054 2176 aa·
1099 2111 1150 2174 lae
1165 2120 1251 2174 tuce.
1268 2111 1408 2188 Denique
1423 2128 1532 2174 sumus
1546 2125 1654 2174 omncs
1669 2114 1748 2176 sarri
1760 2114 1956 2186 mercenarii,

195 2197 309 2274 pienti.
334 2193 472 2275 deniqne
487 2194 625 2258 serviunt
646 2195 823 2256 naturaliter
838 2195 946 2258 arlillcl
960 2214 1052 2273 opere
1098 2196 1168 2271 quia
1183 2211 1243 2257 non
1260 2197 1328 2256 sine
1345 2211 1453 2274 magua
1469 2193 1624 2273 stipendio
1638 2196 1790 2258 servimus
1806 2197 1882 2259 ileo.
1898 2198 1958 2261 Pri·

199 2296 278 2358 qaae
294 2281 361 2359 ipsc
378 2287 440 2341 arte
455 2296 522 2346 sua,
537 2285 566 2338 el
581 2293 617 2338 er
632 2293 665 2339 re
677 2294 733 2338 sna
744 2277 826 2354 lecit,
841 2279 963 2340 dicente
975 2279 1054 2357 dpo·
1100 2295 1181 2339 mura
1197 2277 1280 2339 enlm
1296 2279 1348 2340 ille
1364 2295 1421 2340 nos
1443 2279 1507 2354 alit,
1525 2285 1556 2340 et
1569 2276 1671 2354 restit,
1699 2284 1728 2341 et
1744 2287 1776 2341 nt
1791 2281 1959 2358 dpostclos

198 2361 292 2436 stolo,
305 2362 355 2426 An
377 2362 554 2426 nonhabet
573 2365 762 2439 potestatem
782 2361 904 2440 ligulas
921 2362 991 2434 luti,
1006 2363 1054 2440 la·
1101 2359 1248 2438 loquitur,
1264 2359 1335 2440 ipso
1352 2362 1408 2424 aiot
1421 2360 1514 2424 nobie
1527 2361 1640 2432 wana,
1653 2367 1683 2422 ei
1696 2363 1957 2441 inspirationem»,

201 2461 272 2509 cere
287 2447 451 2509 aliudque
465 2445 680 2517 innonorcm,
697 2451 726 2506 ct
740 2444 1053 2508 aliudincontome·
1096 2449 1128 2505 vot
1149 2446 1272 2507 omnio.
1298 2445 1333 2506 ill
1362 2447 1449 2521 quasi
1477 2443 1536 2507 hoc
1558 2459 1665 2524 parum
1689 2455 1782 2516 essct,
1807 2447 1958 2524 promittit

201 2529 310 2593 iiam?
324 2528 387 2592 lam
405 2545 476 2592 vero
492 2526 642 2604 mancipia
665 2527 808 2588 dicuntur
832 2528 985 2598 homiues,
1002 2535 1053 2602 qul
1098 2527 1180 2589 Deus
1206 2527 1303 2590 serris
1321 2527 1495 2590 mercedem
1518 2544 1659 2608 magnam
1676 2544 1730 2606 pro
1745 2532 1829 2592 omni
1847 2529 1953 2594 labore

197 2613 238 2674 alr
251 2612 406 2684 homines,
423 2612 475 2690 qui
492 2611 652 2688 capiuntur
673 2611 710 2670 ab
736 2609 878 2673 nostibus
900 2612 930 2672 in
952 2611 1052 2690 liel103
1099 2611 1273 2673 eorumsu
1286 2610 1368 2671 enlm
1382 2612 1516 2689 loquitur
1527 2610 1765 2676 Ecclesiasticus
1777 2614 1808 2681 in
1821 2621 1959 2676 extremo

195 2694 361 2774 dequibus
376 2696 461 2766 diali,
478 2700 602 2758 sanctus
616 2693 734 2768 Petrus,
749 2693 774 2754 A
791 2707 853 2766 qno
869 2697 941 2774 qais
955 2711 1052 2774 stape-
1098 2693 1178 2754 libro
1193 2691 1454 2772 sumopercrnini
1467 2709 1547 2770 opus
1561 2700 1713 2772 oestrum,
1728 2703 1756 2757 et
1768 2695 1859 2760 doir'r
1870 2697 1958 2761 cocu

193 2783 286 2842 ratur
314 2783 370 2852 eet,
396 2779 493 2842 huius
515 2782 545 2839 et
569 2792 677 2840 senius
705 2779 760 2838 cst.
783 2775 935 2840 Dicuntur
950 2789 1051 2841 autem
1099 2783 1280 2840 mercedem
1290 2783 1429 2854 cestram
1450 2778 1644 2856 intempore
1664 2778 1957 2858 nro‚erdpastolus

197 2862 361 2941 mancipia,
378 2863 449 2938 qula
465 2875 555 2922 mauu
569 2855 741 2938 capiunlnr.
765 2857 848 2920 Serri
873 2869 973 2924 autern
990 2877 1053 2923 ern·
1098 2859 1209 2921 Paulus
1223 2859 1458 2938 Unusquisque,
1475 2860 1586 2936 lnquit,
1603 2865 1782 2926 mercedem
1793 2879 1892 2925 scam
1907 2879 1957 2926 cc·

195 2945 273 3021 plitil
289 2951 360 3007 sunl
376 2945 420 3006 illi
432 2946 482 3022 qui
508 2945 604 3020 pretio
626 2948 780 3003 cruuntur.
804 2941 964 3005 vernaculi
981 2951 1053 3006 sunt
1094 2944 1190 3019 cipiet
1201 2945 1380 3005 secundum
1392 2959 1489 3006 suum
1501 2943 1654 3007 laborem.
1669 2944 1704 3006 ill
1723 2945 1873 3007 Dominus
1888 2947 1955 3024 ipse

195 3026 228 3100 ii,
244 3030 296 3108 qai
314 3035 481 3090 nascuntur
504 3043 541 3089 cx
562 3026 671 3094 serris,
696 3029 733 3086 et¹
750 3025 886 3088 ancillas.
912 3026 1049 3104 lienique
1096 3025 1133 3086 de
1150 3029 1293 3088 mercede
1308 3026 1459 3088 bonorum
1473 3043 1601 3102 operum
1614 3028 1958 3106 undecennium

194 3112 388 3181 rnoraenarli,
406 3110 459 3190 qui
472 3126 528 3190 pro
543 3109 710 3170 constituto
726 3107 846 3180 salario,
861 3109 925 3170 sire
938 3126 1051 3173 merce·
1094 3124 1167 3173 amar
1182 3109 1311 3180 bonam,
1329 3116 1359 3171 et
1380 3110 1570 3184 confertam,
1590 3117 1619 3172 ct
1635 3112 1844 3190 acupictura,
1861 3121 1892 3176 ct
1904 3129 1956 3176 su·

193 3194 233 3258 dc
247 3197 385 3258 sarciunt
399 3196 436 3256 ad
450 3200 584 3272 tempus,
601 3191 656 3252 sed
672 3189 786 3266 alinqcl
803 3206 863 3253 non
886 3193 977 3263 serat,
995 3196 1049 3266 sed
1093 3189 1334 3272 pmelltucntam
1348 3191 1473 3255 doduni
1485 3193 1522 3256 in
1535 3195 1648 3256 einum
1661 3202 1814 3258 ominum.

195 3278 285 3342 liberi
301 3285 384 3344 sunt.
1135 3275 1227 3336 Porro
1243 3275 1320 3336 haec
1333 3282 1393 3337 tam
1412 3278 1569 3354 multiplex
1585 3279 1717 3340 servitos
1728 3279 1867 3342 emulum
1881 3295 1954 3360 erga

234 3363 299 3424 iam
327 3363 421 3440 igitur
447 3359 548 3442 omnis
573 3359 665 3420 horno
689 3356 867 3419 naturaliter
881 3374 989 3420 servos
1004 3366 1051 3418 cst
1095 3357 1206 3433 Deum,
1223 3369 1284 3418 non
1299 3367 1495 3435 pugnotcum
1513 3366 1662 3436 potestate
1684 3362 1781 3440 regia,
1806 3377 1910 3437 neque
1927 3367 1956 3424 tn

194 3445 262 3522 liei,
279 3463 295 3507 a
311 3461 372 3522 quo
388 3445 485 3506 iactus
500 3448 558 3518 cst,
582 3450 615 3504 ut
636 3457 688 3502 ras
709 3439 847 3519 allgulc,
864 3457 899 3502 oc
921 3442 1049 3517 proinde
1093 3442 1193 3507 terris.
1220 3458 1320 3515 neque
1342 3442 1373 3502 in
1397 3443 1506 3505 eaelo:
1529 3443 1723 3508 siout-etlam
1753 3461 1815 3507 noa
1838 3453 1957 3524 pugnat

193 3535 293 3607 potest
308 3545 378 3592 eum
390 3527 485 3595 Deos,
502 3527 528 3586 si
541 3527 625 3599 velit,
642 3525 849 3599 conlrlngere,
863 3529 893 3584 et
905 3525 935 3584 in
948 3525 1050 3597 putre·
1092 3539 1162 3584 cum
1178 3539 1249 3586 vera
1273 3522 1431 3601 filiatione,
1455 3532 1484 3587 ei
1510 3525 1688 3604 adoptione.
1712 3525 1849 3592 Sanctus
1873 3530 1955 3591 enim

194 3629 258 3674 rem
273 3612 429 3686 redigere,
446 3612 525 3673 iurla
540 3607 614 3670 illud
625 3607 749 3684 psalmi.
764 3607 863 3685 Reges
877 3605 1049 3669 eosinnir-
1091 3605 1225 3668 Ioannes
1241 3609 1270 3666 ln
1288 3609 1471 3686 llpccalppsl
1494 3607 1603 3672 narras
1626 3608 1769 3674 immines
1785 3612 1954 3674 introduci

191 3712 236 3773 pa
249 3695 369 3772 samec,
387 3701 417 3754 et
430 3699 589 3771 tanquam
599 3706 657 3753 aas
670 3691 766 3769 figuli
781 3689 962 3768 confringes
978 3703 1047 3751 cos:
1090 3691 1241 3751 dicentes
1258 3690 1374 3753 Fecisti
1387 3706 1446 3753 nos
1462 3691 1526 3752 Deo
1540 3700 1650 3754 nostra
1672 3692 1830 3772 Regnum,
1859 3703 1890 3758 et
1903 3712 1958 3758 su·

192 3786 222 3839 et
243 3785 400 3855 praeterea
424 3779 481 3837 trac
504 3779 621 3836 ratione
637 3789 698 3834 non
721 3774 808 3834 solus
824 3773 927 3841 homo,
945 3775 999 3833 sed
1016 3789 1048 3834 o·
1091 3774 1243 3844 cardeles,
1260 3778 1290 3835 et
1302 3773 1622 3854 repondemusraper
1635 3782 1769 3852 terrum,
1782 3778 1957 3840 etalihitn·

193 3877 280 3926 mnes
306 3877 355 3922 res
381 3867 501 3920 creatae
518 3857 693 3920 naturaliter
718 3857 854 3916 serviunt
870 3857 943 3924 Dea,
967 3857 1045 3916 iuxta
1092 3858 1224 3918 troducit
1239 3855 1391 3918 Christum
1409 3858 1576 3919 dicentem.
1595 3857 1680 3930 adut
1706 3859 1811 3922 ricarli
1825 3861 1907 3922 dabo
1927 3861 1955 3922 ei

192 3939 279 4014 illud,
297 3941 413 4006 Omnia
424 3943 568 4004 sarciunt
579 3939 648 4012 iiiii,
665 3947 695 3999 ct
709 3938 796 4006 illud,
811 3939 1046 4000 nominasent
1093 3957 1106 3997 r
1124 3940 1235 4000 sedere
1252 3955 1370 4000 mecum
1389 3941 1419 4000 ln
1435 3943 1546 4002 throno
1562 3955 1650 4002 mec:
1667 3943 1748 4005 sicut
1762 3958 1822 4022 ego
1838 3946 1911 4019 rici,
1924 3951 1954 4006 et

193 4042 360 4090 nersornm
372 4033 406 4088 tu
421 4041 467 4087 es.
485 4031 515 4086 et
530 4023 619 4095 illud,
642 4020 725 4083 Deos
744 4024 846 4098 potest
860 4021 1048 4082 uniuersum
1092 4039 1106 4082 r
1123 4020 1190 4083 sedi
1205 4039 1274 4082 cum
1291 4020 1377 4084 Patre
1400 4038 1469 4083 meo
1491 4025 1522 4084 in
1538 4024 1649 4086 tirone
1664 4026 1751 4088 eius:
1772 4043 1786 4086 r
1807 4035 1837 4089 ct
1853 4035 1955 4090 tamen

191 4113 354 4174 mnndum
372 4124 439 4171 uno
454 4113 539 4169 nola
554 4105 672 4168 delere.
687 4103 722 4166 Et
738 4117 845 4166 rursus
861 4105 918 4184 alia
934 4102 1048 4166 ratione
1089 4104 1170 4166 idem
1201 4111 1327 4168 sanctus
1350 4103 1483 4166 loannes
1510 4108 1539 4166 tn
1563 4109 1673 4168 codem
1688 4109 1768 4172 liora
1784 4109 1824 4172 de
1840 4111 1952 4172 lisdem

190 4193 400 4257 omnishomo
416 4207 526 4252 servus
540 4197 586 4250 est
602 4189 669 4253 Pei.
693 4189 835 4264 quoniam
856 4185 928 4250 iicet
941 4186 1048 4248 iudici·
1091 4188 1177 4260 dicit,
1195 4187 1272 4248 Idea
1284 4194 1360 4249 sunt
1375 4191 1450 4250 o'nte
1465 4189 1616 4253 amanum
1634 4190 1702 4264 Dei,
1720 4199 1750 4254 et
1763 4195 1956 4256 stratonici

191 4277 384 4338 amantionis
410 4291 446 4336 cx
464 4287 590 4335 niuosae
605 4271 660 4334 Del
688 4273 814 4348 sprlllus
835 4271 885 4340 sil,
902 4271 929 4338 id
947 4280 1046 4331 tannen
1091 4271 1156 4344 dic,
1172 4288 1211 4332 oc
1225 4277 1328 4332 nocte.
1345 4270 1399 4331 Utri
1413 4271 1564 4336 ridemus.
1579 4275 1704 4336 eosdem
1720 4277 1749 4334 in
1763 4276 1851 4340 caelo
1863 4282 1896 4339 ei
1907 4293 1956 4338 se·

191 4361 217 4420 si
235 4366 428 4438 comparetur
450 4359 487 4416 ad
517 4355 666 4416 indicium
689 4355 826 4423 rationis,
850 4353 929 4433 quod
954 4361 1000 4413 est
1015 4352 1046 4414 in
1090 4359 1164 4416 dere
1181 4357 1210 4413 in
1228 4357 1349 4428 aniano,
1365 4361 1396 4414 el
1418 4371 1546 4434 regnare
1569 4373 1638 4418 aum
1661 4357 1795 4434 Cirristc,
1813 4369 1843 4422 ct
1858 4361 1954 4420 simul

191 4443 274 4518 Dit03
290 4442 504 4504 omnishomo.
518 4438 850 4516 quantumvissapiens
863 4439 938 4497 inter
951 4437 1047 4498 homi·
1090 4439 1205 4499 serrire
1223 4437 1285 4498 lleo
1299 4445 1416 4500 stanles
1427 4445 1498 4500 ante
1511 4441 1653 4510 thronum
1670 4439 1733 4518 die,
1750 4451 1903 4505 acnocte.
1919 4442 1955 4504 m

190 4544 259 4591 nes.
276 4531 325 4588 est
339 4524 429 4585 veluti
448 4523 558 4590 intans,
577 4527 607 4582 ei
623 4522 740 4582 lactens
755 4522 912 4591 puerulus.
930 4517 1044 4580 Eodem
1092 4535 1151 4582 nco
1165 4519 1262 4580 solnm
1281 4524 1377 4580 sancti
1394 4521 1549 4595 nomines,
1567 4526 1621 4584 sed
1638 4524 1728 4586 etiam
1741 4527 1841 4586 sancti
1855 4528 1954 4602 tngo·

190 4611 281 4672 modo
293 4610 395 4670 omnis
411 4610 502 4666 donno
518 4601 566 4666 'ost
582 4603 767 4676 manicipium
786 4605 851 4677 ltel,
874 4603 991 4662 etiamsi
1015 4620 1047 4663 a·
1090 4603 1124 4678 ll,
1141 4618 1246 4666 servos
1261 4603 1329 4676 ilci,
1347 4611 1377 4664 ei
1397 4620 1566 4671 ,conservos
1583 4607 1726 4668 homines
1741 4623 1777 4670 sc
1792 4623 1867 4670 csse
1879 4625 1953 4670 con·

191 4692 288 4767 linqui
303 4705 433 4768 magnos
457 4690 486 4748 in
503 4688 594 4749 terris
608 4689 647 4747 sit
671 4686 836 4763 Princeps:
856 4689 997 4761 qnoniam
1014 4686 1045 4748 in
1092 4685 1239 4746 dterluon
1253 4687 1452 4758 erubescunt,
1470 4689 1594 4749 dicente
1606 4690 1724 4766 Angelo
1736 4691 1774 4751 ad
1791 4691 1952 4763 loannem,

192 4774 284 4844 ballo,
302 4775 383 4846 quad
400 4771 537 4842 Christus
552 4768 721 4844 Imperator
737 4776 841 4829 noster
853 4784 919 4853 curn
934 4768 1047 4828 Prlnei·
1092 4767 1270 4831 Conscruue
1285 4774 1454 4833 naussum.
1472 4779 1500 4832 et
1512 4769 1651 4847 fratrum
1664 4781 1806 4836 tucrum.

191 4873 229 4934 pe
246 4857 442 4918 tenebrarum
457 4853 565 4931 gessit,
583 4855 745 4928 captiuam
767 4851 864 4914 duacit
879 4853 1047 4927 cuptioilu-
1131 4850 1173 4912 iix
1191 4851 1238 4918 llis
1256 4852 1416 4921 tradamus,
1433 4853 1543 4930 lieges,
1560 4864 1590 4916 et
1612 4855 1772 4933 Principes
1787 4862 1901 4924 terrae.
1918 4863 1952 4918 ut

191 4951 274 5000 tem:
301 4940 393 5007 idest,
417 4953 485 5009 eoa,
511 4937 562 5012 qui
589 4941 674 4997 erant
689 4936 804 5018 ¹captivi
831 4933 944 4996 diaboli
974 4935 1047 4996 lecit
1091 4949 1174 5009 rere,
1192 4943 1222 4996 et
1238 4937 1359 5010 proprie
1375 4937 1498 5011 populls
1519 4939 1585 4999 suis
1610 4947 1779 5013 praesunt:
1796 4941 1844 5002 sic
1859 4941 1952 5000 etiam

192 5022 332 5085 Christus
348 5022 443 5081 victor
458 5021 595 5096 captiuos
611 5033 696 5080 suas.
714 5016 800 5090 Quod
817 5017 882 5094 ipse
899 5015 1046 5080 Dominus
1091 5033 1173 5088 rere,
1191 5026 1220 5078 ct
1236 5023 1358 5095 proprie
1374 5035 1480 5082 servos
1494 5037 1566 5082 esse
1582 5021 1685 5088 [teiel
1698 5023 1951 5086 conserrcssale

192 5109 221 5166 in
241 5103 406 5178 Evangelio
419 5103 592 5180 explicarit,
610 5100 728 5173 diceus,
748 5100 825 5163 Cum
836 5101 925 5177 fartis
940 5116 1047 5161 armo·
1092 5100 1223 5162 diturum
1239 5118 1378 5168 suornm,
1395 5109 1425 5162 et
1440 5104 1515 5164 tales
1531 5104 1624 5168 etiarn
1637 5105 1756 5168 lutosos
1767 5106 1799 5168 iu
1815 5107 1949 5170 aaaron

192 5197 241 5252 tras
258 5185 398 5268 custodit
413 5187 537 5250 utrium
549 5199 657 5256 snum,
675 5184 712 5246 in
730 5200 811 5262 poce
825 5189 902 5245 sunt
918 5185 1046 5251 omnic,
1092 5184 1166 5246 illua
1182 5187 1385 5258 pervenerint.
1397 5185 1450 5244 sed
1465 5186 1785 5263 latinissima,elcruui
1798 5189 1950 5269 acceptio·

192 5289 276 5352 qaac
290 5268 431 5348 possidet
449 5271 507 5331 scd
529 5285 601 5332 cum
623 5268 739 5345 sortior
762 5283 798 5330 ec
819 5268 1047 5343 superueniens
1095 5283 1134 5328 ne
1149 5267 1329 5344 dignissima
1344 5267 1498 5330 servitute.
1516 5271 1558 5332 tia
1575 5287 1633 5346 qua
1650 5273 1898 5336 consideratione
1914 5274 1949 5334 il·

190 5357 305 5430 uicerit
319 5369 405 5422 eum,
420 5353 574 5414 uniuerso
589 5368 684 5415 ormo
696 5352 764 5412 cius
776 5349 908 5426 cnseret,
924 5351 961 5411 in
976 5352 1044 5428 qui·
1095 5350 1147 5412 lud
1163 5355 1380 5427 consequetur.
1398 5359 1429 5412 ut
1442 5353 1524 5426 plura
1542 5353 1711 5432 Principem
1728 5369 1791 5418 nou
1803 5355 1899 5434 erigat
1915 5357 1948 5418 in

194 5439 251 5501 bus
273 5433 468 5514 confidebat,
485 5443 514 5494 et
528 5436 635 5513 spolio
648 5437 717 5498 eiua
739 5431 917 5496 distribuet.
933 5433 1047 5496 lltriom
1095 5433 1269 5510 superbiam
1289 5436 1426 5504 tnronus,
1440 5442 1471 5496 et
1485 5452 1610 5510 cornua,
1623 5451 1725 5514 neque
1736 5445 1905 5515 sceptrum.
1921 5445 1953 5502 et

193 5521 345 5597 Principis
358 5516 554 5580 tenebrarum
568 5524 615 5579 cst
627 5516 810 5580 infidelitas:
827 5533 862 5580 eo
878 5516 960 5578 enirn
973 5517 1049 5578 atrio
1096 5533 1229 5593 purpura
1244 5536 1252 5592 3
1267 5520 1320 5577 sod
1338 5517 1367 5576 in
1386 5517 1453 5580 elus
1469 5519 1602 5580 animum
1627 5521 1787 5598 ingeneret
1807 5523 1951 5584 candoe·

195 5606 275 5666 beno
288 5601 422 5677 munito,
439 5601 627 5675 omnesqui
645 5602 727 5663 intus
741 5607 835 5676 erant,
852 5615 962 5662 secare
979 5614 1048 5675 pos·
1094 5599 1242 5662 relictam
1260 5599 1437 5676 multiplicis
1459 5604 1624 5677 servitulis,
1649 5620 1763 5678 reram,
1780 5613 1812 5667 et
1826 5607 1951 5682 proton-

197 5686 380 5754 sidebanlur
395 5703 411 5746 a
427 5683 562 5748 diabolo.
580 5682 640 5746 Sed
656 5684 731 5746 atria
746 5690 930 5762 expugnato,
944 5682 1046 5744 omnia
1094 5682 1175 5751 dam,
1190 5691 1220 5744 et
1234 5683 1354 5746 Christo
1378 5683 1506 5746 nornine
1527 5686 1746 5750 amatissimam
1768 5687 1951 5751 inarmilirntis
