4080 6252
7 445 17 586 Ι
43 477 172 572 quinon
189 479 361 556 didicerunt
376 481 494 572 bellare
512 492 593 555 bella
615 488 754 570 Domini;
777 491 834 558 scd
848 493 901 567 ab·
947 493 1029 571 vixit,
1056 495 1244 572 voluptatem
1265 495 1451 572 imperandi,
1479 511 1555 572 quae
1581 495 1707 556 maxima
1724 501 1795 558 esso

775 343 1078 416 creausucormus

1672 359 1724 454 lilii

7 611 15 667 Ι
43 591 124 654 sque
140 577 203 638 ulla
220 576 392 638 resistentia
407 571 583 655 ‘suscipiunt
595 569 857 654 volnera-diaboli,
871 584 901 639 at
948 580 1041 653 solet,
1060 593 1120 639 oon
1144 577 1292 652 liquidam
1318 593 1374 638 nec
1391 576 1518 638 solidam
1536 578 1652 651 babuit,
1671 585 1796 657 propter

7 697 14 760 Ι
44 661 216 722 ιιιοιιιιιιιιιι
231 667 326 738 ιιιοιιε
339 659 530 740 prima,quae
542 667 588 723 est
601 665 760 740 peccatum
774 661 898 724 lethale:

42 748 76 805 ει
102 744 174 824 quia
199 737 295 806 timidi
319 751 390 804 sunt
412 745 503 807 etiam
519 745 550 808 in
566 744 681 824 agenda
699 745 899 822 poenitentia,

7 853 13 918 Ι
44 843 118 888 cnm
133 843 194 890 non
210 827 341 890 audeant
354 829 502 909 castigare
527 835 557 890 et
576 829 608 889 in
631 829 807 890 servitutem
824 828 904 890 redi·

7 953 12 1002 Ι
49 925 127 989 gere
144 927 255 990 corpus
271 925 361 972 suum
376 913 470 986 ,ideo
496 912 636 992 incidunt
657 910 689 974 in
711 918 839 975 mortem
856 928 906 974 se·

7 1037 13 1088 Ι
44 996 192 1071 cundam,
216 1009 294 1072 quae
320 1001 368 1056 est
390 996 544 1073 gehenna.
570 995 677 1073 Itaque
703 1001 787 1057 recta
804 997 905 1073 posuit

7 1123 12 1172 Ι
44 1073 183 1142 Ioannes
200 1080 298 1155 primo
314 1077 384 1140 loco
400 1079 535 1152 timidos,
554 1081 623 1157 quia
647 1078 793 1141 timiditas
806 1079 905 1142 lobni·

45 1157 95 1226 tos
112 1161 253 1224 nomines
269 1161 306 1222 ad
322 1162 438 1224 interos
455 1164 607 1240 perducit.

7 1293 12 1342 Ι
91 1245 170 1322 Quid
188 1247 281 1326 igitur
302 1245 353 1306 bic
376 1246 478 1307 dicent
500 1246 642 1308 homines
666 1246 832 1310 carnales?
846 1247 907 1310 lio·

7 1377 11 1426 Ι
46 1337 213 1392 mentanea
236 1335 266 1391 et
286 1327 365 1389 levia
389 1345 460 1416 esse
482 1331 562 1392 bona
579 1331 770 1406 temporalia,
786 1334 905 1410 experi-

7 1465 10 1510 Ι
46 1422 152 1476 mento
164 1411 292 1473 aliorum
305 1418 335 1472 et
351 1419 576 1476 nostrcomnes
590 1413 775 1484 didicimus:
790 1415 905 1494 gravis·

7 1781 10 1846 t

47 1498 123 1559 s'ima
147 1503 177 1558 et
199 1499 267 1556 sine
289 1495 351 1556 line
373 1496 514 1560 duratura
539 1513 610 1560 esse
626 1500 773 1558 tormenta
790 1498 907 1574 geben-

48 1595 121 1658 nae,
149 1578 307 1655 Scriptura
331 1578 455 1655 dirina,
482 1583 513 1642 in
536 1597 597 1659 qua
617 1579 732 1644 lalsltas
758 1595 829 1643 esse
844 1597 906 1643 non

49 1669 166 1745 potest,
193 1668 297 1740 aperte
324 1667 462 1726 testatur.
491 1663 536 1726 Ειι
561 1663 675 1742 quibus
701 1665 851 1742 sequitur,
875 1672 908 1728 ut

47 1763 167 1808 summa
185 1746 276 1808 totins
289 1746 367 1807 ltrtis
382 1743 462 1807 bene
478 1746 628 1809 moriendi
644 1748 685 1808 sit
700 1764 747 1820 aa,
764 1765 842 1826 quae
855 1752 905 1810 tri·

48 1829 109 1892 bus
125 1828 328 1908 sequentibus
345 1829 607 1907 propositionibus
620 1833 825 1908 continentur,
843 1833 907 1897 sive

46 1929 126 1994 quae
141 1913 283 1993 sequenti
300 1913 533 1975 ratiocinatione
549 1915 754 1977 concluditur.

949 661 1064 736 odium,
1080 677 1141 740 quo
1158 660 1300 722 Davidem
1317 661 1569 739 persequebatur.
1584 661 1690 736 Itaque
1702 663 1796 739 vigin-

950 747 969 806 ti
987 747 1077 806 annis
1094 744 1243 824 regnandi
1260 742 1458 805 dnlcedinem
1476 761 1536 806 non
1554 745 1621 807 sinc
1634 744 1706 830 telle
1724 744 1797 804 inri-

950 828 1072 891 dentiae
1088 828 1270 906 degustavit.
1288 827 1381 888 innis
1396 827 1458 888 illis
1474 828 1603 890 evolutis
1618 829 1693 906 lugit
1709 828 1746 889 ab
1761 842 1798 888 eo

951 913 1051 975 omnis
1067 912 1143 974 ritae
1155 911 1337 986 iucunditas,
1352 913 1541 973 etsucoesslt
1557 928 1628 990 pura
1642 919 1672 971 et
1686 912 1799 988 sempi-

950 1001 1036 1058 terna
1060 996 1233 1072 calamitas3
1257 1002 1287 1056 et
1303 1013 1385 1058 nunc
1401 1011 1498 1073 usque
1514 997 1550 1055 ad
1566 1011 1663 1056 annos
1680 995 1801 1055 circiter

951 1081 1000 1141 bis
1017 1079 1098 1140 mille
1115 1085 1146 1141 et
1167 1081 1370 1158 septuaginta,
1395 1079 1466 1140 vivit
1488 1095 1557 1158 pars
1573 1079 1639 1140 eius
1654 1076 1798 1149 nobilior,

951 1179 1029 1243 quae
1046 1169 1093 1224 εει
1108 1164 1240 1236 animus,
1264 1162 1294 1223 in
1319 1163 1477 1225 doloribus
1500 1163 1650 1234 maximis,
1675 1167 1705 1224 et
1719 1160 1816 1240 quod·

953 1245 1160 1308 miserabilius
1183 1253 1240 1318 est,
1263 1245 1330 1308 sine
1358 1245 1419 1307 fine
1446 1247 1506 1308 ullo
1529 1245 1692 1309 duraturis.
1707 1243 1800 1306 David

952 1336 1057 1394 contra
1074 1331 1145 1392 viril
1159 1329 1246 1390 annis
1262 1329 1465 1408 septuaginta,
1483 1330 1680 1409 quadraginta
1693 1344 1800 1408 regna·
1816 1355 1817 1358 ι

952 1415 1005 1476 ιιι.
1031 1409 1067 1476 Di
1093 1415 1230 1492 quamvis
1260 1413 1471 1476 tribulationes
1501 1429 1561 1474 non
1588 1415 1713 1492 exiguas
1744 1425 1802 1472 nec

952 1514 1065 1576 paucas
1078 1497 1254 1575 gustaverit,
1270 1507 1370 1558 tamen
1387 1497 1613 1560 consolationes
1629 1498 1717 1558 etiam
1740 1511 1803 1556 ma·

952 1583 1049 1644 rimas
1064 1587 1095 1642 et
1109 1581 1373 1658 trequentlsslmas
1386 1587 1528 1658 expertus
1541 1588 1586 1642 est
1598 1597 1634 1640 ει
1646 1579 1803 1642 revelatio·

954 1664 1045 1727 nibus
1057 1663 1178 1734 divinis,
1196 1681 1271 1742 quas
1288 1665 1317 1723 in
1333 1663 1460 1726 Psalmis
1477 1664 1541 1725 suls
1553 1662 1741 1725 dulcissimis
1754 1677 1803 1724 ειι-

954 1749 1085 1826 pressit3
1102 1756 1214 1825 etpost
1230 1747 1419 1808 obitumnon
1436 1748 1471 1808 ad
1489 1763 1614 1826 poenas,
1638 1747 1691 1807 sed
1702 1745 1741 1808 'ad
1755 1761 1803 1808 re-

953 1829 1121 1909 irigerium,
1138 1830 1167 1891 in
1184 1830 1284 1893 sinum
1301 1831 1437 1891 lbrabae
1453 1847 1522 1892 cum
1536 1831 1569 1893 S.
1583 1830 1720 1891 Patribus
1733 1845 1803 1891 oon·

953 1915 1057 1976 cessit:
1074 1922 1102 1976 ει
1118 1921 1186 1991 post
1199 1913 1309 1976 Christi
1327 1913 1445 1975 Domini
1462 1915 1717 1976 resurrectionem
1731 1928 1802 1975 cum

900 2029 904 2037 ·
952 1996 1152 2076 ipsoCbristo
1175 1998 1211 2060 ad
1229 2013 1320 2078 regua
1345 1999 1501 2060 coelorum
1524 1999 1708 2077 sempiterna
1732 2013 1804 2059 con·

371 2072 452 2138 CAP.
475 2073 570 2137 xlii.
629 2135 630 2140 ,

169 2241 305 2305 sommo
319 2241 416 2305 totius
431 2242 517 2310 Actia
531 2245 610 2320 bene
622 2248 796 2312 moriendi.

7 2423 9 2490 ξ
93 2413 304 2476 ltomentanea
321 2417 351 2476 et
366 2411 485 2474 modica
499 2417 547 2474 est
560 2415 620 2473 tam
636 2409 806 2473 consolatio
819 2427 909 2491 quam

7 2507 9 2578 ζ
51 2495 210 2560 tribulatio
227 2500 303 2558 vitae
320 2495 513 2574 praesentis:
530 2494 718 2572 sempiterna
734 2500 764 2555 et
779 2496 910 2556 maxima

7 2589 10 2604 ⁸
51 2589 100 2645 est
116 2587 174 2642 tam
198 2581 369 2643 consolatio
386 2594 475 2658 quam
500 2578 656 2640 tribulatio
677 2577 756 2639 vitae
777 2577 907 2641 tutnraa.

7 2687 8 2736 ;
50 2665 150 2744 Igitur
161 2663 244 2726 stulti
260 2669 343 2736 sunt,
361 2663 415 2742 qui
429 2663 669 2725 consolationem
681 2659 730 2724 rel
742 2660 909 2724 tribulatio·

7 2745 8 2826 j
51 2757 124 2810 n'em
141 2747 219 2808 vitae
236 2746 354 2809 futurae
369 2751 582 2808 contemnunt.
598 2744 696 2805 Huius
718 2751 909 2824 argumenqa.

55 2830 150 2893 tionis
176 2830 346 2908 propositio
368 2831 466 2908 prima
488 2832 556 2890 nota
583 2834 630 2890 cst
646 2843 701 2905 per
716 2827 909 2904 experimen·

54 2922 139 2992 tum3
155 2913 291 2975 secunda
311 2913 469 2976 notissima
486 2917 530 2973 est
547 2927 602 2990 per
616 2911 802 2989 scripturam
819 2910 914 2988 Spiri-

54 2995 633 3075 tusSancti3tertiasequiturexduabus
643 2994 911 3071 praecedentibus

954 2081 1086 2142 suendil.

994 2162 1116 2225 iudicet
1139 2179 1219 2225 nunc
1240 2162 1359 2232 Lector,
1383 2179 1419 2226 an
1445 2179 1504 2226 non
1521 2163 1560 2226 sit
1574 2162 1805 2226 intelicissimus

955 2249 1053 2310 exitus
1068 2248 1106 2306 de
1128 2263 1256 2324 corpore
1278 2247 1433 2320 bominum
1455 2248 1643 2325 iniquorum,
1667 2247 1805 2324 quamuis

954 2329 1070 2408 Regum
1084 2332 1131 2393 vel
1142 2331 1372 2410 Imperatorum:
1388 2338 1417 2394 et
1430 2329 1626 2392 felicissimus
1647 2332 1746 2392 exitus
1760 2331 1803 2392 iu·

955 2421 1070 2476 storum
1093 2416 1210 2476 etiamsi
1237 2413 1372 2492 Regnum
1399 2415 1447 2477 vel
1468 2414 1702 2491 Imperatorum.
1720 2413 1804 2485 Saul,

956 2504 988 2556 ut
1003 2498 1075 2570 dixi,
1089 2497 1297 2575 annisviginti
1312 2499 1466 2576 regnavit:
1490 2504 1564 2576 post·
1581 2497 1696 2558 obitum
1712 2512 1806 2558 anno·

955 2595 1021 2641 rum
1048 2580 1168 2643 duobos
1195 2589 1224 2642 et
1240 2595 1276 2642 eo
1292 2581 1423 2657 amplius
1437 2580 1467 2640 in
1484 2581 1555 2660 igne
1579 2582 1738 2660 gebennas
1754 2580 1806 2641 ab·

956 2679 1033 2741 sque
1048 2665 1110 2725 ullo
1127 2663 1285 2741 refrigerio
1311 2665 1433 2726 mansit.
1453 2663 1537 2738 Quae
1558 2664 1743 2744 comparatio
1760 2669 1807 2726 est

956 2763 1105 2807 annorum
1130 2747 1234 2825 viginti
1256 2763 1323 2810 cum
1341 2746 1463 2809 duobus
1486 2748 1619 2809 millibus
1643 2747 1808 2809 annorumi

958 2827 1032 2903 Quis
1061 2837 1177 2907 optaret
1201 2830 1307 2907 viginti
1330 2846 1427 2892 annos
1443 2847 1580 2893 summae
1595 2838 1624 2892 et
1640 2831 1809 2908 liquidissi-

958 2928 1025 2974 mae
1038 2913 1208 2991 voluptatis,
1226 2912 1252 2973 si
1267 2921 1350 2974 certo
1366 2916 1469 2986 sciret,
1487 2914 1525 2975 ob
1542 2930 1607 2975 eam
1624 2914 1807 2990 voluptatem

958 2996 988 3056 in
1005 2996 1215 3058 ardentissima
1232 2995 1351 3058 iornaoe
1366 3013 1539 3058 mansurum
1556 3013 1590 3059 se
1602 2998 1639 3059 ad
1652 3013 1748 3058 annos
1759 2997 1809 3060 bis

55 3081 89 3146 Si
104 3081 173 3159 quis
188 3079 282 3158 igitur
302 3081 375 3142 velit
397 3080 496 3140 irtem
512 3077 593 3141 bene
615 3077 766 3138 moriendi
782 3077 869 3138 facile
885 3085 915 3141 et
958 3080 1041 3142 mille
1057 3087 1085 3140 et
1102 3078 1253 3157 amplius?
1267 3079 1301 3139 ιιι
1323 3087 1447 3142 essetne
1470 3082 1551 3143 ullus
1573 3081 1665 3142 bomo
1688 3087 1746 3162 tam
1759 3095 1808 3142 ve-

54 3165 117 3227 cilo
143 3163 335 3242 perdiscere,
363 3179 424 3225 non
451 3161 490 3223 sit
515 3160 828 3222 contentuslectione
844 3161 913 3223 libri
958 3177 1039 3237 cors,
1071 3162 1122 3238 qui
1147 3171 1327 3224 tormentum
1354 3163 1489 3224 omnium
1515 3163 1677 3224 maximum
1703 3163 1809 3226 subire

54 3247 149 3309 huius
164 3251 215 3308 aut
230 3245 359 3307 aliorum
383 3243 549 3324 similium3
572 3245 628 3306 sed
643 3249 756 3305 attente
773 3245 913 3306 conside·
957 3247 1051 3307 veltet
1065 3246 1100 3306 ad
1118 3261 1225 3316 annos,
1244 3261 1304 3306 non
1321 3245 1419 3306 dicam
1436 3246 1483 3307 bis
1506 3247 1589 3307 mille
1605 3247 1659 3307 sed
1674 3245 1722 3308 bis
1738 3263 1809 3308 cen-

55 3337 114 3400 ret,
133 3345 194 3390 non
211 3331 320 3398 semel,
334 3327 389 3391 sed
405 3328 548 3404 saepius3
566 3343 625 3388 non
643 3328 744 3388 animo
760 3325 911 3401 discendi,
960 3333 1036 3404 turn,
1055 3339 1085 3388 ut
1102 3337 1206 3406 postea
1233 3329 1268 3389 ad
1286 3329 1503 3407 annosviginti
1525 3332 1676 3407 voluptate
1703 3346 1808 3406 quam·

55 3413 112 3476 sed
130 3413 301 3475 intentione
315 3412 396 3475 bene
413 3410 532 3472 vivendi
548 3417 579 3473 et
594 3410 725 3471 leliclter
747 3410 911 3487 moriendi,
957 3413 1067 3474 tumris
1085 3411 1213 3472 maxima
1231 3411 1398 3490 potiretur?
1413 3411 1490 3486 Quid
1506 3413 1531 3475 si
1550 3430 1630 3475 nurrc
1645 3413 1807 3491 addamus,

56 3493 912 3576 qnantumdistentamomentaneissempiterua‚eta
958 3505 1140 3557 tormentum
1154 3496 1315 3573 gehennae
1330 3511 1389 3556 non
1407 3511 1505 3556 annos
1520 3496 1567 3558 bis
1589 3497 1673 3558 mille
1688 3495 1808 3559 duratu-
1851 3519 1856 3528 ¹
1906 3557 1912 3566 ,

58 3580 250 3669 gravissimis
265 3577 436 3641 levissima.
448 3579 484 3638 Dt
497 3576 523 3638 sl
539 3579 568 3638 in
586 3578 642 3638 hac
658 3576 820 3638 utilissima
837 3579 913 3641 veri·
955 3580 1091 3653 rum,scd
1111 3577 1201 3639 linem
1219 3579 1335 3641 nullum
1358 3578 1631 3660 ιιειιιιιιιιιιιιιΗιιεει
1647 3589 1729 3643 εειιε
1745 3581 1809 3642 sola

58 3669 120 3726 tate
133 3661 320 3724 solidissime
333 3660 506 3723 contirmari
519 3663 615 3738 eupit,
626 3659 801 3722 consideret
812 3677 914 3722 exem-
960 3669 1180 3725 tormentorum
1204 3663 1383 3737 aeternitas,
1407 3663 1475 3724 sine
1499 3664 1559 3724 ulta
1583 3662 1756 3726 cessatione
1781 3669 1812 3724 et

56 3747 108 3826 pla
125 3762 245 3822 eorum,
270 3745 323 3824 qui
350 3745 473 3808 inerunt
494 3751 564 3805 ante
580 3759 647 3817 nos,
664 3743 728 3806 sive
745 3744 913 3822 sapientes,
958 3747 1025 3808 sine
1043 3747 1104 3807 ullo
1119 3744 1276 3823 refrigerio
1292 3745 1445 3818 duratura,
1470 3746 1620 3808 eiusmodi
1636 3755 1694 3821 est,
1713 3754 1744 3807 ιιι
1759 3762 1811 3810 cor

60 3831 127 3892 slve
144 3829 227 3891 stulti
243 3828 287 3889 illi
306 3826 427 3900 luerint,
445 3829 505 3890 boc
521 3834 580 3901 est,
597 3831 661 3888 sive
684 3829 762 3888 bene
785 3827 914 3890 vivendo
949 3830 1092 3891 tterreum
1110 3836 1139 3890 et
1151 3835 1260 3906 pectus
1275 3844 1403 3890 aeneum
1419 3829 1456 3890 ad
1471 3829 1690 3907 poenitentiam
1707 3831 1813 3893 llccte·

59 3913 193 3976 teliciter
216 3911 328 3973 mortui
354 3911 427 3985 sint,
454 3911 518 3972 sire
532 3910 611 3972 maie
627 3910 756 3971 virendo
768 3910 917 3989 perierint
958 3929 991 3975 re
1016 3913 1146 3992 possint.
1173 3912 1318 3976 Eandem
1334 3913 1612 3975 considerationem
1629 3913 1735 3975 beator
1757 3928 1812 3992 per

61 3999 280 4070 inacternum.
298 3997 340 4056 Ac
362 4000 395 4056 ut
420 3992 559 4055 laborem
584 3993 750 4072 quaerendi
775 3995 916 4073 exempla
958 4012 992 4057 se
1008 3995 1176 4075 adiungere
1204 3995 1314 4074 poterit
1336 3997 1374 4057 de
1390 3995 1583 4058 tribulatione
1604 3995 1726 4058 Davidis
1749 4013 1813 4059 mo·

61 4078 244 4142 Lectoribus
260 4078 392 4150 demam,
416 4077 547 4140 adieram
563 4093 621 4156 ego
638 4076 691 4138 tria
714 4077 795 4154 paria
812 4095 915 4140 erem·
962 4087 1122 4142 mentanea
1139 4086 1169 4142 et
1184 4079 1253 4156 levi,
1271 4095 1341 4140 eum
1357 4080 1451 4158 gloria
1464 4087 1494 4140 et
1505 4080 1657 4158 voluptate
1679 4083 1807 4142 maxima

62 4163 196 4243 plorum,
214 4176 308 4223 unum
324 4161 452 4240 Regum,
470 4160 597 4223 alterum
612 4160 771 4222 bominum
787 4162 914 4240 privato·
957 4169 987 4225 et
1000 4163 1289 4240 sempiternaquam
1306 4168 1375 4240 post
1396 4162 1511 4223 obitum
1535 4165 1561 4224 is
1583 4164 1649 4241 ipse
1664 4161 1759 4224 David
1780 4163 1812 4225 ln

62 4263 143 4318 rum,
160 4244 283 4308 tertium
306 4242 613 4322 Ecclesiasticornm3
629 4242 729 4305 omnia
747 4259 783 4306 ex
798 4244 916 4307 Divinis
958 4247 1085 4308 coelesti
1105 4261 1200 4324 regno
1217 4250 1403 4306 consecutus
1416 4252 1472 4321 est,
1487 4249 1624 4324 quamvis
1641 4248 1737 4326 magis
1750 4249 1810 4308 nort

63 4329 173 4392 litteris
189 4329 369 4406 deprompta
385 4342 563 4405 proponam.
960 4336 1078 4391 moveat
1093 4333 1241 4390 tormenta
1252 4328 1424 4407 gehennae,
1439 4346 1527 4406 quam
1540 4329 1650 4408 gaudia
1665 4328 1809 4393 Paradisl.

107 4412 238 4474 Primum
256 4412 313 4473 erit
328 4409 429 4474 Saulis
443 4418 473 4472 et
486 4408 621 4472 Davidis.
638 4407 710 4471 Saul
723 4408 839 4487 primus
853 4409 916 4474 Rex
1004 4411 1138 4473 litterum
1156 4413 1329 4488 exemplum
1346 4413 1402 4473 erit
1416 4409 1567 4489 Epulonis
1592 4419 1621 4473 et
1646 4411 1758 4488 Lazari,
1775 4429 1812 4475 ex

7 4525 8 4532 ι
67 4495 287 4567 Hebraeorum,
304 4511 372 4556 cum
387 4499 470 4556 esset
484 4493 576 4555 bonro
599 4493 733 4571 privatus
756 4499 785 4554 et
801 4511 917 4572 pauper
959 4493 1125 4575 Evangelio
1142 4495 1238 4556 sancti
1255 4493 1366 4556 Lucae.
1384 4493 1474 4556 Dives
1491 4495 1588 4575 Rpulo
1604 4497 1640 4556 ad
1657 4495 1810 4559 modicum

62 4594 162 4657 nsque
177 4577 255 4641 adeo
270 4578 384 4658 probus
400 4584 474 4654 erat,
498 4581 531 4638 ut
544 4575 699 4648 Scriptura
715 4574 759 4657 (l.
776 4576 850 4657 ch.
868 4574 914 4657 9.)
961 4578 1227 4656 tempuslactatus
1243 4586 1289 4640 est
1305 4593 1373 4638 cum
1390 4578 1496 4641 amicis
1519 4579 1604 4648 suis,
1629 4581 1742 4658 quippe
1758 4581 1811 4658 qni

66 4667 210 4738 testante,
235 4678 295 4723 non
312 4666 395 4724 esset
409 4660 489 4722 inter
514 4659 594 4721 fllios
608 4658 703 4721 Israel
726 4659 836 4722 melior
852 4661 915 4724 itio.
960 4661 1144 4724 induebatur
1156 4677 1288 4739 purpura
1305 4668 1334 4722 et
1345 4661 1450 4740 bysso,
1469 4669 1499 4725 et
1514 4663 1693 4738 epulabatur
1716 4663 1813 4740 quoti·

68 4747 193 4810 creatus
208 4745 283 4816 Rex,
301 4743 424 4806 mutavit
438 4745 528 4805 vitam
544 4748 574 4804 et
596 4757 708 4820 mores,
726 4751 758 4803 ut
772 4743 830 4804 iam
855 4761 916 4806 non
961 4746 1012 4806 die
1028 4745 1204 4823 splendide.
1228 4743 1358 4806 Lazarus
1384 4761 1401 4806 e
1428 4745 1578 4807 contrario
1606 4745 1768 4808 mendicus
1784 4754 1816 4816 et

67 4828 256 4893 inveniretur
274 4827 325 4890 illo
341 4826 486 4890 deterior.
502 4825 684 4888 persecutus
706 4831 753 4888 est
773 4825 917 4890 Davidem
961 4843 1053 4908 aeger
1068 4826 1198 4902 iacebat,
1215 4830 1252 4889 ad
1270 4829 1350 4890 iores
1365 4826 1516 4906 Epulonis
1532 4828 1686 4891 ulceribus
1703 4830 1814 4906 plenus

65 4916 264 4976 innocentem
282 4927 378 4988 usque
400 4911 437 4972 ad
454 4916 592 4982 mortem,
610 4923 669 4970 non
683 4909 739 4970 alia
756 4909 794 4970 de
810 4926 916 4984 causa,
962 4918 994 4974 et
1017 4909 1160 4990 cupiebat
1174 4913 1301 4974 saturari
1319 4910 1357 4974 de
1373 4911 1482 4986 micis,
1507 4928 1584 4989 quae
1610 4912 1760 4974 cadebant
1774 4914 1813 4976 de

63 4997 126 5060 nisi
148 4995 220 5073 quia
234 4991 458 5073 suspicabatur,
475 5009 543 5056 eum
560 4995 630 5072 post
652 5007 687 5054 se
708 4991 820 5072 Regem
836 4991 915 5056 iutu-
965 5010 1070 5056 mensa
1087 4993 1201 5073 divitis,
1219 5002 1248 5057 et
1264 5003 1354 5058 nemo
1371 4995 1413 5056 illi
1430 4995 1531 5057 dabat.
1556 4993 1615 5057 Sed
1637 4995 1814 5076 paulopost

63 5095 145 5143 rum.
161 5077 295 5140 Tandem
311 5093 379 5140 cum
394 5077 585 5156 regnavisset
597 5076 685 5139 annis
701 5075 818 5154 viginti,
836 5077 916 5139 occi·
966 5084 1079 5140 mutata
1096 5079 1208 5139 omnia:
1226 5076 1315 5140 Dives
1329 5077 1428 5156 Epulo
1444 5085 1580 5142 mortuus
1596 5085 1652 5154 est,
1670 5085 1760 5157 atque
1777 5083 1812 5142 ad

66 5179 121 5227 sus
135 5161 167 5222 in
183 5160 267 5223 bello
282 5160 319 5222 ad
332 5162 505 5240 gebennam
521 5157 696 5221 descendit.
713 5158 804 5221 David
821 5159 921 5223 tidelis
967 5162 1139 5240 gebennam
1156 5161 1329 5224 descendit:
1347 5170 1483 5225 mortuus
1498 5170 1544 5224 est
1559 5163 1639 5224 enim
1663 5161 1812 5238 Lazarus,

66 5253 97 5310 ει
113 5245 195 5324 pins,
213 5251 281 5323 post
297 5243 469 5305 diuturnam
484 5243 729 5322 persecutionem
747 5241 846 5305 Saulis
858 5243 920 5307 Rerr
967 5252 998 5308 et
1014 5245 1052 5307 ab
1067 5243 1192 5322 Angelis
1205 5245 1236 5306 in
1258 5245 1359 5308 locum
1383 5245 1533 5324 reirlgerii
1553 5252 1583 5308 et
1604 5247 1704 5308 sinum
1720 5245 1813 5307 Abra-

68 5329 252 5402 declaratus,
268 5327 406 5406 Regnum
422 5327 511 5390 annls
533 5325 731 5405 quadraginta
754 5325 922 5392 iustissime
966 5328 1024 5390 bae
1039 5329 1158 5390 delatus
1170 5327 1402 5404 estlitquidem
1415 5328 1514 5405 Rpulo
1526 5336 1593 5408 post
1605 5329 1814 5390 brevissimam

68 5412 261 5493 gubernavit,
277 5411 309 5472 in
323 5411 434 5490 quibus
451 5411 561 5475 multas
573 5409 783 5472 tribulationes
793 5425 921 5490 perpes·
967 5412 1207 5474 consolationem
1234 5415 1265 5473 in
1290 5411 1409 5474 flamma
1438 5413 1518 5492 ignis
1543 5412 1659 5475 aeterni
1684 5412 1816 5476 cruciari

68 5513 136 5566 sus,
152 5494 273 5557 tandem
289 5493 320 5555 in
337 5509 413 5572 pace
428 5494 553 5570 quievit.
967 5495 1079 5573 coepit,
1097 5500 1127 5556 et
1141 5511 1224 5557 nunc
1239 5496 1328 5556 etiam
1346 5495 1506 5568 cruciatur,
1524 5503 1554 5558 et
1569 5498 1635 5556 sine
1652 5497 1714 5557 ullo
1730 5495 1814 5556 relrl-

111 5577 309 5642 Conferamus
322 5593 405 5640 nunc
420 5576 577 5654 utriusque
590 5573 816 5640 consolationes
828 5581 858 5639 et
870 5577 919 5640 lri·
965 5578 1051 5658 geria
1068 5579 1114 5641 vel
1131 5578 1302 5641 cessatione
1318 5579 1503 5642 cruciabitur
1524 5581 1554 5640 in
1572 5578 1691 5640 saecula
1708 5593 1814 5640 saecu·

68 5663 255 5735 balationes,
279 5668 309 5723 ct
330 5660 498 5734 videamus,
515 5665 580 5723 uter
594 5664 687 5722 artem
704 5661 784 5724 bene
800 5659 920 5724 vivendi
966 5663 1075 5724 torum:
1093 5660 1223 5725 Lazarus
1240 5663 1310 5741 pius
1325 5670 1355 5726 et
1370 5664 1513 5741 patiens,
1539 5671 1608 5740 post
1624 5661 1745 5724 breuem
1763 5663 1814 5723 tri·

8 5761 9 5766 ’
71 5753 102 5810 ει
117 5745 248 5809 leticiter
261 5744 411 5808 moriendi
428 5743 540 5808 melius
554 5743 585 5807 id
607 5742 726 5807 dicerit.
751 5743 823 5808 Saul
846 5745 918 5808 dum
964 5742 1152 5808 bulationem
1168 5746 1204 5807 ad
1222 5745 1354 5823 quietem
1371 5746 1401 5808 in
1417 5747 1519 5808 sinum
1535 5745 1673 5808 abranae
1689 5761 1816 5810 conces-
