4086 6258
279 227 337 296 181
888 226 937 290 ΒΕ
956 224 1100 294 WPU
1120 221 1319 290 columneo

208 369 349 436 tissimus
360 367 402 435 rb
416 364 562 432 omnibus
576 363 777 437 iudicaretur,
795 362 848 444 dui
864 361 1000 428 lecturus
1015 362 1074 428 iter
1123 370 1246 422 morere
1261 357 1372 436 possit:
1390 356 1462 438 quie
1478 357 1623 425 uidelicet
1637 362 1722 422 moto
1749 354 1892 436 eorporis
1917 367 2004 448 erse·

209 468 267 535 per
279 453 435 533 integrum
450 465 567 515 annum
583 449 616 514 ln
630 447 708 512 locis
724 445 858 510 desertis
874 446 920 510 rel
936 447 968 508 in
985 447 1072 524 mari,
1121 445 1285 518 sperantur
1302 442 1440 515 vulnera,
1457 449 1488 504 et
1503 443 1591 506 dolor
1603 438 1785 506 crescitsic
1796 439 1887 520 igitur
1903 445 1937 501 et
1953 447 2003 497 rs.

208 551 322 618 magno
337 539 465 615 sumptu
479 537 598 598 emeret
612 529 724 605 cibos,
749 529 803 609 qui
819 530 920 594 stetim
936 544 1073 593 ecrrurn·
1120 523 1173 604 qui
1191 522 1331 590 condius
1345 533 1391 590 est
1408 525 1502 589 claris
1520 526 1639 590 timeris
1662 523 1846 589 indiciorum
1860 521 1918 586 liei
1934 568 1943 598 ,
1970 525 2008 580 et

207 624 336 704 puntnr,
352 623 386 681 nt
401 633 513 682 cernes
527 620 684 686 serentes,
703 612 752 678 rel
769 612 876 692 ponet
892 614 932 676 ite
948 613 1074 676 cornino
1121 610 1343 671 tormentorum
1358 611 1536 690 gebennas,
1553 626 1616 673 non
1631 609 1723 672 eudet
1739 608 1909 672 extendere
1925 618 2010 667 nna·

209 703 330 770 etlemsi
346 701 473 781 sepiens
488 699 585 763 rideri
601 700 709 778 posset
723 696 785 769 iis,
814 696 867 776 qni
884 697 1030 760 nesciunt
1042 697 1073 758 io
1121 705 1181 752 uus
1196 689 1233 754 ed
1250 707 1343 771 opera
1361 695 1461 771 mala,
1485 709 1522 756 ec
1538 709 1578 756 ne
1593 695 1697 774 ipsum
1719 691 1847 768 quidem
1862 689 2010 753 ceolum

211 802 304 868 quem
321 799 411 848 usum
427 783 478 846 ille
492 788 596 862 perata
612 785 696 860 sunl,
711 795 781 842 nam
794 778 821 842 si
834 785 969 857 saperet,
988 797 1075 861 pera·
1121 773 1159 836 ed
1176 773 1355 850 ridendum,
1372 778 1421 842 rel
1436 793 1528 840 aures
1543 777 1581 840 ed
1597 775 1798 844 audiendam.
1816 773 1866 838 rel
1882 789 1938 835 cnr
1955 769 2010 832 ed

210 875 259 934 rel
273 882 415 950 magnam
432 865 552 944 copiam
569 865 659 944 penis
673 862 823 934 biseoeti,
841 868 872 926 el
886 862 989 928 carnis
1004 864 1075 926 sali·
1120 858 1332 938 cogitandum,
1351 861 1424 924 binc
1438 860 1533 923 David
1557 861 1701 938 dicebat3
1728 855 1857 937 confige
1874 858 2028 920 timore*

214 958 275 1029 tae,
292 955 324 1014 et
337 965 389 1013 res
403 947 491 1023 elius,
508 962 587 1027 qnae
602 946 657 1010 diu
672 943 830 1010 durent.0
846 943 1006 1010 stultitiam
1022 947 1076 1011 bo·
1121 945 1176 1004 tue
1192 957 1307 1010 cernes
1322 960 1413 1008 mene
1429 943 1598 1008 uindiciis
1615 944 1704 1008 eninr
1719 942 1783 1006 tuis
1798 941 1911 1005 timui.
1928 939 2012 1001 sta-

213 1031 353 1098 minuml
374 1031 483 1095 lirare
499 1030 615 1094 babent
630 1028 662 1092 in
677 1036 802 1094 aeterne
824 1029 948 1093 saecule
963 1075 972 1104 ,
989 1032 1020 1094 el
1034 1033 1075 1094 ri·
1122 1025 1175 1086 tim
1192 1028 1275 1088 enirn
1291 1043 1327 1090 ae
1343 1030 1470 1091 tentatio
1486 1030 1524 1090 ed
1542 1027 1734 1105 peccandum
1750 1027 1884 1105 exurgit,
1903 1037 2009 1084 esur·

211 1132 286 1181 rere
300 1116 332 1178 in
346 1113 388 1178 iis
403 1113 493 1184 locis,
511 1113 564 1176 nbi
580 1112 693 1175 durare
710 1127 771 1174 nun
795 1117 928 1190 possunt
952 1111 1075 1177 divitiae
1121 1107 1165 1186 git
1181 1110 1273 1170 etiam
1290 1110 1380 1174 timor
1395 1128 1431 1174 nn
1447 1110 1557 1193 pungit
1572 1108 1773 1182 memoriam,
1793 1112 1826 1171 ui
1841 1105 2009 1170 ῐθθθῐᾱθ·

211 1197 438 1280 pecuniarum,
455 1195 512 1262 sed
528 1196 615 1258 solae
630 1193 963 1259 diritinenreritornm:
988 1200 1020 1260 et
1034 1203 1077 1258 te·
1122 1194 1169 1252 tur
1186 1191 1310 1256 ultrices
1321 1193 1473 1267 fluminis,
1488 1209 1567 1272 titiie
1581 1200 1761 1272 Ρθῢθᾶῑῡῐθὸ
1772 1193 1855 1270 apud
1872 1189 2009 1252 issf⁸f⁰⁵

212 1297 288 1348 men
303 1281 343 1344 lte
359 1279 444 1342 caeci
459 1283 554 1352 sunl,
583 1282 615 1340 ut
640 1279 743 1342 solum
768 1284 938 1357 procurent
952 1278 1075 1342 diritius
1122 1281 1295 1350 expectent.
1321 1275 1454 1340 Sanctus
1470 1277 1601 1340 loannes
1625 1275 1865 1357 chrysostomus
1888 1275 1925 1334 in
1943 1273 2008 1334 bo·
2029 1297 2030 1330 r

235 1360 797 1438 econiernm,noassecumierrencn
811 1365 1076 1439 possuntetpuas
1123 1355 1206 1449 milio
1222 1359 1326 1435 quinte
1344 1360 1463 1422 decime
1491 1361 1527 1422 ad
1557 1362 1705 1438 populum
1732 1357 1977 1422 Antiochenam
1997 1401 2007 1427 .
2029 1437 2030 1440 Ἴ

211 1381 265 1510 in
279 1444 370 1510 etiem
387 1443 473 1506 iures
487 1441 649 1518 odediunt,
664 1449 694 1507 et
709 1444 893 1518 inmutaret
905 1445 945 1507 de
962 1443 1077 1508 divitiis
1123 1445 1262 1502 lunonem
1274 1439 1396 1504 Domini
1414 1448 1571 1521 comparet
1584 1445 1671 1506 rniliti
1688 1449 1805 1506 etmain
1821 1439 2010 1505 excubuuli

212 1527 393 1594 meriturum
410 1526 488 1590 nibil
503 1527 629 1590 solliciti
644 1534 739 1602 sont,
756 1525 845 1605 poesi
860 1542 930 1589 enm
946 1543 1076 1607 corpore
1123 1519 1160 1581 id
1177 1520 1259 1586 futes
1277 1526 1379 1602 palatii
1396 1574 1404 1600 ,
1422 1543 1484 1589 unu
1499 1526 1614 1589 sinenti
1640 1526 1761 1604 ingredi
1787 1527 1927 1592 bostem.
1947 1528 2011 1585 aut
2029 1523 2030 1610 l

211 1612 409 1691 extinguetur
423 1609 517 1674 etiem
531 1609 667 1673 enimus.
682 1608 720 1671 El
735 1609 816 1672 sicut
838 1609 877 1672 de
892 1608 1076 1689 quibusdam
1123 1604 1286 1680 lullonum.
1305 1609 1359 1671 llll
1376 1615 1556 1688 comparant
1571 1610 1640 1684 sali,
1658 1625 1719 1687 qno
1742 1623 1854 1671 cernes
1871 1610 2008 1670 siccen-
2029 1615 2030 1710 l

212 1693 380 1775 spostolus
395 1693 548 1771 queritur,
565 1692 647 1772 qued
663 1691 779 1768 dicant,
793 1707 828 1754 se
844 1707 940 1754 nosse
956 1691 1053 1756 ileum
1070 1740 1078 1766 ‚
1125 1694 1172 1747 tor
1187 1687 1224 1749 ad
1242 1691 1438 1766 putredinem
1454 1691 1846 1768 impodieodenrllenique
1859 1690 2008 1769 Spiritus
2029 1711 2030 1802 y

211 1777 302 1842 lactis
317 1781 420 1840 eutem
435 1779 564 1854 negent:
581 1775 628 1838 sic
643 1789 700 1836 nos
715 1774 755 1836 de
770 1775 840 1836 istis
861 1774 950 1853 queri
968 1791 1077 1853 possa·
1123 1776 1251 1833 sanctos
1267 1775 1297 1834 in
1314 1772 1482 1854 seripturis
1497 1776 1563 1838 sois
1578 1775 1686 1838 tribuit
1697 1775 1870 1837 immensas
1884 1771 2008 1837 leudes

213 1876 296 1935 mus,
313 1859 397 1938 quud
412 1857 518 1922 dicent
532 1873 567 1920 se
583 1871 678 1920 nesse
692 1855 786 1918 animi
805 1855 1077 1935 immerleliletem,
1124 1851 1237 1925 timori,
1255 1855 1345 1930 nunni
1360 1859 1452 1920 timor
1466 1874 1576 1921 omncs
1592 1857 1764 1929 vinulenti
1779 1857 1881 1935 iusum
1902 1856 2005 1920 015³OE

212 1943 302 2008 lectis
317 1947 419 2006 aulem
435 1939 676 2020 negent.ilegne
690 1943 741 2002 cst
753 1938 848 2017 igitur
863 1939 979 2003 utililas
992 1942 1079 2005 timo·
1124 1933 1345 1999 beatitudinem
1359 1940 1665 2017 comprehendendo
1677 1941 1760 2002 eninr
1773 1940 1917 2019 loquitur
1931 1939 2006 2017 iob3

211 2027 257 2092 ris
271 2024 363 2090 etiam
379 2023 523 2096 servilis,
546 2024 618 2101 quia
639 2021 787 2084 transient
808 2023 1045 2088 perhumanum
1062 2043 1077 2086 e
1125 2017 1206 2081 Ecce
1217 2021 1314 2083 timor
1331 2021 1461 2085 Domini
1474 2026 1549 2102 insu
1564 2029 1609 2086 unt
1631 2025 1808 2102 tunicum,
1834 2027 1868 2086 θῑ
1883 2021 2004 2084 Duil&

213 2112 301 2190 perte
316 2106 440 2172 sinistre
456 2105 495 2170 ad
512 2106 683 2180 dexteram,
700 2108 731 2166 el
745 2109 834 2166 sanet
846 2106 988 2168 morbum
1004 2110 1079 2170 stol·
1123 2099 1242 2164 Bittius
1256 2104 1317 2174 llt'r.
1334 2107 1493 2184 pertimet
1506 2107 1692 2180 Domitium,
1706 2113 1736 2169 θῑ
1749 2105 2006 2182 53101110οἱ3θῶ

214 2191 312 2265 titire,
330 2190 385 2268 qni
398 2187 587 2254 incurabilis
602 2185 699 2250 rideri
716 2184 796 2247 solet
810 2204 819 2264 3
836 2191 866 2248 el
882 2187 1017 2268 denique
1034 2191 1079 2252 di·
1124 2188 1176 2246 tus
1191 2185 1242 2248 uir
1255 2186 1452 2267 quiremper
1466 2191 1676 2268 estpouidos,
1692 2195 1722 2251 et
1735 2188 2004 2266 Ecclesiasticus

212 2289 228 2336 s
252 2271 318 2338 cuit
332 2272 370 2334 ed
397 2269 649 2337 iustificationem
665 2316 673 2346 ,
701 2268 827 2330 dicente
843 2269 1078 2336 Eccleslnstico:
1123 2265 1297 2332 Plenitudo
1313 2273 1495 2349 supientiae
1510 2274 1607 2336 timer
1622 2272 1754 2338 Domini
1770 2320 1777 2345 ‚
1794 2276 1827 2334 et
1842 2286 1979 2346 rursum
1993 2289 2002 2348 ;

244 2355 324 2420 'ntor
343 2353 477 2417 Domini
492 2352 628 2430 sepeliit
640 2354 824 2430 peccatum:
841 2367 923 2416 nem
937 2357 996 2434 qui
1008 2357 1080 2420 eine
1128 2347 1237 2413 Omnis
1251 2354 1416 2430 sapientie
1431 2357 1530 2420 timor
1544 2354 1688 2428 Domini,
1706 2360 1737 2418 ui
1752 2355 1862 2430 18³5th
1884 2354 2000 2416 ΝΜ

212 2439 469 2512 ῑίπιοτοοοι,ηοη
481 2436 601 2516 peterit
612 2431 964 2508 emericumtluomodo
979 2444 1081 2502 aulem
1126 2432 1258 2496 Domini
1274 2437 1342 2514 ipsc
1357 2442 1403 2499 est
1428 2439 1599 2501 thesaurus
1622 2439 1704 2502 eius.
1721 2437 1867 2513 Denique
1884 2437 2001 2500 rolens

212 2519 305 2586 timor
319 2517 481 2599 gebennen
497 2519 642 2598 disponat
656 2517 695 2579 ad
708 2513 971 2593 iustificationum,
989 2527 1018 2584 ct
1034 2522 1078 2582 in·
1125 2514 1259 2591 Spiritus
1276 2530 1413 2592 sanetus,
1432 2520 1462 2582 ln
1487 2522 1566 2582 libro
1581 2521 1684 2582 Iuditb
1702 2519 1888 2583 describere
1904 2535 1937 2582 s.
1952 2518 2000 2581 Iu-

212 2601 659 2678 troducet,charitalemdncet
674 2604 801 2662 sanctus
815 2599 1009 2679 Augustinus
1022 2607 1081 2666 tra·
1125 2598 1202 2670 dilb,
1222 2606 1253 2661 ui
1270 2600 1434 2664 [neminum
1451 2605 1588 2666 omnium
1616 2603 1758 2665 virtutum
1785 2601 1938 2665 laudibus
1955 2617 2002 2662 01·

214 2691 296 2750 cleto
312 2699 396 2749 nouo
410 2685 442 2747 in
457 2683 622 2762 epistolam
638 2699 666 2746 s.
681 2681 808 2746 Ioannis
824 2697 880 2761 per
905 2684 1080 2749 similitudi·
1126 2685 1241 2756 ulium.
1258 2687 1310 2759 ulit
1325 2682 1406 2747 Elui
1426 2687 1465 2748 in
1487 2686 1636 2750 cultibili
1657 2685 1895 2764 indiffinitum
1914 2687 2002 2764 quic

212 2784 287 2834 nem
302 2773 419 2841 senine,
436 2772 468 2830 et
481 2767 548 2840 lini,
566 2765 632 2829 sire
647 2766 788 2828 aniculae
803 2809 811 2840 ,
829 2771 860 2827 et
874 2764 931 2828 fill:
956 2769 1081 2844 poaodo
1128 2762 1259 2827 timebat
1274 2765 1449 2832 bominem
1464 2770 1570 2832 acide.
1586 2769 1670 2831 Hace
1694 2778 1798 2830 eutem
1820 2769 1861 2830 de
1886 2767 2001 2830 timore

213 2851 296 2918 enim
321 2849 483 2914 consuitur
496 2849 592 2912 restis
608 2849 694 2926 prius
707 2847 800 2910 intrat
823 2865 919 2921 acus,
938 2866 1029 2926 qoam
1047 2851 1079 2914 il-
1127 2845 1367 2922 preedicenlnr,
1395 2867 1457 2913 unu
1481 2852 1563 2930 qood
1580 2851 1649 2929 ipse
1665 2868 1699 2913 re
1715 2867 1786 2914 rera
1802 2865 1935 2915 omnem
1955 2867 2001 2912 sa·

211 2933 291 3011 ium,
308 2949 368 2997 uec
383 2936 494 3012 pessel
508 2929 591 2994 illum
609 2931 735 3002 intrare,
755 2930 814 2994 nisi
831 2947 906 2994 acus
922 2933 1081 3011 perieran-
1127 2927 1287 3006 pientiam,
1304 2936 1336 2994 el
1350 2931 1503 3008 uirtutem,
1521 2940 1551 2996 et
1567 2933 1790 2996 beatitudiuem
1805 2933 1837 2996 in
1853 2933 1931 2995 sinu
1946 2948 2002 2996 sue

212 3017 254 3082 dn
271 3032 420 3096 pennum,
437 3017 516 3078 riam
539 3015 674 3090 aperiret
694 3012 771 3090 ilio;
793 3013 848 3076 sed
866 3029 1017 3078 euoenon
1036 3017 1080 3080 in·
1127 3013 1361 3089 complectetur,
1380 3016 1436 3078 scd
1454 3016 1537 3094 qnod
1553 3015 1593 3078 sit
1609 3016 1742 3088 initium,
1766 3023 1798 3080 et
1814 3021 1926 3078 custos
1952 3031 2001 3078 sa·

212 3106 295 3172 bat,
312 3106 345 3162 ul
359 3105 505 3172 manent,
529 3096 589 3159 uisi
606 3096 688 3160 enirn
705 3097 824 3170 exiret,
842 3112 904 3159 nnn
921 3103 1004 3161 esset
1021 3118 1081 3177 qne
1128 3094 1274 3171 pientiae,
1293 3103 1323 3158 el
1339 3097 1495 3171 rirlntum,
1514 3104 1546 3162 et
1561 3098 1786 3175 beatitudinis,
1810 3103 1842 3162 et
1857 3100 1932 3162 sine
1949 3098 2002 3162 illc

213 3183 342 3247 intraret
355 3179 456 3244 iilum.
474 3179 525 3242 Sic
537 3179 630 3259 igitur
645 3177 791 3250 ebaritas,
817 3179 944 3252 institia,
968 3181 1079 3260 pietas,
1127 3175 1248 3252 habeti,
1267 3188 1297 3241 el
1313 3183 1488 3244 conservari
1506 3189 1674 3260 nequeant:
1691 3181 1828 3260 deniqne
1855 3180 1931 3243 sine
1950 3181 2003 3244 illo

211 3281 264 3331 res
277 3269 404 3338 tenues,
428 3271 459 3326 st
474 3279 586 3326 sueres
602 3313 609 3338 ,
626 3276 689 3324 non
704 3266 870 3340 penetrant
885 3278 940 3325 cor
955 3264 1079 3338 durum,
1127 3267 1257 3336 percant
1272 3267 1385 3334 omnia,
1403 3281 1473 3326 eom
1490 3266 1545 3328 illo
1562 3265 1665 3327 omnia
1681 3264 1914 3327 custodientur.

211 3353 243 3414 st
257 3355 414 3411 assuetum
431 3345 527 3409 emori
544 3361 647 3408 rerum
664 3344 858 3418 cornelium,
876 3345 937 3408 nisi
954 3362 1079 3424 praeee-
1170 3341 1269 3406 Terlia
1285 3345 1398 3410 utilitas
1414 3347 1670 3422 timeris,etiemsi
1683 3348 1804 3410 servilis
1816 3346 1870 3420 sit,
1886 3363 1925 3410 ea
1943 3353 2002 3422 est,

212 3432 265 3497 del
279 3430 371 3493 timer
386 3443 519 3509 poenae,
536 3444 615 3506 quae
631 3429 728 3489 insler
743 3443 818 3494 aeus
834 3427 944 3506 pnngit
959 3479 967 3500 ,
984 3437 1016 3492 ct
1031 3447 1084 3508 pe·
1128 3426 1211 3502 quod
1227 3425 1364 3492 liberate
1379 3431 1542 3510 tyrannide
1557 3429 1674 3492 timoris
1687 3429 1898 3506 bumani‚sire
1912 3447 2003 3494 mnu·

214 3517 328 3590 ostrei,
344 3512 468 3575 eluiem
485 3511 586 3590 aperit
601 3507 744 3573 ebarileli
761 3512 792 3570 et
806 3515 914 3588 postea
931 3512 1079 3588 enitente
1129 3507 1212 3568 dani.
1231 3509 1310 3574 Vere
1326 3513 1407 3575 enirn
1426 3515 1473 3576 rix
1489 3514 1664 3577 invenietur
1678 3515 1806 3576 morbus
1829 3514 1934 3593 megis
1950 3530 2003 3594 ge·

211 3596 347 3678 perlecto
364 3593 499 3658 charites
514 3594 596 3656 toras
622 3591 714 3654 mittit
740 3592 894 3656 timorem.
910 3592 1017 3672 deque
1032 3611 1082 3658 so·
1130 3591 1257 3664 uerutis,
1273 3602 1303 3656 ct
1320 3597 1421 3658 ninus
1437 3598 1597 3667 curabilis.
1616 3613 1706 3676 nuum
1723 3599 1815 3658 timor
1827 3596 2000 3659 numanus.

212 3681 277 3742 lum
294 3677 387 3740 timor
401 3677 565 3756 gehennae
579 3675 688 3752 pungit
700 3673 798 3738 instar
812 3675 1021 3753 aciculae3sed
1038 3685 1083 3740 et·
1129 3669 1186 3736 Hic
1203 3677 1367 3740 nobiseum
1384 3681 1532 3753 nascitur,
1550 3681 1714 3743 nobiscum
1729 3679 1894 3752 adolescit,
1912 3679 2002 3744 nobi·

212 3761 275 3824 lem
291 3765 384 3823 terret
397 3766 428 3822 et
443 3757 612 3837 prosternit
626 3757 722 3820 instar
737 3756 883 3835 fulguris,
898 3764 929 3819 et
944 3761 1084 3824 mnilroi.
1132 3771 1220 3818 scum
1236 3758 1275 3821 ad
1289 3763 1410 3824 senium
1429 3779 1527 3841 usque
1544 3769 1730 3842 perseuerat.
1747 3763 1839 3826 Poeni
1861 3764 1913 3824 rix
1929 3763 2001 3825 duur

212 3842 338 3907 Ludunt
352 3842 521 3918 aliquando
538 3839 684 3902 beminen
699 3838 731 3902 in
747 3839 907 3918 plateis,et
921 3844 1023 3905 securi
1035 3860 1085 3906 se·
1130 3842 1259 3903 rationis
1273 3859 1362 3906 usum
1379 3847 1482 3922 ndepti
1499 3845 1625 3908 discunt
1642 3845 1779 3919 mentiri,
1794 3851 1878 3908 metu
1893 3842 1999 3908 conlu-

212 3925 301 3997 dent,
317 3924 366 3988 rei
382 3925 473 3987 etiem
489 3921 766 4000 dormiun13existil
781 3930 913 4000 repenle
929 3924 1033 4004 inigur
1045 3926 1084 3990 ds
1131 3922 1242 3999 sienis,
1258 3932 1309 3987 aot
1325 3926 1536 4004 ignominiae,
1566 3929 1700 3990 maiores
1728 3935 1800 3990 netu
1816 3944 1879 3990 oon
1897 3929 1999 3991 solum

213 4007 314 4082 cuein,
338 4013 369 4069 el
395 4003 537 4084 seqnitur
554 4005 724 4068 tonitruum
741 4021 811 4066 cum
829 4005 970 4069 loimine:
987 4011 1085 4071 centl-
1131 4008 1266 4082 mentiri,
1286 4011 1341 4070 sed
1359 4016 1389 4071 ei
1406 4014 1546 4082 peierare
1559 4013 1675 4087 solent,
1690 4019 1723 4074 ot
1735 4012 1998 4074 existimationem

213 4105 276 4155 nuc
291 4088 486 4162 excitentur,
504 4088 542 4150 ed
560 4103 594 4149 se
611 4087 764 4158 redeunt,
788 4087 914 4166 signant
935 4104 970 4151 sc
993 4091 1083 4169 signo
1130 4097 1329 4153 conseruent.
1348 4091 1580 4156 dessolationes
1596 4109 1706 4157 omnes
1729 4095 1821 4157 timor
1842 4094 1999 4158 bemanus

213 4173 330 4244 crucis,
349 4172 517 4248 implerent
531 4169 679 4233 auxilium
694 4167 764 4232 Dei.
793 4168 844 4233 Sic
870 4171 995 4234 omnino
1012 4191 1081 4236 eom
1131 4173 1221 4249 parit,
1240 4177 1468 4256 eorreptionem
1488 4178 1651 4239 iraternnm
1669 4177 1932 4240 timorbumanus
1948 4178 2002 4239 ior·

212 4256 310 4335 ntiqui
327 4253 486 4317 dormiunt
500 4253 531 4315 in
548 4253 708 4333 peccatis,
727 4252 774 4315 rel
794 4253 884 4314 etiam
907 4253 1031 4329 indunt,
1055 4261 1086 4320 el
1131 4255 1228 4330 pedit:
1246 4261 1277 4318 et
1293 4273 1347 4318 eor
1363 4259 1488 4336 plurimi
1504 4275 1566 4320 non
1583 4261 1698 4322 nudent
1713 4266 1918 4322 contemnere
1936 4277 2001 4322 rer·

214 4342 420 4404 contemnunt
433 4336 511 4399 iram
527 4336 606 4407 liei,
633 4334 776 4399 inebriati
799 4337 1016 4415 praesentibus
1032 4356 1083 4404 rn-
1130 4338 1168 4400 ba
1186 4340 1458 4404 contumeliosam
1476 4357 1511 4404 se
1528 4343 1656 4419 prolata,
1674 4344 1721 4404 rel
1740 4359 1801 4404 non
1825 4341 1939 4404 ulcisci
1958 4345 2006 4405 in-

213 4420 399 4501 loplelibus.
416 4419 550 4502 lnlguret
564 4419 649 4482 Deus
665 4433 704 4482 ex
730 4435 840 4498 magna
866 4419 1079 4486 misericordia
1131 4421 1287 4494 iurios,et
1305 4440 1365 4484 noo
1377 4423 1517 4488 reddere
1533 4425 1732 4488 meledictum
1749 4441 1804 4502 pro
1822 4425 2002 4503 meledicto,

214 4520 270 4568 sue
286 4505 318 4566 in
332 4503 427 4566 eorde
450 4503 635 4582 percuteris,
659 4507 691 4562 et
713 4499 744 4562 in
762 4517 800 4564 en
815 4502 932 4566 lumine
947 4507 1084 4567 ostendit
1130 4510 1161 4566 ct
1177 4506 1288 4566 vulnus
1305 4522 1359 4583 pro
1377 4507 1583 4585 rulnrre,nisi
1600 4507 1639 4569 ob
1657 4507 1797 4570 timorem
1814 4507 2002 4583 burnennm,

212 4585 260 4650 illi
276 4585 451 4666 periculum
467 4583 575 4647 merlis
591 4589 756 4646 aeternae:
773 4590 804 4646 et
819 4583 914 4648 simui
930 4587 1019 4664 qnasi
1040 4593 1082 4650 lo·
1129 4603 1168 4646 ne
1192 4587 1338 4649 uidelicet
1354 4589 1567 4653 existimentur
1582 4591 1671 4664 siles,
1700 4597 1730 4652 et
1751 4590 1868 4652 timidi?
1883 4589 1920 4650 lit
1943 4607 2003 4654 eur

214 4668 309 4745 nitro,
325 4668 435 4732 timore
451 4665 589 4730 concutit
602 4665 738 4728 enimum
755 4666 834 4738 eius,
848 4673 882 4730 ut
897 4668 1005 4748 lugere
1020 4678 1078 4732 ste·
1130 4670 1266 4747 denique
1284 4671 1371 4733 rrrulti
1390 4689 1450 4733 non
1467 4690 1501 4735 se
1519 4675 1680 4735 continent
1702 4691 1716 4734 e
1741 4674 1826 4748 ludo,
1844 4690 1861 4734 n
1876 4672 1965 4747 luxu,
1984 4691 2001 4736 e

215 4756 310 4814 tuete
327 4756 453 4814 uentura
470 4750 527 4822 ire,
543 4753 574 4811 et
589 4747 685 4812 eorde
699 4749 832 4812 contrito
859 4749 897 4812 ad
919 4752 1015 4814 beorn
1034 4768 1081 4814 re·
1128 4753 1321 4830 sumptuosis
1341 4756 1501 4826 conviviis,
1516 4773 1532 4817 e
1547 4755 1727 4830 prolusione
1739 4755 1955 4835 pecuniarum,
1971 4762 2003 4819 et

214 4832 304 4896 verli.
320 4831 371 4897 Sic
392 4832 485 4912 igilur
509 4830 631 4895 initium
655 4830 837 4910 sapienties¹
850 4839 897 4895 est
914 4832 1003 4896 timor
1017 4833 1078 4898 Do·
1127 4833 1197 4896 aliis
1214 4833 1391 4898 boiosnrodi
1412 4884 1419 4909 ,
1448 4839 1506 4901 nisi
1523 4838 1563 4900 ob
1588 4839 1730 4901 timorem
1749 4839 1920 4902 bornadum
1936 4885 1944 4913 ‚
1961 4855 2000 4903 ne

215 4913 302 4980 mini.
1048 4951 1058 4982 r
1129 4917 1302 4980 habeantur
1319 4919 1415 4991 arari,
1433 4922 1479 4982 rel
1497 4922 1589 4983 nimis
1608 4920 1766 4997 modesti,
1791 4926 1824 4985 ei
1835 4920 2000 4999 religiosi,

257 4996 357 5059 dilere
373 4996 487 5060 utililas
504 4995 625 5061 timoris
641 5000 700 5073 cst,
718 4994 801 5074 quod
818 5011 879 5060 nnn
896 4995 998 5060 selum
1015 5001 1080 5077 pel·
1127 5001 1215 5076 quasi
1235 5002 1436 5075 parsimonia,
1455 5004 1625 5080 modestia,
1643 5006 1743 5083 pletas
1758 5003 1828 5064 eilia
1845 5003 1918 5073 sint,
1938 5021 1999 5066 non

216 5077 251 5142 lit
265 5084 425 5154 peecatum
442 5079 499 5142 lem
516 5083 737 5160 perpetratum,
756 5086 786 5140 et
802 5087 962 5157 prosperat
979 5081 1016 5144 ad
1034 5083 1079 5146 io·
1126 5081 1272 5144 uirtutes?
1287 5081 1378 5146 Hune
1396 5087 1488 5163 igilur
1504 5087 1671 5148 bumanom
1697 5088 1851 5159 tinrorsm,
1870 5093 1930 5147 tarn
1946 5103 2000 5149 no·

214 5159 455 5238 stificatinoem,
482 5165 537 5225 sed
554 5161 645 5226 eliam
662 5160 799 5224 delendit
815 5177 832 5224 n
848 5162 988 5239 periculo
1005 5180 1078 5244 pee-
1126 5167 1208 5226 xium
1229 5211 1236 5238 ‚
1257 5172 1287 5226 et
1304 5172 1362 5227 lom
1395 5170 1572 5244 generalem
1589 5173 1680 5230 tinrnr
1708 5169 1765 5232 liei
1780 5169 1987 5248 comprimere

214 5245 319 5320 candi,
335 5245 680 5322 etconserratgratiam
695 5243 888 5320 acquisitum.
912 5245 1076 5323 Explicent
1124 5248 1215 5324 solet,
1233 5249 1388 5326 quomodo
1417 5265 1548 5328 serpens
1564 5251 1659 5314 lllosis
1682 5253 1836 5315 devorarit
1870 5267 1998 5331 serpen-

212 5343 258 5390 ss.
276 5324 382 5390 Patres
398 5326 478 5388 bane
498 5326 659 5390 utilitatem
685 5325 777 5390 rariis
803 5327 1074 5396 similitudinibus.
1126 5337 1173 5394 les
1195 5331 1351 5410 llagnrnm
1374 5332 1528 5412 Aegypti:
1564 5334 1653 5397 timor
1676 5335 1758 5397 enim
1784 5335 1997 5399 maiorvinee·

213 5407 247 5476 S.
262 5407 397 5476 Basilius
409 5406 546 5472 cretione
561 5409 592 5470 in
609 5408 740 5487 primurn
756 5416 848 5486 eaput
865 5410 933 5474 libri
949 5413 1075 5477 Prorer-
1126 5430 1158 5476 re
1186 5415 1265 5476 solet
1294 5414 1432 5478 timorem
1464 5416 1628 5480 minorem:
1660 5418 1750 5479 timor
1765 5418 1992 5496 suppliciorum

210 5491 345 5570 bionum,
363 5495 521 5571 comparat
535 5490 678 5556 timorem
694 5490 814 5555 llominl
836 5493 935 5557 aculis
957 5495 1074 5575 elaris,
1123 5503 1333 5571 aeternornm,
1362 5498 1438 5560 sire
1463 5515 1533 5564 rere
1558 5501 1590 5562 in
1619 5501 1713 5563 eorde
1736 5500 1873 5564 bominis
1888 5501 1989 5564 locum

210 5574 264 5657 qui
279 5572 586 5642 retinentbcminem
601 5575 686 5640 cruci
702 5573 848 5653 allisum,
875 5591 916 5640 ne
939 5593 974 5642 se
991 5595 1075 5644 nom·
1124 5579 1256 5653 babent,
1280 5596 1343 5644 noo
1370 5580 1445 5646 sinit
1471 5581 1501 5646 in
1529 5582 1640 5647 eodem
1656 5583 1752 5648 corde
1775 5583 1889 5648 mereri
1904 5581 1995 5650 limo·
