4002 6228
744 257 956 334 lSS'lAblEN'll
975 253 1119 324 vetabis
1719 269 1754 330 ti

21 399 100 472 post
126 393 281 474 tempium
304 357 549 470 reaedificatum,
571 393 725 476 regnante
743 395 804 458 iam
826 397 911 459 Arta·
956 377 1551 472 braice,ctideoiortasseabHebraeis
1565 417 1629 466 nco
1645 405 1825 484 agnoscitur
1859 459 1861 468 ,

19 493 123 541 xerse
146 477 213 539 illio
232 479 326 542 liarii.
351 481 441 540 cuius
458 497 539 541 anno
556 488 643 543 serto
663 479 747 540 linita
764 488 811 543 cst
825 482 910 542 aedi·
957 499 1011 560 pro
1028 483 1081 545 lib.
1099 499 1198 559 sacro,
1224 483 1379 546 transtulit
1398 502 1467 546 eum
1484 488 1513 546 io
1531 486 1666 563 linguam
1684 487 1821 552 Latinam

23 559 135 622 lic-atio
151 564 260 640 templi
284 571 316 622 ut
331 563 482 624 lrabetcrl
499 565 554 624 bro
568 562 792 640 primoli-drae
804 563 908 641 capii.
955 573 1080 627 sanctus
1102 565 1319 642 Hieronymus,
1345 574 1378 628 ut
1400 569 1468 644 ipse
1484 573 1613 630 testator
1634 571 1822 645 praelatione

67 643 247 706 biatacbias
264 655 419 720 posterior
432 643 803 720 estber-bariaquantorn
817 648 907 708 distat
955 649 984 709 in
1002 648 1141 724 lobiam,
1156 655 1185 708 et
1197 648 1385 730 obliarlesie
1403 648 1557 712 Catliolioa
1575 651 1653 713 inter
1669 669 1774 714 sacros
1788 655 1822 715 li·

19 742 132 788 annus
155 730 319 789 secundus
342 728 425 792 Darii
450 729 489 788 ab
506 745 587 788 anno
605 729 702 805 primo
720 731 907 808 Artaxerxis,
954 731 1027 792 bros
1051 738 1242 792 numeratum
1266 731 1363 793 luisse
1387 735 1606 811 cognoscimus
1627 751 1664 796 cx
1681 734 1821 799 Concilio

19 811 76 886 qoi
103 825 240 884 regnare
262 819 368 886 coepit
388 827 470 872 anno
492 809 587 874 3321.
606 811 735 889 proinde
752 811 811 874 boe
826 829 907 874 enno
954 814 984 875 3.
1002 812 1248 890 daritiaqtacnst
1273 830 1310 876 cr
1333 813 1517 876 innocentio
1541 815 1821 894 Atropatenae

19 901 112 968 risit,
132 900 167 957 et
182 897 308 974 scripsit
324 894 503 957 malachias.
530 893 617 955 lianc
640 894 822 972 Prophetam
840 893 907 958 Ori·
954 896 1154 973 Exuperium.
1173 915 1211 958 er
1223 895 1345 958 Gelasio
1362 897 1392 960 l.
1412 899 1441 958 in
1459 901 1585 961 decreto
1600 900 1639 959 dc
1656 901 1822 978 Scripturis

19 990 128 1052 genes
144 978 333 1039 existimarit
355 993 415 1039 non
433 975 531 1039 luisse
548 977 718 1045 bominem,
735 981 789 1038 sed
807 986 907 1058 Ange·
953 979 1085 1050 Sanctis,
1111 986 1140 1040 et
1164 979 1318 1060 cypriano
1339 977 1369 1040 io
1389 995 1485 1042 serm.
1502 984 1541 1043 de
1555 982 1765 1064 eleemosyna,
1785 1003 1820 1046 er

20 1059 88 1118 lum
111 1065 144 1122 iu
168 1059 276 1139 speeie
300 1061 449 1140 bominis3
474 1066 543 1140 quin
566 1059 733 1122 llalacbias
754 1059 906 1124 Hebraico
951 1062 1115 1124 Ambrosio
1138 1065 1168 1123 in
1191 1064 1246 1126 lib.
1264 1063 1303 1124 de
1319 1062 1425 1131 l'iibio,
1444 1081 1479 1124 en
1495 1063 1611 1125 Basilio
1628 1064 1657 1126 in
1673 1064 1821 1130 Oratione

20 1139 187 1214 tapetum
203 1141 370 1223 signifieat.
900 1199 905 1208 ,
952 1145 991 1208 de
1008 1145 1141 1220 avaritia,
1159 1145 1295 1224 denique
1312 1162 1348 1208 cr
1365 1144 1459 1209 Cone.
1477 1145 1613 1209 Trident.
1631 1163 1712 1211 sess.
1726 1148 1757 1211 l.

64 1224 193 1288 licliitlit
218 1229 301 1286 bunc
323 1241 463 1288 errorem
494 1229 621 1286 sanctus
644 1225 851 1306 Hieronymus
873 1226 905 1288 in

22 1308 382 1384 proueioiollatacbiae.
393 1308 468 1383 Quia
482 1311 507 1369 si
525 1316 651 1386 propter
666 1325 780 1370 nouien
795 1308 904 1389 Arrqeli
943 1386 946 1392 ‚
1034 1309 1077 1374 lie
1092 1309 1253 1374 Eiiccbim
1268 1315 1401 1374 abolore
1417 1310 1494 1374 ttbrt
1507 1311 1630 1375 tactio.
1649 1311 1741 1378 3270.

21 1392 161 1451 deberet
176 1392 282 1467 negari
295 1391 475 1453 llataclriant
493 1390 590 1453 luisse
607 1393 777 1470 bominem3
794 1397 904 1454 codem
1102 1469 1103 1472 Ἴ

21 1481 120 1533 morto
133 1473 208 1552 quia
221 1471 300 1536 lisca
314 1474 469 1553 sigriillcai
481 1475 679 1540 salvatorem.
690 1475 795 1537 etloel
809 1474 904 1552 signi·
992 1475 1120 1548 Quando
1143 1474 1330 1554 contigerint
1350 1490 1431 1554 quae
1446 1484 1608 1538 narrantur
1622 1477 1653 1539 in
1670 1477 1751 1541 libro
1767 1479 1816 1540 lu·

20 1555 94 1617 licat
120 1557 234 1623 Deum.
260 1566 289 1618 et
318 1557 492 1622 bominum.
526 1573 690 1634 possemus
713 1559 902 1636 existimare,
949 1557 1026 1624 ditb.
1045 1560 1173 1621 maxima
1188 1558 1329 1636 quaestio
1342 1567 1401 1620 est:
1416 1560 1465 1620 ulii
1481 1574 1562 1620 euim
1576 1561 1728 1624 rotuotea
1745 1578 1819 1624 coo·

20 1638 140 1702 Oseam
152 1638 255 1704 luisse
266 1639 433 1712 Christum,
448 1647 478 1702 et
491 1638 607 1702 toetem
624 1640 721 1702 luisse
736 1639 901 1703 Dominum
950 1645 1056 1718 ligasse
1074 1649 1143 1719 post
1155 1641 1359 1718 captiuitatem
1373 1641 1604 1721 Babylonicum,
1622 1645 1692 1716 quie
1710 1649 1739 1706 in
1758 1645 1819 1723 pri·

18 1723 151 1786 lirum.
471 1779 473 1784 .
587 1727 590 1735 '
948 1723 1816 1804 inocapitelltmentioRegisNabucltodonosorzalii

60 1805 126 1868 Atii
150 1806 317 1868 uoluerunt
341 1804 520 1867 Malachiam
539 1802 639 1868 luisse
655 1804 795 1878 lisdram,
813 1811 841 1868 et
858 1807 903 1868 di·
950 1806 1053 1867 rolom
1070 1807 1238 1886 contigisse
1251 1811 1322 1868 ante
1337 1807 1542 1886 captiuitatem
1561 1809 1657 1883 iliam,
1676 1810 1731 1871 scd
1749 1815 1818 1888 post

20 1897 105 1948 ctum
125 1889 284 1969 Angelum
301 1888 341 1950 ob
357 1890 554 1962 sapieniam,
579 1895 610 1950 et
632 1893 794 1964 puritatem
811 1892 901 1952 ritae.
949 1893 1152 1965 captivitatem
1167 1890 1508 1966 decemtriboomquae
1522 1889 1596 1950 laeta
1611 1889 1665 1951 luit
1680 1896 1817 1972 tempore

22 1973 108 2032 llaec
125 1981 177 2032 est
192 1970 683 2046 sententiaHebraeorumqoam
700 1971 890 2034 sanctosllie
948 1970 1099 2034 Ezechiae
1122 1971 1216 2050 Regis
1237 1972 1324 2034 luda:
1347 1977 1379 2035 et
1392 1973 1533 2052 quamvis
1550 1980 1608 2034 tam
1627 1973 1657 2034 lii
1675 1986 1816 2036 auctores

6 2055 180 2134 'rooymos
204 2071 263 2118 nec
286 2057 405 2116 ridetur
433 2055 617 2132 approbare.
641 2069 700 2115 nic
721 2055 900 2130 reprobare.
948 2071 1038 2128 quom
1062 2054 1106 2116 illi
1128 2056 1246 2116 varient
1268 2054 1348 2116 circa
1375 2062 1496 2133 tempos
1518 2055 1706 2130 praecisum:
1726 2059 1816 2120 nobis

22 2138 80 2200 Sed
99 2153 283 2202 communis
307 2137 473 2212 sententia,
497 2153 577 2214 quae
598 2141 724 2197 omnino
740 2140 900 2211 sequenda
947 2144 1048 2199 emen
1073 2138 1192 2199 ridetur
1214 2153 1275 2198 non
1300 2153 1393 2215 posse
1404 2140 1560 2216 assignari
1578 2139 1659 2200 aliod
1677 2148 1812 2218 tempos.

23 2222 118 2282 nobis
134 2223 275 2293 ridetur,
291 2223 351 2290 est,
372 2221 550 2282 Malachiam
569 2217 666 2281 luisse
683 2219 839 2281 bominem
857 2220 902 2282 di·
948 2237 1037 2294 quam
1053 2223 1132 2282 inter
1143 2221 1220 2281 duas
1233 2217 1436 2299 captivitates,
1450 2227 1589 2297 tempore
1603 2221 1748 2284 videlicet
1760 2225 1814 2286 Re·

24 2319 149 2364 rersum
176 2304 216 2366 ab
238 2303 347 2366 Esdra.
373 2304 423 2366 Sic
446 2305 537 2364 docet
560 2301 715 2362 Eusebius
731 2299 900 2375 Chronico,
946 2301 992 2374 cais
1007 2303 1094 2376 Inda,
1112 2303 1264 2368 bunasse.
1282 2311 1313 2363 et
1328 2303 1421 2381 Regis
1436 2302 1630 2382 Assyriorum
1648 2304 1811 2368 lilerodeeli

24 2387 162 2448 Sanctus
179 2386 344 2466 Angustia.
362 2386 417 2448 iib.
437 2385 487 2447 18.
506 2387 545 2446 de
560 2384 623 2446 Cir.
643 2385 695 2445 liei
711 2401 780 2460 cap.
798 2385 848 2447 36.
866 2387 897 2448 S.
945 2385 1099 2454 liatndam,
1118 2401 1210 2461 quem
1235 2392 1378 2463 potamus
1394 2387 1454 2446 atio
1471 2387 1595 2446 contine
1613 2389 1727 2448 dictum
1744 2403 1814 2451 esse

26 2469 164 2549 Cyrrilus
183 2473 212 2531 io
230 2485 360 2547 primum
379 2477 469 2546 caput
483 2466 661 2542 blalaobiae,
680 2483 731 2544 qui
749 2468 821 2528 dicit
839 2485 898 2529 nou
946 2467 1242 2539 Nabuchodonosor,
1260 2470 1312 2547 qui
1329 2469 1467 2547 regnarit
1480 2469 1570 2528 ctiam
1589 2471 1618 2530 io
1636 2470 1814 2549 babylonia.

28 2569 98 2614 esse
115 2553 310 2627 audiendos,
331 2553 382 2626 qui
400 2556 505 2613 contra
523 2550 672 2612 sentiunt:
690 2555 816 2612 sanitas
831 2550 902 2630 lipi-
947 2551 1005 2610 Sed
1023 2553 1060 2612 de
1084 2552 1141 2612 bac
1156 2567 1190 2612 rc
1212 2550 1279 2612 lose
1302 2553 1497 2614 tractavimus
1517 2550 1548 2613 in
1564 2551 1643 2614 libro
1660 2553 1759 2629 primo
1775 2556 1812 2615 dc

29 2636 166 2714 pbanius
184 2639 214 2693 in
231 2635 314 2696 libro
329 2637 368 2694 dc
384 2641 441 2695 tila
460 2640 491 2694 ct
507 2643 603 2694 rriiirte
619 2633 852 2709 Prophetarum.
945 2632 1046 2694 Verbo
1064 2634 1199 2710 beloup.
1215 2633 1268 2696 12.

64 2718 164 2779 Porro
189 2717 354 2779 llalucbias
379 2735 414 2777 er
433 2716 513 2778 tribu
529 2715 664 2777 Zabulon
682 2722 759 2793 erat,
776 2731 812 2777 cx
829 2731 900 2776 son·
986 2715 1093 2791 Itaque
1111 2725 1232 2793 tempus
1249 2715 1340 2776 buius
1357 2714 1501 2778 historiae
1517 2716 1575 2778 erit
1590 2733 1690 2778 annus
1708 2719 1812 2780 mundi

30 2807 119 2861 tantia
137 2799 320 2878 Epiphanii,
340 2801 408 2860 loco
425 2808 527 2871 citato,
546 2804 576 2860 et
593 2798 742 2875 praedixit
760 2799 899 2860 abolitio·
946 2805 991 2859 ter
1009 2797 1194 2860 millesimus
1209 2801 1444 2872 ducentesimus
1458 2802 1719 2878 septuagesimus.
1737 2801 1812 2875 Quis

29 2901 94 2944 acro
127 2883 357 2946 sacrificiorum
388 2883 595 2954 ludaicorom,
620 2889 649 2940 ot
673 2883 897 2942 institutionem
944 2887 1049 2958 auctor
1064 2883 1156 2942 luerit
1172 2883 1263 2942 baius
1279 2881 1361 2957 libri,
1379 2883 1528 2944 incertum
1546 2891 1593 2944 cst
1609 2899 1644 2944 eir
1660 2884 1811 2948 sententia

32 2963 176 3026 sarriilcii
201 2967 282 3036 nori,
308 2968 391 3041 quod
419 2971 481 3027 toto
505 2962 580 3026 orbe
603 2961 796 3024 offerendum
821 2972 896 3024 erat.
943 2968 1041 3026 saucii
1056 2965 1165 3026 Isidori
1182 2965 1238 3026 bb.
1253 2963 1283 3025 6.
1300 2962 1460 3042 Originum
1478 2980 1547 3040 cap.
1564 2964 1596 3027 2.

30 3050 177 3110 Praecinit
199 3063 327 3128 quoque
344 3050 482 3108 ultimum
507 3045 673 3116 Iudicium,
697 3054 727 3106 et
750 3048 898 3108 reversio·
986 3046 1046 3108 Sed
1071 3049 1096 3108 si
1121 3047 1211 3108 iidem
1236 3047 1405 3110 babeamus
1420 3047 1554 3122 tosepbo
1570 3048 1600 3107 in
1617 3046 1695 3110 libro
1712 3049 1810 3128 priato

31 3149 93 3192 nem
117 3129 207 3192 Eliae
238 3131 408 3208 Prophetae
436 3133 473 3190 ad
504 3129 728 3206 convertendas
752 3131 898 3206 reliquias
945 3128 1810 3208 contraApiooem,auctoreritiiliacbim,quialiouo·

31 3213 134 3278 lsrael.
151 3219 184 3276 ct
199 3219 323 3290 praetr
345 3211 586 3292 praedictionis,
609 3212 812 3273 uehementer
826 3227 899 3272 con·
945 3215 1027 3272 mine
1041 3213 1200 3273 dicebatur
1213 3212 1524 3280 locabimsmerdos
1537 3213 1810 3289 magnusHebrae·

32 3295 900 3372 rionaluscsladrersosnegligentiamSacerdotem,ct
945 3293 1809 3372 orum,dequolitinentioinlibroluditboaip.l.etl5.

33 3382 82 3442 alia
100 3378 184 3440 ritia.
203 3379 344 3456 lienique
360 3379 391 3440 io
409 3393 486 3458 pace
507 3378 624 3455 quierit
646 3377 747 3438 adbuc
765 3378 897 3451 iuvenis,
985 3378 1097 3438 Scribit
1121 3373 1203 3437 enim
1227 3376 1382 3452 Iosepbus
1405 3379 1435 3437 in
1460 3391 1545 3436 more
1563 3379 1696 3452 positum
1713 3379 1809 3442 luisse

31 3468 101 3526 teste
115 3461 309 3542 Epiphanio.
943 3465 1025 3531 oport
1044 3459 1189 3538 egyptios
1204 3466 1233 3519 et
1248 3457 1447 3536 Babylonios,
1465 3464 1495 3518 et
1512 3461 1706 3534 potissimum
1725 3463 1805 3538 apud

691 3537 695 3546 '
943 3541 1113 3618 Hebraeos,
1131 3551 1162 3603 ut
1179 3557 1230 3603 res
1245 3548 1351 3620 gestae
1369 3540 1506 3617 publice,
1524 3543 1711 3604 scribendae
1727 3561 1810 3606 com·

322 3627 366 3688 lic
385 3625 490 3688 Tobio.
509 3623 602 3687 3236.
945 3626 1138 3687 mitterentur
1160 3623 1380 3688 Sacerdotibus
1403 3626 1534 3700 magnis:
1553 3631 1691 3701 tempore
1708 3635 1810 3688 autem

632 3769 635 3776 ,
943 3708 1044 3769 luditb
1069 3703 1220 3770 Sacerdos
1243 3723 1373 3786 maguus
1396 3713 1461 3767 erat
1482 3703 1645 3781 litiacbim,
1671 3716 1808 3787 utsupra

67 3792 199 3854 ilistoria
218 3791 332 3854 Tobiae
355 3795 385 3854 ci
399 3791 501 3852 luditb
519 3789 627 3851 incidit
642 3790 670 3850 in
688 3796 810 3863 tempus
827 3791 895 3852 Pro·
942 3791 1087 3853 dirimas.

38 3877 186 3952 pictarum
202 3871 893 3949 minorum.videlieetNalnioi‚etHabaclrnc,
983 3869 1808 3946 Por-coliberluditltquamvisabHebraeisatbae·
1895 3899 1897 3908 =

40 3961 79 4020 sed
95 3963 198 4020 risum
218 3964 267 4020 cst
279 3959 469 4035 coniungere
482 3973 592 4017 omnes
605 3957 773 4032 Prophetas
789 3958 892 4030 simol,
942 3957 1047 4017 seticis
1062 3957 1217 4018 modernis
1231 3955 1386 4016 reliciatur
1398 3971 1434 4014 ox
1448 3950 1808 4032 CanoneSeripturarom

40 4037 895 4120 aeqoeineborumipiommariraineosodmttiere.tgt·
943 4041 1126 4100 divinornm:
1157 4045 1257 4098 tamen
1293 4036 1465 4098 Concilium
1494 4034 1644 4096 Niceoom
1674 4042 1805 4111 primurn

39 4133 72 4186 tor
83 4122 201 4187 'lobias
214 4139 407 4184 censorcum
422 4121 515 4182 'lobia
530 4121 649 4182 ionioro
663 4124 826 4183 translatus
841 4126 896 4184 luit
944 4124 1026 4182 bono
1042 4122 1154 4182 librum
1171 4122 1274 4182 retulit
1298 4121 1327 4179 in
1345 4133 1507 4179 numerum
1527 4117 1675 4180 librorum
1689 4122 1805 4183 diuino

38 4209 226 4270 incivitatem
239 4206 344 4267 Niniue
358 4207 465 4284 allego
478 4205 673 4284 Assyriorum
687 4204 892 4275 salmanasar,
942 4222 1019 4266 rora.
1032 4209 1108 4266 teste
1121 4212 1228 4265 sancto
1240 4201 1440 4280 Hieronymo.
1451 4199 1678 4276 praelationem
1692 4202 1806 4266 iuditii.

37 4296 274 4367 ripersercrarit
288 4292 436 4368 usquead
450 4287 675 4365 aiiqootonnos
689 4287 891 4360 Senactierib,
941 4287 1026 4361 Quod
1052 4288 1132 4348 idern
1151 4288 1290 4347 iecerunt.
1312 4283 1483 4346 diinoilium
1508 4287 1629 4344 tertium
1654 4283 1808 4366 Cartbagi-

16 4372 222 4436 ..inrcessoris
237 4375 317 4432 eius.
941 4389 1036 4430 nense
1062 4386 1130 4446 cap.
1154 4369 1205 4431 ll.
1224 4379 1252 4428 et
1269 4367 1482 4428 Tridentinom
1499 4381 1581 4428 sess.
1599 4365 1630 4430 l.
1648 4374 1678 4429 ct
1696 4367 1803 4430 licere·

63 4455 200 4534 Contigit
213 4454 483 4532 auterncnptiritas
495 4452 545 4513 ilia
559 4457 732 4514 annoserto
744 4451 893 4516 Ezechiae
939 4459 1000 4514 tom
1016 4453 1128 4514 Gelasti
1144 4454 1169 4514 l.
1185 4454 1223 4514 de
1236 4451 1403 4524 scriptoris
1415 4451 1543 4521 sanctie,
1558 4455 1587 4509 ct
1599 4447 1737 4526 Epistola
1752 4451 1807 4512 lte-

32 4540 111 4619 lirgis
124 4538 220 4604 luda.
239 4542 289 4613 qui
304 4538 358 4596 luit
372 4554 471 4598 nonus
485 4535 563 4598 Osca
580 4535 673 4612 trigas
688 4534 795 4608 lsrael,
813 4547 841 4597 et
854 4537 892 4596 ab
940 4539 1062 4596 arctato
1085 4535 1258 4596 iunocentii
1289 4531 1319 4594 l.
1344 4534 1379 4591 ad
1404 4531 1606 4607 Exuperium3
1630 4539 1660 4592 et
1681 4540 1807 4595 sanctus

32 4624 93 4686 orbs
108 4621 243 4685 condito
257 4619 349 4682 3266.
364 4622 438 4691 Quis
454 4619 542 4680 luerit
560 4627 665 4678 auctor
680 4618 748 4678 libri
766 4619 891 4686 Tobiae.
939 4619 1126 4696 Augustinus
1151 4617 1229 4678 libro
1251 4617 1391 4678 secundo
1414 4616 1453 4674 de
1477 4614 1613 4676 doctrine
1635 4613 1805 4678 Christiana

31 4713 139 4768 nonest
156 4706 288 4763 omnino
301 4710 430 4772 raciliam,
445 4703 500 4764 sed
514 4703 664 4762 credibile
677 4709 724 4760 est
736 4711 892 4763 auctorem
939 4719 1007 4774 cap.
1023 4702 1053 4762 8.
1068 4707 1098 4762 et
1110 4710 1236 4761 sanctus
1248 4698 1387 4761 Isidorus
1400 4696 1455 4758 lib.
1468 4695 1499 4756 6.
1514 4694 1674 4776 Originum
1691 4714 1761 4776 cap.
1778 4700 1808 4760 i.

30 4791 114 4850 luisse
130 4787 266 4846 'lobiam
284 4785 447 4852 iuniorem.
466 4786 511 4846 rel
528 4783 694 4846 seniorem.
938 4793 968 4844 et
984 4784 1185 4846 Cassiodorus
1203 4782 1257 4843 iib.
1277 4782 1306 4841 l.
1325 4781 1495 4842 divinarum
1510 4778 1690 4852 lectionum,
1708 4785 1739 4842 et
1754 4782 1806 4842 lia·

62 4871 229 4947 Siquidem
244 4865 893 4944 toqotosltaptiaetcap.t2.tusstttootaio
939 4870 1039 4928 banos
1064 4867 1117 4926 lib.
1142 4866 1172 4928 2.
1197 4867 1235 4927 de
1258 4863 1453 4926 institutione
1477 4860 1680 4938 clericorum,
1704 4871 1734 4926 el
1756 4865 1806 4926 atii

30 4955 157 5030 utrique,
182 4957 219 5012 ui
242 4959 411 5020 narrarent,
435 4953 499 5011 sire
521 4945 581 5030 (ul
605 4949 735 5009 babetur
758 4950 786 5007 in
811 4956 890 5010 textu
939 4952 1054 5012 Patres.

30 5035 165 5115 Gracco)
180 5035 356 5095 scriberent
382 5036 482 5094 omnin
498 5035 646 5092 mirabilia
661 5030 795 5100 Domini,
815 5049 893 5107 qnae
980 5033 1132 5095 [incenset
1144 5026 1445 5092 trictiberrtctoriam
1460 5025 1607 5089 divinitus
1620 5035 1806 5106 reportatam

31 5121 77 5197 ipsi
94 5119 251 5181 riderent.
269 5117 443 5190 patientiam
458 5115 601 5177 videlicet
616 5115 731 5175 Tobiae
747 5116 892 5182 senioris.
938 5116 976 5178 ab
993 5115 1142 5177 Hebraeis
1160 5120 1264 5175 contra
1279 5110 1474 5172 Hololcrnem
1489 5109 1661 5188 Principem
1680 5113 1809 5174 miiitiae

30 5211 54 5265 et
63 5202 314 5264 consolationem
327 5199 661 5277 inagnamqnamalieo
675 5214 728 5272 per
743 5199 891 5271 Angelum
939 5201 1132 5276 Assyriorum
1157 5212 1212 5273 per
1235 5197 1374 5255 virtutem
1398 5191 1609 5260 nobilissimae
1626 5200 1656 5256 ei
1671 5199 1808 5262 castissi-

31 5287 216 5363 liapbaelcrn
238 5285 370 5350 accepit.
396 5281 499 5358 ltaque
521 5281 657 5350 scriptus
680 5281 798 5340 virletur
815 5282 894 5342 liber
939 5299 1007 5344 roae
1024 5281 1176 5343 foeminae
1191 5278 1294 5340 loditb
1311 5276 1433 5338 viduae.

31 5385 99 5432 antro
114 5366 227 5428 mundi
240 5363 335 5426 3252.
350 5373 469 5424 mortun
483 5363 778 5434 Senai·lrerib.Ottae
791 5369 892 5424 aulctn
1469 5405 1475 5418 .

31 5455 54 5513 io
75 5451 139 5512 line
164 5446 239 5508 libri
263 5447 420 5508 audiantur
441 5451 478 5508 de
503 5453 599 5507 morte
620 5445 734 5505 'l'obiae
752 5447 893 5523 iunioris,
1119 5402 1162 5463 θα
1177 5395 1285 5464 Esdm
1300 5407 1329 5464 οι
1344 5401 1509 5468 Nehemw‘
1527 5403 1619 5468 3⁵3²·

32 5537 86 5598 tine
101 5533 204 5595 dubio
220 5531 258 5590 ab
275 5531 379 5602 aliquo
396 5530 454 5590 alio
470 5531 570 5591 addita
587 5537 672 5590 suot.
768 5542 770 5550 ·
983 5525 1095 5586 esdras
1112 5525 1275 5603 Sacerdos,
1299 5527 1371 5590 risit
1386 5529 1445 5590 sub
1461 5528 1625 5592 Artaxerxe
1641 5530 1725 5610 Rege
1740 5531 1810 5594 Pcr-
1908 5545 1915 5558 ·

63 5619 159 5681 Porro
172 5615 250 5676 liber
263 5612 373 5672 Tobiae
389 5612 523 5688 scriptos
536 5610 899 5684 cstdbaldaicemoulle·
945 5625 1062 5684 sarum,
1079 5611 1131 5688 qui
1149 5610 1302 5690 imperare
1323 5615 1426 5691 coepit
1442 5629 1523 5676 anno
1539 5613 1578 5675 ab
1593 5614 1670 5678 orbe
1685 5617 1810 5678 condito

170 5717 334 5774 Saccumum
355 5713 414 5771 lici.
437 5713 479 5771 i'l.
1623 5713 1639 5769 3
