4056 6260
308 249 366 318 326
905 245 954 304 ott
972 244 1148 306 nevhhiin
1166 243 1380 306 FELICITATE

278 386 414 452 Primum
426 381 519 468 igliur
530 375 792 446 consideravimus
802 376 980 444 taticttaram
995 385 1093 443 aeter·
1137 379 1259 446 coenae
1275 397 1415 464 magnae:
1437 380 1608 467 (inicii.)
1631 386 1661 450 et
1686 383 1818 446 vidimus
1843 398 1879 448 ea
1896 397 2011 446 caena

237 488 309 535 nom
324 473 383 535 sub
400 468 524 533 nomine
538 463 637 544 Regni
660 465 838 527 caetorum:
861 466 916 531 sed
943 480 1091 526 annexam
1139 465 1251 544 dignos
1267 483 1328 528 non
1340 468 1436 530 inisse
1452 467 1583 544 habitos,
1599 467 1650 546 qui
1665 467 1760 530 rebus
1774 467 2010 545 temporatihuc

238 557 285 618 itii
301 554 433 619 vidimus
448 549 659 615 difficoitotem
677 549 838 609 mavimam
863 564 900 610 ex
919 547 998 609 libro
1013 548 1091 621 Dei,
1140 551 1252 612 addicti
1270 561 1370 612 erant.

236 641 308 720 quia
321 640 469 717 scriptum
487 631 698 710 aschetinum
713 630 879 694 coelorum
889 632 956 694 uini
967 633 1094 709 potitur
1179 631 1265 695 Nono
1281 633 1545 698 consideravimus
1558 634 1696 698 eamdem
1709 632 1768 696 sub
1780 635 1910 696 nomine
1924 635 2020 708 Gau,

239 730 268 786 θ)
281 721 417 788 „wagner
430 720 568 798 rapiunt
581 714 681 778 iilud.
699 713 825 794 (Marta.
841 715 907 788 tt.)
1140 715 1182 777 dii
1198 717 1345 781 Domini:
1368 719 1406 780 ad
1429 721 1510 794 uood
1527 719 1547 780 ii
1564 717 1623 780 soii
1638 716 1765 779 admissi
1792 724 1877 789 sunt,
1896 716 2013 802 (Moti

279 806 398 869 Deinde
408 801 671 866 consideravimus
687 798 825 859 eamdem
842 797 1018 860 felicitatem
1034 799 1093 860 sub
1139 798 1207 880 et.)
1223 803 1275 877 qui
1293 819 1404 880 magno
1418 803 1523 865 labore
1536 807 1566 862 et
1581 800 1791 864 scilicituoinc
1808 803 1924 864 taicum
1941 806 2020 865 siim

237 893 363 954 nomine
378 885 511 951 Civitatis
526 884 593 952 Dei,
611 883 675 943 sive
690 881 835 944 caelestis
857 880 1040 945 Jerusatem:
1065 889 1095 944 et
1139 885 1248 947 tradita
1266 884 1555 963 multiplicaverant,
1568 885 1699 963 reliquis
1715 885 1746 947 io
1761 887 1936 948 exteriores
1961 892 2014 949 ie·

238 972 283 1037 ibi
298 987 422 1056 quoque
438 968 709 1031 animadvertimus
726 963 934 1029 difficultatem
952 983 1013 1028 noo
1031 983 1095 1028 mo·
1138 968 1251 1029 nebras
1266 971 1450 1032 amandatis.

239 1059 352 1136 dicaam
371 1055 520 1132 quianon
537 1054 668 1129 possunt
691 1063 761 1110 csse
783 1048 867 1110 cives
890 1049 1094 1123 sannionum,
1134 1108 1139 1120 ,
1182 1051 1309 1114 Decimo
1325 1051 1591 1116 consideravimus
1616 1051 1757 1114 eamdem
1783 1051 1843 1116 sub
1870 1045 2020 1116 nomine

239 1142 291 1220 qni
307 1145 378 1202 sunt
390 1138 473 1200 cives
491 1133 596 1196 mundi
614 1130 718 1193 huius:
732 1128 914 1219 (Ephest.)
932 1140 961 1195 et
976 1127 1095 1195 difficil-
1139 1133 1319 1214 Nuptiarum
1345 1137 1506 1215 Regiorum
1521 1184 1530 1208 ,
1545 1132 1669 1217 (Muiih.
1686 1135 1754 1214 25.)
1780 1154 1796 1198 o
1819 1136 1938 1213 quibus
1956 1153 2013 1199 ex·

237 1231 344 1292 timum
357 1231 405 1286 est
419 1221 450 1282 in
467 1217 583 1280 mundo
595 1215 741 1285 virescet
756 1217 795 1277 dc
808 1215 921 1278 muodo
936 1233 995 1278 uon
1011 1233 1093 1281 esse.
1140 1218 1217 1280 clusi
1234 1227 1307 1280 sunt
1318 1236 1440 1298 omncs,
1458 1219 1510 1297 oui
1526 1236 1636 1282 somno
1651 1218 1746 1282 dediti
1762 1227 1792 1282 et
1808 1219 1956 1294 inertiae,
1977 1221 2011 1282 iu

279 1307 380 1373 tertio
396 1300 659 1366 consideravimus
683 1298 822 1361 eamdem
845 1298 1020 1363 telicitaiem
1037 1303 1095 1364 sub
1141 1303 1288 1379 operibus
1304 1303 1395 1365 honis
1422 1311 1452 1365 et
1477 1306 1690 1381 expectatione
1715 1304 1859 1368 caelestis
1885 1304 2011 1383 sponsi

238 1397 364 1459 nomine
377 1391 491 1450 bornus
502 1381 604 1456 licito
617 1398 677 1462 qua
690 1383 869 1445 mansiones
882 1385 996 1444 muitac
1011 1392 1093 1447 suni:
1140 1402 1201 1448 non
1219 1387 1344 1449 assidue
1360 1387 1536 1466 vigiiaruot.

237 1475 361 1565 (hatti.
376 1469 422 1554 1.)
437 1477 468 1532 et
482 1467 888 1542 animadvertimus‚portam
902 1466 970 1529 cios
985 1465 1095 1531 domus
1181 1467 1350 1532 Undecimo
1366 1468 1629 1533 consideravimus
1645 1468 1785 1532 eamdem
1801 1470 1861 1534 suh
1874 1471 2010 1534 nominc

236 1577 307 1627 0530
321 1555 621 1637 angustissimamut
636 1565 696 1610 non
713 1547 783 1610 sine
795 1565 906 1628 magno
919 1550 1025 1612 labore
1043 1567 1094 1629 oe·
1139 1552 1250 1620 Bravii‘,
1264 1550 1309 1634 (i.
1325 1553 1394 1617 Gor.
1407 1550 1454 1636 9.)
1472 1553 1553 1632 quod
1571 1554 1615 1614 iiii
1630 1553 1688 1614 soii
1709 1556 2009 1632 apprehenderunt.

237 1645 350 1710 nemsi
364 1638 476 1720 possit,
957 1695 959 1698 ,
1140 1637 1191 1715 qui
1203 1636 1350 1700 veiociter
1366 1645 1396 1700 et
1413 1643 1647 1716 perseveranter
1670 1652 1731 1698 oon
1755 1639 1824 1700 sinc
1846 1639 1962 1702 labore
1981 1651 2010 1701 et

280 1727 393 1803 Quarto
406 1716 671 1784 consideravimus
684 1714 828 1779 eumdem
841 1714 1040 1780 beatitudinis
1053 1719 1096 1779 Ιο-
1141 1719 1254 1781 sudore
1270 1722 1307 1782 ad
1326 1723 1461 1782 bravium
1477 1721 1508 1782 in
1524 1720 1624 1781 stadio
1639 1729 1856 1784 cucurrerunt.

237 1829 309 1878 com
331 1807 390 1871 sub
406 1799 692 1874 uominePavadisi3
706 1798 763 1860 scd
775 1801 1039 1862 consideravimus
1055 1803 1095 1862 si·
1183 1802 1369 1865 Duodecimn
1385 1805 1651 1879 consideravimus
1666 1803 1804 1867 camdem
1827 1805 1886 1868 sub
1902 1807 2013 1868 uomi-

238 1897 314 1968 mut,
332 1906 423 1971 quarn
439 1901 552 1964 magno
569 1886 667 1960 pretio
682 1898 745 1944 non
758 1883 822 1943 aovi
839 1883 886 1944 vel
902 1885 1094 1960 argentised
1140 1901 1179 1946 ne
1196 1885 1345 1962 Coronae,
1362 1884 1406 1969 (t.
1425 1887 1496 1951 Cor.
1509 1883 1556 1967 9.)
1571 1903 1662 1965 titiam
1679 1886 1723 1949 11Ιὶ
1739 1889 1798 1950 ⁸0¹1
1814 1899 2012 1952 metuerunt

237 1984 442 2058 laerymarum
458 1971 507 2031 vet
523 1967 684 2044 sanguinis
701 1965 810 2028 emerit
824 1965 911 2027 ilium
930 1965 1093 2040 Dominus,
1140 1969 1191 2045 qui
1208 1970 1375 2032 fortissime
1393 1972 1560 2049 pugnando
1577 1970 1786 2032 adversarium
1803 1972 2010 2035 deiecerunt.

214 2089 215 2092 ¹
238 2068 269 2128 et
282 2063 441 2140 Martyres,
458 2060 489 2114 ei
503 2050 718 2120 dontcsscrcs,
734 2055 826 2128 atque
848 2050 925 2111 adeo
947 2051 1050 2113 Sancti
1066 2060 1096 2112 et
1183 2051 1287 2130 itaque
1302 2070 1499 2136 quocumque
1510 2059 1541 2115 te
1557 2059 1667 2127 vertas,
1684 2059 1714 2114 ct
1729 2054 1787 2115 suh
1800 2070 2012 2134 quocumque

238 2148 368 2213 Sanctae
383 2153 504 2202 omnes.
523 2133 679 2212 oportun,
697 2132 781 2193 enim
794 2133 865 2208 noti
881 2131 1052 2214 Christum,
1067 2141 1096 2198 et
1141 2137 1265 2196 nomine
1281 2137 1446 2199 caelestem
1464 2137 1640 2198 taticitatam
1658 2137 2011 2211 consideresinventcs

237 2233 286 2294 aa
299 2229 425 2289 mmm
436 2224 473 2283 fn
488 2219 629 2300 9t0rtam
640 2232 748 2279 suum.
765 2211 856 2298 (Luc.
870 2212 938 2298 et.)
1140 2219 1273 2280 obtineri
1286 2237 1347 2283 non
1365 2237 1478 2299 posse,
1498 2221 1557 2282 nisi
1574 2220 1645 2282 totis
1660 2219 1777 2284 viribus
1799 2228 1892 2302 atque
1917 2227 2009 2286 omni

279 2309 391 2386 Quinto
407 2302 672 2367 consideravimus
689 2302 827 2361 eamdem
843 2299 1021 2362 felicitatem
1035 2303 1093 2363 sub
1139 2302 1232 2363 animi
1246 2309 1277 2366 et
1288 2305 1425 2382 corporis
1438 2305 1636 2366 contentione
1649 2301 1939 2370 desudesProinde
1952 2307 2011 2385 qui

145 2413 148 2426 ·
239 2384 530 2464 nomineThesauri
546 2383 717 2445 absconditi
734 2385 766 2443 io
781 2398 866 2460 agro:
891 2388 922 2443 et
937 2384 1028 2447 simol
1044 2389 1094 2448 ad·
1139 2388 1246 2448 volunt
1260 2386 1344 2450 beati
1360 2404 1444 2461 csse,
1462 2388 1544 2466 qood
1561 2402 1651 2450 nemo
1668 2387 1729 2450 uisi
1741 2405 1848 2464 amens
1862 2407 1928 2453 uon
1942 2392 2020 2454 vel-i

238 2477 398 2549 verrimus,
412 2487 472 2534 non
488 2469 628 2548 potuisse
645 2465 778 2528 obtineri
794 2468 831 2526 ab
848 2469 951 2543 comui
970 2467 1094 2531 invene·
1140 2469 1169 2531 te
1185 2476 1297 2547 potest,
1315 2479 1469 2549 torporem
1486 2485 1609 2533 omnem
1627 2478 1771 2544 excutiat,
1790 2476 1882 2550 atque
1895 2474 1939 2536 ud
1955 2492 2010 2538 se·

238 2558 359 2633 mimici
371 2555 503 2618 venditis
515 2549 760 2628 omnibus‚quae
775 2548 1096 2635 nabebattrncuec.)
1139 2553 1184 2614 rio
1199 2553 1414 2628 laborandum,
1427 2563 1457 2616 et
1473 2554 1553 2616 bona
1569 2553 1671 2620 omnia
1688 2555 1849 2632 iacienda,
1874 2564 1907 2620 et
1923 2558 2010 2622 maia

280 2644 372 2707 Sexto
385 2634 649 2701 consideravimus
662 2631 802 2694 eamdem
815 2632 1006 2698 subnomine
1019 2636 1096 2698 niar-
1139 2640 1240 2697 omnia
1257 2639 1415 2700 1111111111
1430 2684 1437 2710 v
1464 2643 1547 2704 111110
1563 2638 1722 2716 11101105Ῑῑο
1738 2640 1876 2716 11116111ἰο
1899 2657 1940 2704 ⁸0
1955 2660 2008 2706 ³⁰·

236 2726 351 2809 garitae
367 2721 539 2802 pretiosae,
558 2732 612 2796 pro
629 2734 687 2793 oua
704 2716 796 2778 etiam
820 2722 1026 2796 comparanda
1042 2723 1093 2780 de·
1139 2719 1253 2800 cingat:
1271 2727 1300 2782 et
1317 2723 1401 2782 nuiia
1424 2721 1552 2784 omnino
1581 2722 1761 2798 temporatia
1785 2723 1908 2804 negotia
1927 2724 2006 2789 huic

238 2810 306 2875 buia
321 2810 443 2886 0mptor
465 2801 567 2866 omnia
583 2799 664 2861 bona
681 2815 738 2861 sua
753 2798 949 2874 distrahere,
979 2809 1011 2863 ut
1027 2819 1092 2866 cam
1141 2812 1295 2879 magnaei
1311 2821 1381 2866 vere
1397 2806 1454 2867 soli
1473 2805 1596 2882 negotio
1613 2809 1800 2884 anteponat,
1824 2815 1857 2870 et
1873 2823 2007 2884 semper

239 2907 344 2958 emm
359 2892 478 2968 possm,
494 2882 618 2967 (matth.
636 2877 702 2965 13)
1139 2885 1171 2946 in
1187 2895 1289 2948 menie
1312 2891 1442 2951 retineat
1467 2889 1558 2950 verba
1585 2888 1636 2950 iiia
1661 2887 1841 2951 Sanctorum
1863 2890 1953 2954 Pauli
1976 2901 2008 2956 et

281 2975 419 3056 Septimo
435 2967 703 3032 consideravimus
730 2965 862 3028 eaodem
887 2968 945 3030 suh
970 2971 1095 3032 nornine
1138 2968 1309 3051 Barnabae.
1327 2972 1441 3051 quibus
1457 2971 1649 3036 Christianos
1671 2973 1926 3037 exhortabantur:
1940 2975 2006 3042 Pet·

238 3058 362 3124 benarii
376 3054 492 3132 diurni3
508 3047 632 3134 (Motth.
649 3045 717 3130 20.)
733 3049 785 3125 qui
800 3065 862 3112 non
880 3051 938 3112 uisi
954 3052 1095 3115 laborari·
1138 3053 1257 3116 multoc
1272 3053 1498 3118 tribulationes
1513 3059 1637 3135 oportet
1655 3071 1716 3120 nos
1737 3058 1864 3120 intrare
1885 3058 1926 3122 in
1940 3059 2000 3124 rta-

238 3143 323 3207 tibus
334 3142 366 3203 in
382 3139 470 3201 vinea
485 3136 649 3213 diiigenter
664 3139 694 3195 et
709 3132 834 3194 assidue
850 3133 939 3197 datus
953 3143 1012 3197 est.
1139 3151 1241 3215 onum
1255 3136 1325 3200 Dei.
1339 3134 1419 3222 (Act.
1435 3138 1501 3218 11.)

244 3215 247 3228 “
280 3224 394 3290 Octavo
422 3217 686 3284 consideravimus
713 3216 854 3280 eamdam
884 3218 943 3280 suh
973 3221 1098 3284 nominc
1214 3291 1216 3302 ,
