4086 6258
799 309 907 372 ntnntt
926 311 1118 374 SECUNDUS
1709 317 1763 378 bbb

91 443 194 510 Venio
209 445 248 510 od
261 445 473 513 testimoninm
483 446 642 511 toeninae
659 445 824 522 mirabilis,
841 463 921 527 quse
969 451 1115 515 baturin
1127 451 1281 514 ardentes
1296 447 1463 521 clibanos,
1488 455 1519 514 et
1539 453 1576 516 in
1590 451 1658 516 illis
1671 449 1837 516 incendiis

49 527 211 594 christina
226 533 306 596 dieta
323 541 371 597 est
387 579 395 609 ‚
419 531 511 596 ouius
532 535 624 595 ritant
647 530 774 603 scripsit
788 532 923 594 Thomas
967 535 1191 602 cruciabatur.
1209 536 1257 596 ita
1270 543 1306 596 ut
1317 550 1399 613 prae
1414 541 1617 615 onqttstraet
1631 537 1743 599 dolore
1759 537 1834 600 ltor·

47 609 310 694 Cautipratensis,
326 632 364 680 ex
379 618 489 679 ordine
504 615 603 678 sancti
621 613 784 686 bomintct,
797 616 841 675 rir
856 613 918 677 bde
968 620 1088 682 rendos
1111 625 1216 681 ederet
1239 619 1409 681 clamores.
1428 618 1605 700 Postquam
1626 629 1735 682 autem
1756 623 1837 683 iude

48 694 272 776 dignariam,
288 706 340 779 qut
356 702 426 762 'eins
441 704 582 778 tempore
596 699 682 760 sirit.
700 696 754 760 cui
772 697 924 762 contestis
969 717 1100 780 opressa
1114 701 1187 778 tuit.
1200 707 1373 780 uestrqtum
1395 703 1526 765 nullum
1539 704 1683 766 alicuius
1697 703 1837 766 ustionis

46 783 177 842 accedit
191 783 379 845 tencrabiiis
394 782 527 845 lacobus
542 785 583 844 dc
598 782 731 843 vitriaco
749 778 924 844 carataatts
969 789 1006 848 in
1022 793 1094 847 etus
1117 801 1253 862 corpore
1268 784 1444 854 sisebertur,
1469 796 1498 848 et
1515 804 1584 862 unp.
1601 783 1632 847 l.
1650 803 1696 846 stc
1713 793 1835 864 pcrqtt3

47 865 126 940 ptus
140 871 172 927 et
185 866 317 938 doctus,
342 865 394 944 qut
409 867 440 926 in
457 865 650 940 proeiauonc
673 864 710 927 ab
735 865 833 926 libros
848 879 924 926 snos
970 865 1038 932 Sub
1054 869 1150 950 aquis
1166 868 1274 930 Mosae
1288 865 1434 946 finmtuls
1447 868 1590 950 aplane
1606 878 1839 948 temperabam

48 947 91 1009 be
109 946 181 1018 rita,
191 953 223 1010 el
238 948 333 1012 rebus
348 951 446 1031 gestis
460 949 572 1012 Boutae
588 939 702 1011 aaran
718 947 758 1009 de
774 945 923 1026 bequies,
970 953 1114 1030 rtqerem
1128 955 1241 1014 omnia
1262 951 1337 1030 qatu
1352 1000 1360 1026 ,
1376 953 1509 1028 erebro,
1528 963 1557 1015 et
1572 955 1631 1014 diu
1645 952 1839 1016 uwrobatur

50 1033 199 1092 meminit
215 1032 350 1108 plurium
366 1040 541 1095 sanctornm
559 1032 740 1104 mulierum,
754 1048 790 1092 ac
807 1033 923 1107 praeei-
967 1051 1028 1097 sem
1043 1043 1071 1094 et
1087 1035 1360 1113 ampliarentur
1377 1039 1412 1098 iu
1426 1051 1462 1097 co
1477 1036 1679 1114 perdurans,
1697 1045 1725 1096 ct
1743 1037 1836 1111 panio

50 1128 115 1190 pue
132 1112 324 1177 Christianae
340 1114 513 1193 mirabitis,
539 1115 629 1177 coins
652 1129 703 1175 res
720 1119 824 1190 pastas
840 1131 925 1176 cam·
970 1124 1052 1194 post:
1069 1117 1240 1181 interdurn
1252 1121 1291 1178 in
1310 1123 1406 1198 aquis
1423 1113 1545 1182 ornus:
1570 1121 1669 1182 simut
1683 1135 1759 1181 cum
1772 1119 1839 1182 illia

51 1198 171 1274 pensito
186 1213 222 1260 aa
239 1198 424 1260 brevissime
440 1198 545 1261 reteri.
563 1197 646 1260 ilaec
664 1200 756 1276 tqnur
780 1197 870 1273 lirun
885 1201 925 1262 tic
967 1201 1134 1279 serebatur
1148 1209 1301 1264 eurotam
1317 1203 1512 1272 molendini.
1529 1209 1628 1281 atquc
1642 1207 1690 1264 itu
1704 1202 1838 1265 borram

51 1295 86 1342 se
104 1279 146 1341 ita
165 1279 323 1359 loquitur,
343 1297 412 1343 eum
438 1294 570 1356 perman
588 1299 603 1342 a
621 1282 721 1341 morte
744 1280 926 1344 ardentibus
970 1287 1051 1347 dum
1066 1288 1104 1346 iu
1119 1287 1255 1346 modum
1267 1290 1467 1347 circumacta
1479 1303 1555 1349 cum
1569 1291 1840 1366 ipsarotnmern·

51 1364 164 1424 moitis
180 1367 324 1426 surrexit.
344 1363 462 1427 Statim
490 1364 611 1435 inquit,
626 1369 664 1425 ut
688 1379 856 1443 eaorpore
871 1381 926 1427 een·
970 1368 1036 1431 bris
1052 1367 1204 1430 amnibus
1228 1370 1350 1430 mansit
1362 1370 1550 1442 incolumis,
1568 1381 1597 1431 ct
1612 1387 1686 1448 cap.
1702 1369 1735 1430 9.
1760 1369 1838 1432 Sur·

51 1449 135 1508 cessi
165 1447 317 1509 animum
331 1463 439 1509 meam
462 1450 664 1524 encepcrurtt
679 1445 760 1507 lucis
781 1451 927 1512 ministri
970 1451 1077 1532 palat,
1091 1449 1193 1527 tnqait
1209 1459 1326 1525 auctor,
1343 1459 1542 1530 quandoque
1556 1454 1674 1515 mediis
1689 1453 1839 1514 urrctibus

50 1528 526 1610 Anqetrnatdeduaearuntqua
539 1531 681 1592 illumin
695 1530 801 1592 locum
814 1547 925 1609 quem·
971 1547 999 1598 et
1016 1537 1110 1598 tolita
1129 1535 1247 1612 oppidi
1263 1534 1484 1597 trudonensis
1506 1552 1603 1598 eones
1624 1537 1662 1597 iu
1684 1551 1717 1596 se
1732 1535 1840 1597 couci·

52 1615 131 1676 daut
148 1613 367 1690 obscurumne
377 1611 741 1689 commanducantur
755 1613 926 1676 bominum
971 1627 1056 1688 tans,
1082 1625 1159 1679 ante
1180 1618 1253 1677 illos
1274 1616 1382 1693 ipsam
1407 1621 1601 1681 insectantes
1621 1621 1729 1681 instar
1750 1619 1843 1696 feroc

49 1695 315 1772 refertumtlnae
326 1713 401 1760 utro
412 1701 577 1759 tormento
588 1712 624 1758 eo
637 1697 674 1758 in
688 1701 756 1758 loco
769 1699 927 1775 conspecti
972 1701 1146 1764 ettiusdom
1164 1699 1298 1762 cursitat
1310 1703 1364 1774 ατς
1388 1707 1500 1779 sicque
1514 1719 1575 1781 per
1596 1704 1692 1764 devea
1707 1747 1715 1773 ,
1739 1709 1770 1763 et
1781 1715 1841 1778 per

51 1795 91 1840 eu
108 1785 176 1840 tem
191 1779 355 1844 tramenta
373 1832 378 1840 .
398 1785 427 1841 ct
443 1780 563 1843 ocurrba
577 1779 733 1856 iuuerunt.
758 1789 794 1842 ut
809 1783 922 1844 nullus
972 1789 1088 1848 densos
1103 1799 1217 1862 uepres
1253 1789 1283 1844 ol
1307 1789 1427 1858 *pineta
1449 1786 1507 1864 aqi
1520 1790 1589 1862 oto,
1614 1789 1697 1846 adeo
1719 1785 1761 1845 ab
1775 1784 1841 1846 eltis

50 1868 154 1940 posen
166 1879 316 1925 sermone
330 1866 366 1925 ut
382 1865 562 1942 caplicnre.
584 1863 655 1924 t’tat
676 1864 745 1924 title
760 1879 829 1925 nou
844 1878 927 1941 pou·
971 1866 1265 1946 compunqebulur,
1280 1879 1308 1927 et
1325 1868 1543 1945 lncmobatur,
1567 1876 1603 1928 ut
1618 1868 1714 1928 uultu
1728 1883 1840 1945 corpo·

51 1961 103 2008 cus
117 1946 190 2006 uita
205 1946 332 2022 [tructos
344 1949 438 2008 attint.
459 1963 533 2008 mm
544 1949 772 2012 uiuerentnon
787 1951 925 2028 iqnolos.
970 1954 1018 2015 ris
1034 1955 1103 2013 eius
1118 1967 1197 2030 pars
1209 1950 1355 2011 uulneres
1368 1962 1446 2013 osset
1460 1956 1624 2030 empersul
1635 1956 1744 2011 tantan
1759 1949 1842 2011 ntul-

56 2028 155 2090 latae
171 2031 282 2090 atatem
297 2031 457 2093 taberolo
472 2045 530 2108 eqo
546 2031 679 2093 animas
700 2031 776 2091 ¹illes
792 2032 928 2094 misero-
972 2041 1002 2098 to
1019 2035 1184 2114 sanquine
1198 2033 1382 2106 irrsoamtla
1396 2037 1651 2112 piaqurum‚aul
1665 2037 1842 2096 uulnerum

52 2111 131 2173 bites
163 2111 372 2191 quaerebam
392 2119 467 2192 quta
484 2119 562 2174 esset
580 2114 634 2174 tlle
650 2113 757 2188 lucus,
781 2129 928 2193 susprca-
971 2123 1110 2198 uestrqr'o
1125 2131 1218 2194 consp
1228 2118 1290 2178 ieie
1303 2125 1414 2178 tantur
1427 2122 1464 2179 tn
1479 2121 1549 2180 etus
1564 2133 1710 2198 comare.

53 2193 396 2258 barern'mtartarum
414 2196 928 2273 csse.iiesptiutdcrnntmibidu·
1015 2201 1263 2266 bisentinum
1292 2215 1492 2275 trttamrers,
1516 2202 1841 2272 etr-ertenorraretii,
1881 2235 1885 2243 ·

53 2293 103 2340 ecs
119 2283 198 2348 roei,
216 2283 324 2341 iocum
339 2296 406 2338 esse
419 2283 620 2358 purqotorti.
645 2277 702 2340 ubi
718 2288 927 2356 peccatores,
973 2287 1175 2364 perspicuum
1194 2289 1253 2348 cst.
1268 2287 1332 2342 ium
1346 2284 1416 2358 quia
1432 2292 1603 2345 cantassem
1619 2284 1723 2354 babet,
1742 2290 1774 2345 ut
1789 2299 1841 2344 sn·

53 2375 134 2440 quos
151 2363 188 2422 t'u
204 2367 270 2421 uita
294 2363 424 2439 quodem
448 2379 600 2440 petrosae
620 2362 847 2441 poenituisset.
872 2366 929 2426 red
972 2385 1027 2448 pra
1045 2367 1120 2430 brui.
1136 2365 1236 2426 virum
1254 2365 1469 2443 gratissimum
1488 2366 1632 2429 laconum
1651 2367 1841 2444 Episcopum

53 2459 121 2506 non
139 2451 218 2505 sutis
241 2451 397 2507 scater-um
420 2461 557 2508 suorum
578 2447 712 2507 meritas
733 2461 857 2521 pocnrrs
873 2449 926 2510 de·
973 2459 1004 2513 et
1019 2447 1215 2514 cardinalem
1233 2453 1271 2508 oc
1287 2447 1431 2510 vitraco:
1447 2457 1509 2511 tum
1524 2451 1594 2524 qnia
1612 2457 1713 2510 narrat
1730 2463 1842 2528 resqe·

53 2527 273 2589 alsaenttaae
288 2533 522 2605 peruenerunt
537 2545 587 2588 me
600 2533 645 2589 ud
657 2530 838 2604 culmorum
852 2545 928 2607 sup·
974 2541 1038 2598 sias
1055 2548 1113 2595 sno
1130 2541 1281 2608 tempore.
1304 2538 1340 2591 et
1364 2547 1393 2593 to
1418 2537 1524 2594 eaocrn
1550 2532 1733 2608 Provincia,
1750 2547 1841 2606 quarn

52 2611 178 2690 pocta,
204 2627 241 2673 ru
263 2611 380 2691 quobus
403 2618 516 2673 rituam
533 2613 655 2690 aqnout
670 2620 829 2690 quosdam
845 2615 931 2677 mibi
973 2619 1043 2695 ipsc
1057 2629 1183 2692 quoqne
1201 2613 1371 2682 tnrnnbat,
1388 2632 1458 2676 cunr
1477 2623 1561 2677 esset
1575 2615 1644 2694 ipse
1660 2630 1786 2694 quoqne
1805 2611 1842 2674 Ε·

55 2695 131 2754 ntim
152 2709 187 2756 tu
200 2701 267 2756 utta
283 2701 387 2757 notor.
406 2693 519 2757 Postea
533 2711 609 2758 uero
626 2697 787 2756 translata
803 2711 873 2757 sum
891 2701 929 2762 in
974 2703 1136 2781 piscopos.
1154 2705 1183 2760 et
1201 2692 1422 2776 Suffraganens
1438 2697 1675 2775 iacetani-cop·
1700 2697 1843 2759 camera-

54 2781 251 2856 pnradssum
277 2779 440 2858 usquead
453 2777 616 2842 Theatrum
633 2778 766 2841 Diuinae
780 2779 925 2842 liutesto-
973 2791 1090 2848 censis:
1107 2785 1171 2842 lom
1188 2783 1280 2840 etiarn
1298 2783 1368 2856 quio
1384 2797 1436 2842 res
1453 2797 1518 2858 tpsa
1534 2783 1659 2858 publica
1671 2781 1837 2858 ciantabai,

55 2861 168 2933 tinnire·
181 2876 255 2922 cum
266 2863 413 2923 uideram
424 2863 644 2938 qrntutomem
657 2861 740 2923 milti
753 2861 928 2924 Dominum
974 2885 1041 2930 eant
1058 2866 1174 2928 habere
1190 2879 1304 2936 eorpus
1319 2865 1421 2924 divine
1439 2869 1548 2926 virtute
1562 2869 1601 2924 tta
1615 2866 1840 2927 cortiorroatum

53 2949 139 3005 uitro
158 2959 285 3005 omnem
303 2959 438 3006 monum
457 2945 618 3020 laetabor,
644 2948 732 3024 quod
748 2945 931 3011 arbitrarer
973 2959 1006 3015 ut
1022 2953 1159 3012 dotorem
1177 2951 1336 3022 pateretur
1350 2947 1389 3008 ab
1408 2949 1499 3026 ique.
1524 2955 1552 3007 et
1569 2963 1631 3007 nan
1655 2948 1842 3008 dissolvere·

56 3027 121 3088 iilic
141 3043 189 3086 me
204 3027 360 3106 deinceps
376 3045 450 3090 eum
473 3027 607 3090 iiumtno
629 3031 668 3090 in
683 3043 810 3090 omnem
828 3039 930 3093 oeter-
974 3041 1034 3100 tur.
1052 3041 1082 3094 et
1098 3031 1223 3091 rainero
1240 3035 1407 3103 coeperet,
1432 3035 1463 3090 et
1479 3045 1662 3108 sanguinem
1679 3030 1838 3106 tonderet,

55 3115 191 3172 nitatem
214 3127 485 3190 permansuram.
501 3109 608 3172 Atetta
633 3115 929 3189 moacrcspondeus
974 3125 1001 3181 et
1018 3131 1090 3179 mox
1107 3114 1269 3174 ruinarum
1287 3114 1414 3189 westiqia
1432 3128 1495 3174 non
1517 3120 1715 3189 apparerent,
1734 3119 1763 3172 et
1779 3127 1841 3174 non

57 3195 219 3256 desiderio
236 3210 319 3264 meo,
343 3209 460 3257 reuma
476 3244 481 3253 .
500 3197 633 3274 inquil.
651 3195 845 3257 dutctrstma
859 3195 930 3270 iiiia
974 3215 1091 3282 prrncos
1107 3196 1175 3258 dies
1189 3195 1230 3257 tn
1246 3195 1342 3266 urit,
1369 3195 1425 3256 scd
1450 3212 1548 3258 annos
1565 3197 1644 3257 duos
1660 3202 1690 3256 ei
1707 3197 1839 3272 quadra·

57 3277 105 3338 otc
123 3293 249 3339 mecum
265 3277 341 3350 eris,
358 3282 416 3340 sed
431 3291 522 3340 nunc
534 3281 646 3340 utrum
660 3293 677 3338 e
690 3277 816 3341 duobus
831 3280 930 3341 malis
973 3289 1057 3364 ginta
1076 3285 1146 3358 post
1158 3275 1434 3342 resurrectionem:
1450 3285 1512 3340 tom
1527 3281 1663 3354 dentque
1676 3275 1746 3353 quia
1765 3276 1843 3340 mul·

56 3365 218 3438 optionem
235 3360 296 3423 tibi
308 3360 408 3439 focio,
419 3361 470 3423 oel
482 3365 654 3424 aeternnm
668 3359 721 3424 lu'c
734 3376 825 3424 nunc
837 3364 930 3438 apud
973 3375 1022 3430 tos
1038 3363 1188 3428 convertit
1204 3362 1240 3422 ad
1259 3361 1493 3437 poenitentem,
1511 3370 1539 3424 ct
1557 3368 1627 3438 post
1643 3371 1772 3420 mortem
1787 3359 1843 3420 ml·

56 3460 105 3506 me
119 3459 270 3521 manere,
287 3445 336 3507 uei
347 3444 459 3506 redire
471 3445 516 3508 ad
532 3451 645 3506 terras
663 3444 775 3524 ibique
790 3445 827 3507 in
842 3461 929 3509 mor·
973 3451 1088 3511 reculis
1104 3441 1302 3506 euidentibus
1317 3445 1438 3506 claruit.
1455 3444 1564 3522 ltaque
1579 3445 1677 3506 rotun
1692 3444 1775 3505 ileos
1788 3459 1841 3505 ota

58 3527 115 3590 toli
129 3542 265 3606 corpore
277 3527 400 3608 absque
410 3527 503 3590 itlius
515 3529 708 3591 detrimento
720 3543 846 3606 poenus
857 3544 929 3606 per·
973 3536 1136 3597 obstruere
1153 3527 1455 3605 incredulorum,qnt
1469 3543 1530 3588 nnn
1545 3533 1692 3588 screator
1703 3529 1844 3604 aliqnan-

55 3609 149 3688 serre,
166 3611 275 3692 iisque
291 3627 402 3674 omnes
416 3611 494 3674 c'llus
517 3614 667 3674 animas.
693 3627 778 3691 quas
799 3615 837 3674 in
853 3613 929 3676 torta
974 3609 1346 3686 contracertantes
1366 3611 1406 3672 ab
1427 3607 1568 3672 inieris?
1590 3609 1667 3683 Quis
1689 3613 1842 3671 tormenta

54 3695 256 3774 purqatoriis
272 3693 487 3758 miserebaris
504 3693 655 3766 liberare,
670 3698 700 3756 et
711 3698 849 3772 eripere:
864 3693 929 3775 effi·
973 3701 1140 3780 gehennae
1155 3743 1161 3764 ,
1179 3695 1226 3755 ret
1244 3693 1414 3772 purgatorii
1432 3695 1507 3754 rtdtt
1519 3693 1535 3753 l
1548 3693 1631 3755 Eece
1648 3697 1732 3755 enim
1750 3692 1845 3754 habc-

58 3791 193 3860 cercque
206 3783 245 3840 ut
259 3777 410 3841 nomines
433 3777 543 3840 adbuc
556 3781 594 3840 tn
610 3793 746 3858 corpore
757 3788 926 3842 monentes
974 3799 1044 3845 mus
1060 3785 1158 3843 testes
1173 3775 1296 3845 noctes,
1314 3791 1442 3853 marem,
1455 3780 1488 3839 et
1500 3775 1682 3853 inemtaam,
1695 3779 1747 3850 qni
1761 3776 1850 3838 ride·'

58 3863 130 3923 tuoe
143 3865 379 3942 paenitentiae.
398 3866 428 3923 ct
443 3867 530 3924 uitae
545 3861 705 3934 emearplis
721 3863 767 3924 ad
780 3879 832 3925 mo
854 3877 929 3926 con·
972 3873 1043 3929 runt
1059 3864 1225 3942 gehennae
1242 3864 1272 3921 ci
1288 3859 1458 3939 Purgatorii
1471 3860 1625 3938 supplicia
1642 3857 1844 3921 acerbissime

55 3945 139 4006 cust
154 3961 178 4006 a
188 3948 258 4008 seris
269 3944 474 4024 {aduertens
487 3945 684 4020 obstrucont,
695 3947 932 4022 etrcsipiscont
977 3957 1006 4012 et
1022 3948 1154 4012 manium
1169 3961 1179 4020 3
1194 3949 1228 4006 ut
1242 3943 1335 4023 piene
1351 3942 1585 4005 inexcusabiles
1606 3941 1692 4015 sint,
1717 3943 1769 4019 qni
1788 3943 1846 4004 isto

58 4029 196 4104 punctu
212 4027 376 4094 omuibus.
395 4030 441 4091 od
456 4044 510 4092 ure
531 4031 680 4103 tandem,
701 4029 817 4090 multis
833 4037 933 4092 aucta
978 4048 1039 4095 non
1057 4029 1201 4102 eredunt,
1218 4031 1250 4090 et
1264 4025 1362 4105 magis
1374 4026 1617 4096 inexcusabiles,
1633 4025 1686 4102 qni
1700 4027 1845 4098 credunt,

59 4111 248 4174 meritorum
263 4111 405 4174 cumulis
419 4113 622 4190 revertetho
633 4127 709 4175 cero
721 4111 845 4190 absque
860 4113 933 4176 ulla
977 4121 1008 4179 et
1023 4118 1239 4178 contemnunt,
1257 4119 1287 4171 et
1305 4125 1360 4188 pro
1376 4109 1500 4171 delictis
1516 4112 1584 4171 suis
1599 4110 1630 4170 in
1644 4110 1774 4176 ieiunio,
1791 4106 1846 4170 ile·

59 4199 264 4257 mactatione
275 4194 336 4259 sub
352 4194 541 4258 conditione
557 4195 640 4258 milti
654 4196 930 4274 propendebant,
977 4207 1021 4270 tu,
1039 4205 1069 4258 et
1085 4199 1210 4277 planctu
1227 4192 1292 4255 lieo
1307 4191 1489 4256 satisfacere
1505 4192 1681 4272 neqiiqnnl.
1697 4189 1760 4254 Sed
1775 4205 1847 4270 pet·

60 4279 198 4342 meuelle
213 4277 259 4340 acl
273 4292 392 4357 eorpus
407 4279 528 4355 redere,
543 4281 573 4340 el
586 4281 663 4357 pius
679 4277 838 4341 Dominus
850 4297 925 4360 qro-
977 4295 1089 4363 gamus
1104 4281 1141 4340 ed
1159 4276 1217 4339 aiio
1230 4279 1345 4355 capita.

60 4362 178 4438 tutores,
203 4362 294 4442 quod
308 4377 360 4424 me
374 4369 528 4441 prompto
544 4361 742 4433 obtulissem,
756 4361 843 4425 iubet
859 4364 932 4426 ani·
1020 4365 1155 4426 Alterum
1171 4368 1263 4435 eaput
1280 4363 1343 4419 crat
1359 4354 1504 4420 diuturna
1527 4353 1648 4419 duratio
1674 4353 1848 4434 supplicio·

61 4457 143 4506 mam
158 4460 219 4507 suo
235 4447 368 4524 corpori
382 4447 522 4508 restitui.
546 4443 719 4522 Qualem
735 4447 934 4524 assequendo
979 4465 1045 4511 rum
1059 4441 1395 4522 Purgatorti.0uamris
1409 4443 1492 4501 enirn
1509 4455 1572 4501 noo
1590 4439 1723 4501 deluerrt
1734 4439 1848 4534 aliquis

62 4527 220 4591 udmuort'
235 4530 307 4591 licet
323 4527 494 4591 beatorum
509 4529 689 4607 spirituum
702 4528 933 4592 incredibrlem
978 4534 1125 4610 scriptor,
1142 4528 1256 4604 alioqui
1273 4525 1420 4602 egregius
1436 4569 1445 4602 ,
1462 4529 1493 4582 et
1508 4521 1613 4600 magni
1628 4522 1777 4599 nominis,
1794 4537 1850 4600 qut

62 4609 253 4678 celeritatem
267 4627 308 4674 ea
319 4614 409 4674 enim
420 4612 514 4680 born.
532 4627 607 4674 cum
621 4612 660 4674 tu
674 4611 793 4675 nosce
806 4609 932 4690 sucrifi-
979 4617 1124 4692 opinatus
1137 4610 1188 4682 sit,
1207 4607 1363 4671 neminem
1380 4607 1410 4667 in
1427 4604 1608 4684 Purgatorio
1620 4605 1750 4667 cruciari
1769 4605 1848 4667 ultre

62 4693 123 4765 cto,
139 4701 229 4774 quau
239 4709 301 4775 pro
314 4711 366 4758 me
379 4695 489 4774 fiebat,
506 4697 671 4759 diceretur
685 4697 806 4772 primo,
821 4693 932 4775 Aquas
978 4694 1087 4774 riqinti
1102 4705 1214 4762 annos,
1229 4693 1278 4753 ael
1296 4691 1375 4753 ultra
1392 4687 1592 4752 decennium:
1608 4695 1710 4785 tamen
1728 4695 1849 4784 cantra-

64 4771 250 4841 lietontma
264 4794 338 4841 mea
354 4777 531 4842 sistebatur
542 4794 653 4841 coram
666 4777 782 4841 throno
798 4779 933 4841 dtrrtnoc
978 4785 1059 4844 riom
1091 4779 1180 4840 docel
1202 4789 1281 4838 usus
1309 4771 1500 4852 Ecclesiae,
1525 4786 1607 4849 quae
1636 4785 1849 4834 anniversana

66 4857 255 4940 llatcstatt's3
271 4857 411 4942 cumque
428 4863 520 4925 terlio
536 4861 800 4939 recuperaretur,
816 4863 869 4925 illi
883 4878 934 4925 me
981 4879 1067 4926 sacra
1084 4859 1245 4924 celebrate
1260 4857 1342 4920 solet
1363 4870 1420 4936 pro
1443 4854 1608 4918 animabus
1631 4855 1850 4916 detunctorum

65 4947 189 5022 corpori
203 4945 392 5008 reddidere.
408 4945 459 5007 ita
473 4962 507 5008 se
522 4943 616 5008 itabat
633 4948 663 5005 et
677 4961 827 5008 emcessus
841 4962 934 5008 meus
981 4963 1043 5010 non
1058 4946 1159 5007 solnm
1176 4943 1213 5004 ab
1230 4957 1330 5004 annos
1345 4940 1454 5002 decent
1470 4986 1478 5008 ,
1499 4939 1555 5002 sed
1578 4940 1672 5000 ctiam
1695 4936 1732 4998 ad
1749 4953 1850 5000 annas

67 5031 93 5088 ct
104 5031 193 5101 mla,
210 5033 241 5091 et
258 5029 419 5092 adcitum
443 5031 592 5093 reditus:
614 5039 747 5108 propter
762 5027 934 5090 lominum
981 5037 1121 5103 centnm,
1135 5033 1164 5086 et
1177 5041 1215 5088 co
1230 5019 1500 5100 amplius.lleinde
1515 5021 1547 5082 in
1564 5035 1599 5083 ca
1616 5020 1747 5116 risione,
1758 5035 1850 5096 qnam

70 5115 341 5176 remeationemet
359 5115 620 5175 emendationem
634 5112 790 5174 adultam
806 5126 935 5176 reuoca·
980 5131 1017 5177 ex
1035 5109 1203 5174 venerabil
1220 5107 1302 5169 Beda
1320 5105 1501 5174 retattnus.
1518 5105 1594 5166 satis
1609 5109 1716 5183 aperte
1733 5106 1852 5165 andire-

70 5195 99 5253 ia
114 5209 197 5258 sum.
214 5195 329 5276 itaquo
344 5198 498 5272 detuceps
514 5211 589 5258 oro.
613 5211 655 5256 ne
677 5211 732 5256 uos
747 5195 937 5273 perturbent
981 5203 1043 5262 tur.
1068 5195 1180 5256 multas
1196 5189 1315 5253 animas
1337 5189 1367 5251 in
1390 5187 1574 5266 Porpaiorio
1596 5186 1727 5249 cruciari
1750 5201 1850 5256 usquc

70 5289 117 5342 to.
134 5295 218 5354 quoe
233 5279 339 5342 uisuri
355 5279 429 5340 erlis
443 5281 478 5344 iu
493 5277 728 5341 manandum
741 5280 828 5340 enim
844 5295 933 5341 men·
982 5279 1019 5341 ad
1037 5279 1119 5338 diem
1135 5274 1261 5338 Iudicii.
1277 5271 1367 5342 Quod
1382 5269 1559 5334 eottflrmari
1576 5276 1676 5349 potest
1693 5285 1729 5333 ex
1746 5269 1849 5330 vorbis

72 5358 108 5419 tis
122 5357 289 5425 humanae
305 5368 450 5442 coptum.
469 5361 845 5438 quoe,ilumiuoualeutc
859 5359 936 5438 fient
982 5358 1165 5424 Tertnltraai
1181 5358 1316 5419 auctoris
1331 5355 1562 5428 antiqntssimi,
1590 5353 1643 5430 qai
1666 5355 1695 5412 tn
1714 5351 1792 5446 libro
1808 5349 1849 5414 dc

70 5440 103 5502 in
117 5457 178 5510 mc.
193 5460 254 5508 aea
267 5443 351 5508 tolia
366 5449 453 5508 tutet·
467 5445 621 5508 mortales
637 5445 839 5524 quandoque
851 5460 937 5506 com·
983 5447 1097 5520 anima,
1115 5445 1218 5516 eapite
1235 5437 1519 5517 septimodecimo.
1546 5438 1586 5499 de
1608 5437 1787 5507 Purlfliollo
1804 5435 1846 5496 ¹⁰·

70 5531 156 5598 netto
169 5536 259 5594 sunt.
278 5527 357 5589 baec
374 5529 439 5590 tlta.
457 5525 623 5605 Subiungit
646 5533 750 5606 postea
774 5533 881 5589 auctor
897 5527 937 5588 ri·
981 5543 1081 5606 quens
1096 5526 1156 5587 snb
1168 5523 1280 5584 interni
1295 5519 1850 5598 nominantemcoromemteman·

71 5609 114 5667 tte
129 5623 155 5670 c.
172 5608 202 5672 b.
219 5611 302 5676 lum
317 5627 403 5676 ueto.
428 5609 530 5687 inquit
547 5657 554 5680 ,
580 5611 684 5688 coepit
705 5607 767 5672 illa
787 5623 938 5676 eunome
984 5613 1039 5674 det
1051 5609 1232 5688 internum.
1247 5606 1339 5670 unde
1353 5621 1423 5668 non
1439 5602 1703 5680 dimittarts‚nist
1716 5604 1848 5665 modico

74 5703 206 5768 quorum
219 5709 325 5762 cuuto
340 5713 362 5760 u
377 5694 517 5760 unnim
527 5694 629 5760 missa
639 5693 761 5773 tuerat:
773 5696 938 5777 ineradic·
985 5709 1115 5778 quoque
1131 5692 1248 5758 delicto
1263 5705 1356 5756 mota
1370 5689 1617 5756 resumccnonts
1639 5701 1795 5767 carpento.
1813 5683 1850 5748 nt
