4086 6258
1078 575 1131 644 nh

664 800 1079 932 snrrnn
1163 793 1549 923 vannis

800 1101 823 1160 A
846 1095 1008 1159 cttltlsl'tl
1032 1096 1068 1158 tlt
1092 1093 1213 1157 cnudi
1236 1094 1421 1157 Pirobht'ts

1008 1362 1165 1369 .-..........-—..-
1172 1361 1217 1368 ..0⁴-
1223 1362 1236 1366 -=

416 1759 417 1762 ¹
470 1765 592 1836 LIBER
619 1759 838 1852 SECUNDUS
1131 1764 1325 1842 junctionem
1341 1779 1411 1824 cum
1425 1763 1582 1836 Luna,Sol
1598 1761 1773 1825 universam
1785 1763 1903 1821 terrem
1917 1755 2006 1816 inle-

1132 1847 1238 1910 nebris
1260 1843 1425 1925 relinquat.
1448 1846 1532 1908 Luna
1554 1846 1636 1908 enim
1659 1845 1760 1906 minor
1781 1847 1831 1904 est
1845 1854 1943 1920 quarn
1962 1837 2007 1898 sit

592 1929 672 1992 cte.
698 1928 722 1990 Ι.
1133 1930 1196 2003 Sol,
1221 1938 1251 1991 et
1273 1945 1363 2009 quam
1380 1932 1526 1993 sitellam
1552 1937 1644 2004 terra,
1663 1927 1873 2007 proludendo
1893 1927 2005 2001 potest

1134 2014 1371 2091 interpositione
1387 2016 1434 2076 sui
1448 2015 1587 2093 eorporis
1600 2013 1682 2075 Luna
1700 2011 1803 2074 Solem
1819 2009 1859 2070 ita
1875 2015 2004 2084 tegere.

232 2101 426 2179 duplicatur
446 2102 492 2162 od
512 2100 654 2163 litteram
672 2099 808 2162 uerbum
823 2095 1089 2176 quortcm21leus
1134 2102 1319 2159 cluntrersa
1332 2102 1409 2159 terra
1426 2099 1456 2158 in
1473 2097 1610 2160 {enebris
1632 2097 1834 2172 relinquatur.
1859 2088 1956 2165 Quod
1979 2084 2008 2148 si

273 2201 372 2258 meus,
397 2184 478 2246 heus
508 2199 607 2259 meus,
636 2191 667 2246 ut
696 2184 770 2262 quid
796 2181 988 2259 dereliquisti
1013 2194 1088 2240 me:
1134 2182 1203 2258 quis
1225 2180 1345 2256 dixerit,
1369 2179 1582 2260 Evangetistas
1597 2180 1681 2260 loqui
1697 2181 1736 2240 de
1758 2177 1904 2239 universa
1921 2178 2004 2234 terre

274 2266 427 2332 mettii.
1132 2265 1335 2334 Palaestinae,
1360 2281 1421 2326 non
1446 2269 1485 2326 de
1507 2266 1647 2327 universa
1669 2269 1750 2325 terra
1766 2259 1925 2332 absolute,
1945 2257 2003 2316 ista

1134 2349 1288 2410 sententia
1301 2346 1391 2410 iaciie
1406 2348 1506 2410 relelll
1524 2355 1625 2424 potest
1641 2343 1816 2409 testimonio
1833 2343 1865 2404 S.
1884 2339 2002 2415 btuur-

276 2433 483 2512 Exposulmus
505 2431 587 2495 libro
609 2433 771 2512 superiore
793 2433 847 2495 tria
873 2431 969 2510 prima
985 2431 1089 2507 rerba,
1136 2432 1175 2494 sii
1196 2432 1410 2510 Areopagitae,
1434 2434 1484 2509 qui
1502 2432 1535 2493 ln
1551 2431 1679 2510 epistola
1694 2428 1731 2491 ad
1745 2429 1893 2490 Sanctum
1911 2422 2001 2500 Poly·

235 2533 313 2598 quae
329 2516 479 2578 hominus
495 2524 599 2578 noster
622 2534 659 2579 ex
675 2517 821 2583 cathedra
836 2515 942 2579 Crucis
957 2532 1091 2594 pronun·
1137 2532 1275 2593 carpum,
1292 2521 1420 2577 testatur
1435 2531 1470 2577 se
1485 2514 1600 2578 vidisse
1616 2512 1822 2578 delectionem
1839 2509 1925 2570 illam
1945 2505 2001 2566 So·

235 2600 320 2664 tiailt
335 2602 413 2661 cirea
430 2601 535 2661 horam
551 2609 688 2678 sextam,
705 2617 774 2662 cum
792 2617 903 2676 reeens
918 2601 1001 2661 cruci
1017 2600 1093 2686 iuis·
1136 2601 1174 2661 lis
1189 2605 1220 2660 et
1236 2599 1379 2660 tenebras
1395 2600 1561 2660 horribiles
1573 2599 1603 2660 iu
1617 2596 1736 2661 civitate
1747 2590 1906 2670 Heliopoli
1922 2603 2004 2668 quae

235 2693 284 2748 set
298 2681 417 2745 aliinus.
432 2681 628 2762 Exponemus
640 2689 670 2744 tn
684 2687 743 2745 hoc
757 2685 927 2762 posteriore
941 2682 1019 2744 libro
1035 2684 1093 2742 alia
1139 2693 1185 2743 est
1209 2684 1238 2742 in
1254 2682 1406 2762 Aegypto.
1422 2682 1459 2744 Et
1474 2682 1613 2760 Phlegon
1628 2680 1801 2743 Historieus
1816 2675 1959 2738 Graecus
1974 2677 2002 2732 el

143 2827 146 2836 ,
238 2773 366 2848 quatuor
381 2766 489 2843 rerba,
514 2783 591 2844 quae
613 2777 682 2846 post
709 2768 853 2829 tenebras
880 2775 910 2827 et
934 2765 1092 2827 silentium
1139 2765 1266 2828 Gentilis
1290 2767 1429 2826 meminit
1451 2767 1544 2846 hujus
1566 2765 1707 2842 deliquii,
1729 2760 1862 2824 dicens:
1882 2755 2004 2834 Quarto

237 2853 327 2915 trium
344 2851 487 2911 horarum
503 2850 585 2912 idem
601 2851 751 2913 hominus
767 2867 803 2913 err
816 2850 959 2912 cathedra
972 2851 1093 2922 eadem,
1138 2851 1645 2912 onncdttcentesimoeseeunrtoe
1659 2843 2003 2927 Olympiadisrnopno

235 2936 293 2997 iam
311 2933 398 2995 morti
415 2950 468 3008 pro
484 2934 621 3013 inquus,
649 2936 786 2996 clamans
809 2951 917 3011 magna
935 2948 1009 2994 voce
1026 2949 1093 3010 pro·
1140 2941 1168 2994 et
1183 2933 1346 2994 emcellcns
1360 2935 1447 2995 inter
1462 2949 1573 2995 ornnes
1589 2949 1673 3012 quae
1690 2939 1784 2992 anteo
1797 2927 2003 2997 occiderant,

237 3016 397 3081 nuntiavit.
411 3017 471 3079 Sed
489 3018 698 3081 necessarium
716 3034 788 3078 esse
804 3019 945 3086 videtur,
962 3016 1096 3077 breuiter
1139 3016 1273 3091 delectio
1290 3016 1374 3078 Solis
1390 3024 1435 3077 est
1447 3015 1546 3093 facta:
1564 3016 1631 3078 dies
1648 3015 1730 3078 bora
1743 3018 1838 3075 semla
1852 3011 1904 3070 ita
1917 3011 2003 3070 inte·

237 3109 324 3164 antea
342 3101 521 3174 declarare,
539 3103 650 3178 quales
672 3099 786 3163 luerint
803 3101 872 3160 illae
889 3100 1048 3171 tenebrae,
1065 3107 1096 3162 et
1136 3101 1309 3163 nebrosarn
1329 3105 1455 3162 noctem
1476 3117 1586 3163 versos
1609 3107 1653 3162 est
1675 3105 1711 3161 att
1731 3097 1843 3158 steltoe
1856 3094 1897 3155 in
1911 3091 2001 3154 eaelo

238 3190 330 3260 unde,
348 3190 378 3245 el
391 3187 428 3244 ad
446 3199 537 3260 quern
555 3183 648 3246 linem
666 3189 882 3260 exortae,quae
898 3183 979 3245 inter
995 3184 1094 3262 priora
1138 3183 1228 3245 nisce
1242 3187 1321 3244 sint.
1340 3183 1400 3245 lste
1422 3190 1522 3244 autem
1545 3183 1718 3246 Historicus
1743 3195 1805 3241 non
1827 3179 1859 3238 in
1886 3173 2004 3237 Iudaea

236 3272 291 3330 tria
307 3267 399 3329 rerba
413 3272 587 3343 etquatoor
611 3268 779 3346 posteriora
803 3266 983 3328 interiectae
1000 3272 1094 3328 suni:
1140 3268 1285 3346 scripsit:
1313 3266 1411 3328 citans
1436 3265 1528 3328 istum
1555 3275 1710 3329 auctorem
1737 3261 1882 3337 origines
1899 3265 2003 3320 contra

237 3353 282 3414 sie
296 3351 388 3429 igilur
403 3351 539 3424 loquitur
555 3351 685 3413 Sanetus
697 3351 880 3413 Matthaeus:
894 3349 918 3411 Α
931 3354 1025 3412 semla
1038 3367 1094 3412 ou·
1141 3349 1277 3422 Celsum,
1300 3347 1392 3422 (Lib.
1419 3347 1476 3432 2.)
1499 3357 1529 3412 et
1547 3347 1702 3413 Eusebius
1726 3349 1757 3408 iu
1783 3343 1938 3407 Chronico
1969 3342 2004 3400 ad

237 3441 300 3497 tem
321 3435 402 3496 ltoro
423 3432 572 3496 tenebrae
584 3431 690 3512 foetae
704 3439 781 3496 suot
795 3451 894 3512 super
908 3437 1098 3496 uniuersam
1142 3451 1256 3495 annum
1281 3432 1392 3494 Christi
1416 3435 1605 3512 trigesimum
1623 3433 1758 3494 tertium.
1774 3428 1860 3490 idem
1876 3430 2006 3486 testatur

235 3524 366 3589 terrum,
382 3533 485 3596 osque
501 3521 545 3580 od
560 3518 676 3580 horam
687 3533 826 3579 cononi:
843 3525 871 3578 et
884 3519 970 3580 circo
983 3517 1097 3580 horum
1141 3504 1294 3578 Luctands
1316 3517 1438 3597 iiarlyr‚
1462 3517 1588 3580 dicens:
1605 3516 1786 3597 Perqoirr'te
1808 3514 1846 3574 in
1871 3507 2005 3570 annali·

235 3617 361 3663 nonam
375 3601 526 3662 clamauit
539 3601 630 3663 leros
643 3617 719 3662 oceo
733 3617 867 3679 moqno,
886 3603 1015 3663 dicens:
1032 3601 1095 3673 dtr,
1141 3602 1198 3663 bus
1212 3603 1335 3668 cestris.
1353 3609 1381 3662 el
1392 3603 1562 3662 invenietis
1577 3599 1771 3680 temporibus
1783 3595 1884 3657 Pilati
1891 3592 2005 3670 sopato

238 3684 307 3746 ute:
332 3683 669 3746 lammasabacthani?
684 3685 744 3746 ltoc
757 3691 801 3746 est
814 3684 1005 3755 Deusmcua,
1014 3683 1097 3747 Deus
1143 3684 1216 3747 Sole
1235 3689 1454 3761 interruptum
1467 3684 1605 3748 tenebris
1617 3685 1715 3746 diem.
1729 3679 1831 3742 Reiert
1845 3677 1926 3738 baec
1937 3690 2006 3738 san·

237 3784 339 3842 meus,
366 3773 402 3828 ut
423 3771 503 3848 quid
533 3768 737 3848 dereliquisti
757 3769 834 3829 rnei
857 3764 993 3851 (botro.
1019 3762 1113 3850 tt.)·
1142 3771 1194 3838 cti,
1218 3767 1343 3830 Luciani
1367 3766 1456 3846 (Lib.
1473 3767 1504 3828 9.
1522 3785 1595 3847 cop.
1612 3765 1669 3845 d.)
1694 3766 1786 3828 rerba
1801 3759 1947 3824 Rudinus
1972 3760 2001 3818 in

239 3850 324 3927 Quod
340 3860 439 3914 autem
457 3853 601 3914 tenebrae
616 3851 713 3913 laetae
729 3851 791 3913 sint
806 3867 843 3913 ex
856 3850 1096 3931 deliquioSolis,
1141 3852 1273 3915 Historia
1288 3849 1505 3913 Ecclesiastica
1522 3849 1661 3927 Eusehii,
1675 3869 1689 3910 a
1703 3865 1738 3912 se
1754 3849 1784 3908 in
1799 3845 1939 3923 linguam
1953 3841 2005 3904 La·

241 3949 387 4011 expresse
412 3939 494 3996 notat
516 3934 550 3997 S.
566 3935 675 4012 Lucas,
698 3933 738 3997 ill
760 3935 960 4010 obscuratus,
984 3937 1097 4014 inquit,
1142 3936 1236 3998 tinam
1255 3933 1410 3996 translata.
1428 3934 1632 3997 Tertullianus
1645 3947 1769 4013 quoque
1783 3931 1816 3991 in
1831 3925 2004 4006 Apoloqeli·

239 4023 284 4081 eet
297 4019 356 4080 sol.
373 4017 467 4095 (Luc.
485 4015 557 4098 23.)
1143 4035 1191 4096 co,
1210 4024 1241 4081 et
1253 4005 2003 4102 PaulusOrosius(Apoloq.Orof.lill.'i.cop.i.)

282 4101 343 4162 Sed
361 4107 423 4163 tres
438 4107 511 4163 sunt
524 4101 584 4164 hoc
599 4102 666 4164 loco
684 4103 865 4165 enodandae
881 4101 1096 4165 difficultates:
1144 4103 1174 4164 in
1191 4102 1324 4165 Historia
1339 4117 1412 4164 sua:
1429 4109 1460 4163 et
1474 4118 1584 4165 omues
1600 4104 1767 4180 loquuntur
1781 4099 1820 4159 de
1831 4096 1904 4158 aliis
1921 4111 2004 4156 mun·

242 4199 311 4245 nam
336 4185 385 4247 Sol
402 4183 535 4246 deiicere
552 4186 630 4248 solet
647 4187 675 4247 in
692 4186 862 4258 novilunio,
881 4188 1005 4264 quando
1021 4188 1100 4248 iuter
1144 4188 1174 4247 di
1197 4186 1347 4266 partibus,
1372 4201 1433 4246 non
1457 4181 1494 4247 εἰ
1509 4187 1574 4248 sola
1590 4185 1719 4248 iudaea.
1736 4181 1797 4247 Sed
1813 4182 1871 4242 bae
1886 4184 2002 4240 contro

241 4267 342 4330 Solem
366 4276 397 4330 et
419 4277 530 4329 terram
554 4270 653 4331 media
670 4270 824 4331 invenitur
838 4269 935 4331 Luna.
952 4269 998 4342 Id,
1017 4272 1099 4348 qood
1145 4273 1262 4332 tersiae
1280 4285 1340 4330 oon
1357 4265 1519 4332 difficulter
1535 4269 1680 4347 explicari
1692 4261 2002 4346 possuntttamquua

241 4352 272 4412 in
289 4355 386 4413 morte
401 4349 512 4415 Christi
528 4350 592 4414 lieri
610 4368 670 4413 non
688 4357 785 4430 potuit
797 4370 867 4415 cum
879 4350 962 4414 Luna
977 4371 1037 4415 non
1052 4371 1101 4416 es·
1145 4353 1232 4417 initio
1248 4354 1408 4416 dicebatur
1422 4356 1461 4414 de
1477 4353 1613 4432 deliquio
1629 4353 1723 4424 Solis,
1746 4350 1829 4428 quod
1844 4347 1875 4407 in
1893 4346 2003 4408 nortlu-

242 4441 290 4496 sel
312 4435 474 4514 conjuncta
499 4452 569 4497 cum
592 4435 675 4508 Sole,
699 4439 780 4515 quod
802 4434 836 4497 fit
858 4438 887 4497 in
912 4437 1099 4500 uoriluuio:
1144 4440 1208 4506 nlo.
1234 4454 1294 4499 non
1319 4437 1350 4497 iu
1375 4436 1545 4514 plenilunio
1560 4438 1701 4499 accidere
1716 4437 1806 4504 solet,
1823 4445 1933 4494 rerum
1949 4435 2000 4504 est

241 4520 296 4580 sed
320 4525 404 4580 esset
426 4520 567 4596 opposita
579 4519 660 4596 Soli,
678 4522 759 4596 quod
776 4518 808 4581 hl
825 4525 854 4580 iu
867 4520 1058 4600 plenilunio;
1071 4540 1101 4583 e·
1146 4523 1270 4596 quando
1295 4520 1431 4582 naturale
1454 4520 1624 4600 deliquium
1641 4518 1765 4582 aecidit.
1781 4514 1843 4580 Sed
1860 4514 1892 4572 ln
1912 4519 2002 4574 morlo

241 4608 287 4663 rat
309 4603 389 4663 enirn
415 4609 485 4664 tuuc
506 4601 598 4665 Pasoa
615 4602 814 4675 ludaeorum,
832 4604 913 4680 quod
930 4607 1100 4667 secundnm
1147 4603 1257 4668 Christi
1274 4603 1444 4680 deliquium
1469 4603 1525 4664 luit
1546 4605 1703 4683 singulare
1725 4608 1756 4664 et
1777 4593 2001 4676 prodigiosum,

241 4682 351 4764 Legem
377 4685 444 4747 heri
467 4687 635 4763 incipiebat
658 4688 885 4765 quartadecima
909 4690 959 4748 die
982 4689 1100 4750 mensis
1147 4693 1227 4764 quod
1251 4687 1289 4750 ab
1312 4703 1349 4750 eo
1371 4687 1439 4748 solo
1461 4685 1527 4748 heri
1552 4688 1660 4764 potuit,
1684 4685 1736 4761 qut
1757 4683 1830 4746 iecit
1845 4679 1952 4742 Solem
1977 4689 2003 4741 et

242 4770 344 4838 primi.
363 4769 481 4831 Deinde
505 4775 623 4832 etiarnsi
649 4769 756 4832 luisset
779 4771 809 4831 in
827 4773 972 4848 passione
988 4771 1099 4834 Christi
1146 4771 1274 4835 Lunam.
1293 4778 1323 4831 et
1337 4771 1454 4834 caelum
1472 4776 1501 4832 et
1517 4777 1636 4836 terram.
1654 4769 1768 4833 Scribit
1779 4767 1876 4839 enim,
1889 4761 1924 4824 S.
1940 4763 2003 4826 llic·

242 4850 324 4912 Luna
338 4854 501 4932 conjuncta
524 4871 592 4915 cum
610 4853 693 4926 Sole,
707 4871 769 4916 non
785 4861 885 4916 tannen
904 4863 1044 4933 poterant
1061 4863 1103 4918 te·
1149 4855 1256 4934 nysius
1271 4856 1339 4916 loco
1356 4861 1469 4920 notato.
1487 4872 1502 4914 a
1519 4869 1553 4917 se
1568 4863 1598 4916 et
1613 4853 1827 4932 Apollophane
1841 4848 1939 4908 risam
1952 4847 2003 4911 cir·
2022 4895 2023 4912 ι

243 4935 357 4995 nebrae
380 4935 445 4998 lieri
470 4954 524 5015 per
547 4945 608 4998 tres
625 4939 726 5010 horas,
746 4937 840 4999 idest
860 4944 976 5000 esexta
994 4941 1030 5000 ad
1049 4956 1101 5000 nc·
1149 4955 1182 5000 ca
1199 4938 1358 5000 meridiem
1375 4935 1511 5010 insolito,
1528 4953 1627 5013 eoque
1643 4935 1838 4998 velocissimo
1850 4946 1946 4993 cursu
1960 4948 2002 4995 re·

243 5032 323 5085 nam.
341 5019 491 5094 siquidem
510 5019 637 5097 eclipsis
652 5020 732 5082 Solis
758 5023 809 5082 dio
837 5023 949 5083 durare
971 5038 1033 5083 non
1049 5039 1103 5101 pc·
1148 5023 1234 5084 nisse
1257 5020 1295 5082 ad
1311 5021 1413 5084 Solem
1430 5036 1527 5095 seque
1542 5021 1571 5082 ei
1586 5021 1768 5102 subjecisse,
1785 5026 1878 5097 alque
1893 5029 1934 5083 eo¹
1948 5033 2004 5080 mo·
2022 5021 2023 5084 l

245 5108 314 5175 test,
332 5105 509 5178 praesertim
533 5105 559 5166 si
576 5106 666 5183 plena
683 5104 721 5166 sit
739 5104 877 5181 eclipsis,
896 5116 926 5167 ut
939 5105 1040 5168 Solem
1059 5112 1103 5168 lo·
1150 5107 1189 5168 dc
1205 5104 1376 5184 subjectam
1393 5105 1532 5166 haesisse
1548 5105 1697 5184 usquead
1713 5105 1818 5168 boram
1835 5113 2003 5176 nonam,ae
2022 5099 2023 5108 ’

246 5191 307 5244 tum
323 5184 509 5278 abscondat,
535 5194 565 5248 et
586 5189 655 5268 ejus
678 5187 850 5250 obscuritas
874 5190 1020 5252 tenebrae
1043 5191 1102 5252 dici
1149 5197 1213 5251 tum
1230 5190 1353 5251 demum
1378 5204 1431 5263 per
1446 5188 1586 5250 eamdem
1602 5188 1680 5250 viam
1693 5189 1733 5250 ad
1749 5189 1849 5251 iocum
1866 5202 1959 5248 suum
1972 5187 2002 5246 ad

245 5277 375 5345 possint.
399 5267 481 5357 huna
505 5272 585 5332 enim
610 5273 744 5334 celerius
770 5281 908 5335 moretur
924 5291 1013 5352 quam
1038 5275 1102 5344 Sol,
1151 5280 1265 5350 partem
1291 5271 1425 5334 Orientis
1445 5271 1590 5335 rediisse.
1614 5269 1701 5334 iliad
1719 5273 1760 5344 id,
1778 5271 1859 5350 quod
1876 5269 2004 5333 addeba·

242 5351 415 5413 secundom
441 5363 553 5414 motum
578 5355 635 5416 sibi
653 5357 832 5436 proprium;
849 5375 883 5417 ae
900 5361 1026 5435 perhoc
1042 5374 1103 5419 non
1153 5365 1210 5430 tur,
1233 5372 1294 5418 non
1319 5356 1458 5434 potuisse
1480 5355 1647 5433 deliquium
1671 5355 1751 5418 Solis
1773 5355 1810 5417 ad
1832 5359 1897 5417 tres
1920 5355 2003 5416 boras

246 5433 312 5530 uisi
328 5435 514 5530 brevissimo
537 5445 674 5516 temporo
698 5444 792 5500 toturn
810 5440 912 5503 Solem
929 5442 1104 5518 obumbral;
1152 5442 1192 5503 ita
1209 5446 1442 5517 permanerent
1456 5446 1516 5501 toto
1534 5439 1585 5501 illo
1604 5445 1741 5516 ternpore
1757 5439 1903 5501 tenebrae
1918 5453 2003 5516 super
2022 5489 2023 5498 ,

244 5524 345 5612 statim
370 5536 452 5582 curm
477 5523 621 5582 recedere
645 5521 824 5600 incipiens,
840 5524 970 5586 liberum
999 5524 1102 5587 Solem
1152 5531 1262 5586 terram
1279 5527 1395 5597 esseut,
1411 5523 1595 5602 responderi
1608 5523 1879 5602 potest,id‘rerum
1892 5539 1964 5586 esse
1977 5525 2003 5582 in

245 5601 402 5681 relinquit,
421 5611 452 5666 ut
474 5601 573 5682 possit
589 5610 696 5666 terram
712 5605 831 5684 lulgore
848 5607 938 5670 solito
954 5608 1105 5671 illumina·
1153 5607 1289 5686 deliquio
1310 5603 1441 5668 naturali
1463 5612 1494 5667 et
1510 5609 1671 5670 consuetu.
1688 5603 1749 5669 Sed
1766 5605 1825 5668 hoe
1839 5605 2003 5684 deliquium

244 5697 291 5754 re.
306 5683 446 5771 Denique
459 5702 626 5770 numquam
643 5687 786 5752 accidere
801 5697 912 5770 potest,
931 5698 963 5754 ut
977 5690 1017 5756 ob
1033 5708 1106 5755 con·
1154 5708 1214 5755 non
1231 5689 1394 5772 regebatur
1409 5705 1424 5754 a
1441 5689 1563 5772 legibus
1580 5689 1782 5780 naturatibus,
1800 5689 1857 5756 sed
1872 5707 1889 5756 a
1904 5693 2003 5766 volun·
