4056 6260
764 285 875 346 ranan
894 283 1083 346 saoconna
1683 279 1741 354 iii

28 433 107 480 rum
122 417 315 499 malaopera
337 418 377 481 ad
401 417 520 483 interos
539 421 761 492 dehusonmt.
787 421 905 502 attigati
949 437 1033 488 nuno
1047 427 1150 487 autem
1171 423 1330 488 tentatam
1352 422 1423 487 mos
1444 423 1727 514 dantiumsnorum
1741 431 1812 498 strt-

31 499 202 575 manibus,
213 520 251 566 ao
267 501 507 583 carthusiacae
522 505 655 582 expositi
671 506 826 569 morsibus
838 523 904 570 aer·
948 507 1024 572 dore
1037 514 1199 570 testantur.

29 584 151 663 mium,
166 585 288 650 lacibus
302 587 385 666 ignis
400 587 539 651 ardentis
553 637 561 660 ,
576 604 679 666 necue
703 605 824 653 uermes
838 590 902 653 abi·
988 591 1190 655 Haecautam
1205 591 1319 672 scripto
1335 593 1524 668 suntomuia
1541 601 1667 673 propter
1682 602 1809 679 nos,qui

28 685 123 748 gere,
142 686 247 750 neque
261 669 442 734 incendium
458 671 737 754 destinatumque
749 674 902 738 toramen·
947 674 1049 738 adhue
1064 676 1094 737 in
1112 673 1193 739 bloio
1208 692 1330 739 sumus.
1346 674 1393 737 Illi
1410 677 1492 738 enim
1508 725 1516 750 ,
1543 677 1597 758 qui
1617 687 1691 743 sont
1703 681 1736 745 in
1750 688 1811 746 ter·

28 760 100 816 tum
118 754 231 827 uDom,
248 771 288 818 ue
303 753 403 817 dicam
419 755 566 834 gaudium
579 765 743 836 expectare
758 759 903 839 poterunt
948 759 1140 837 mino,spem
1155 759 1264 822 salotis
1274 759 1393 822 nullam
1409 758 1811 843 habarc.passunt,ettamsi

28 853 141 914 usquo
156 839 188 902 io
203 845 379 901 aeternum.
695 861 697 867 ¹
946 841 1093 922 lacrymis
1108 843 1321 922 poenitentiae
1346 859 1444 921 aquas
1470 842 1585 908 Oceani
1612 832 1805 926 superarent.

73 920 171 985 Sexta
184 936 285 1000 poena
298 920 382 999 apud
394 921 512 986 interos
535 924 592 987 erit
614 927 747 992 societas
762 926 900 1005 diaboti,
947 923 1047 1001 Quare
1063 929 1164 988 anima
1187 926 1368 989 Christiana·
1385 926 1486 1004 pretio
1509 929 1712 1008 laerymarum
1726 948 1811 999 nuno

28 1009 63 1066 et
79 1006 267 1085 angelorum
284 1006 375 1082 eius3
391 1006 437 1068 sic
452 1007 536 1070 enim
551 1008 687 1089 loquitur
702 1011 853 1074 Dominus
868 1011 900 1073 in
947 1015 1054 1084 utere,
1078 1009 1151 1072 dum
1165 1011 1269 1089 magni
1285 1008 1385 1084 hunt,
1409 1010 1482 1072 dum
1500 1011 1711 1091 acceptabiles
1737 1022 1812 1080 sunt

26 1088 228 1169 Drangeti03
248 1087 407 1154 Discedim
429 1107 451 1152 a
470 1107 522 1154 rrae
541 1093 710 1158 maledieti
730 1099 768 1159 io
789 1096 901 1175 ignom
945 1092 1074 1154 Domino
1091 1087 1155 1155 Deo
1171 1099 1290 1156 nostro.
1312 1091 1381 1155 Noli
1396 1103 1560 1171 expectare
1576 1102 1719 1177 tempos,
1737 1111 1806 1164 eum

27 1179 220 1250 aeternum,
237 1175 295 1255 gui
315 1179 453 1254 paratas
479 1178 524 1238 ast
545 1176 699 1254 diabolo,
726 1185 756 1244 et
776 1177 901 1258 engolis
946 1183 1370 1255 tempusnontaexpcatet.
1393 1177 1638 1258 attendendam
1653 1181 1741 1244 multi
1762 1199 1810 1247 re·

27 1257 211 1334 ercamrao
228 1257 318 1320 etiam
330 1259 466 1336 legimus
477 1261 507 1320 in
520 1260 704 1340 Apocalypsi
718 1263 807 1326 ouius
823 1265 901 1324 haee
946 1260 1072 1338 pontina
1088 1265 1186 1321 morte
1201 1262 1360 1337 rapiantur
1374 1259 1412 1322 ad
1427 1260 1556 1339 interos,
1579 1263 1631 1342 qui
1653 1265 1681 1327 si
1695 1265 1808 1332 votuis-

28 1348 108 1402 sunt
119 1339 271 1404 serbabi
282 1340 444 1414 diabotus,
457 1343 516 1422 qui
525 1343 698 1408 seducebat
710 1345 901 1418 cccccccccc
945 1351 1026 1415 sont,
1044 1341 1168 1420 quoodo
1180 1349 1304 1420 tempus
1317 1349 1394 1420 erat,
1408 1342 1525 1408 deflare
1541 1355 1681 1426 peccata,
1698 1349 1809 1413 ethar-

28 1430 78 1486 est
91 1424 134 1487 in
147 1429 303 1504 stagnum
315 1425 415 1506 iguis,
432 1429 461 1488 et
475 1426 654 1507 sulphuris,
670 1428 729 1492 ubi
742 1434 770 1493 et
786 1429 898 1504 bestia,
944 1441 1014 1488 rere
1030 1426 1219 1506 gehennam,
1243 1441 1327 1488 nunc
1339 1425 1371 1488 in
1395 1442 1433 1490 oo
1448 1427 1517 1493 loco
1531 1445 1594 1492 non
1608 1437 1737 1508 essent,
1755 1431 1808 1499 ubi

29 1513 62 1570 et
74 1507 368 1588 pseudopropheta
382 1509 619 1576 mactabantur
633 1513 703 1583 die,
730 1529 770 1576 aa
793 1519 899 1586 nocto,
944 1508 1048 1582 ttotns,
1066 1514 1097 1571 et
1109 1509 1222 1573 stridor
1236 1509 1423 1587 dentium,id
1439 1517 1498 1587 est,
1515 1513 1726 1593 sempiternus
1736 1516 1806 1580 hor·

29 1597 63 1653 et
77 1593 175 1671 paulo
190 1597 262 1672 post
275 1592 398 1656 additur
408 1641 421 1669 ,
443 1594 483 1657 ad
497 1593 581 1656 idom
596 1600 741 1676 stagnum
757 1597 851 1676 ignis,
868 1604 899 1658 ct
943 1609 1007 1669 ror,
1023 1592 1184 1656 inhabitat.

29 1675 201 1754 sulphuris
216 1675 386 1740 mittendos
400 1693 532 1754 omnes,
549 1677 602 1756 qni
617 1695 679 1742 nan
696 1679 802 1760 scripti
819 1681 850 1741 in
865 1679 900 1742 lt·

30 1757 203 1824 brositao.
1296 1757 1451 1824 ctum.

72 1841 186 1922 Neque
201 1841 302 1906 solum
319 1842 474 1916 Scriptura
490 1861 588 1916 soora,
605 1861 684 1925 qaae
699 1847 763 1910 sola
779 1845 900 1909 suffice·
1415 1875 1422 1888 ·

29 1931 155 2002 rot‚sed
167 1927 260 1990 otiam
275 1927 373 1990 sancti
386 1927 639 2004 Patres,Basilius
652 1929 684 1992 in
696 1929 901 2006 explicatione
944 1930 989 1994 De
1004 1931 1096 1995 tertio
1110 1931 1200 2008 fonte
1214 1926 1518 2008 lacrymarumque·
1529 1933 1576 1991 cst
1589 1929 1808 1998 coruideratio

31 2009 154 2074 Psalmi
166 2008 410 2088 tricesimitcrtii,
426 2027 454 2074 s.
470 2012 663 2092 Augustinus
674 2014 706 2076 io
720 2013 901 2077 Euchiridio
1216 2011 1385 2075 Passionis
1402 2008 1529 2073 ebriati.

31 2099 64 2156 et
77 2112 108 2157 s.
120 2093 300 2157 Bernordos
314 2094 345 2156 in
361 2093 498 2173 Cantica,
515 2101 546 2158 at
559 2096 609 2158 alli
626 2097 742 2175 passim
764 2098 825 2160 boc
847 2093 900 2160 do·

32 2184 120 2241 cent.
138 2176 257 2252 Quanta
271 2183 375 2240 autem
391 2195 490 2255 poena
506 2177 558 2257 sit,
582 2180 722 2245 babitare
749 2187 900 2260 perpetuo
986 2186 1070 2249 Fons
1085 2182 1194 2246 tertius
1206 2183 1422 2262 lacrymarum,
1436 2177 1543 2242 Passio
1558 2183 1607 2242 ast
1616 2178 1741 2244 Domini
1751 2195 1807 2245 no·

32 2279 107 2324 cnm
120 2261 266 2324 hostibus
281 2261 529 2336 crudelissimis,
546 2263 600 2342 qui
614 2280 716 2344 genus
730 2265 899 2328 humanum
944 2270 998 2334 stri
1013 2269 1085 2332 lesu
1109 2267 1233 2331 Christi.
1248 2264 1311 2327 Sed
1326 2269 1490 2341 antequam
1504 2262 1587 2325 huno
1601 2263 1716 2328 iontem
1733 2281 1805 2346 ope·

32 2344 221 2424 gravissimo
236 2345 308 2408 odio
324 2351 601 2424 prosequuntunct
616 2349 668 2427 qni
684 2351 715 2410 tn
730 2348 900 2428 scripturis
945 2353 1071 2420 ciamus.
1090 2358 1120 2414 et
1132 2366 1227 2430 aquas
1243 2349 1445 2428 lacrymarum
1461 2345 1639 2409 hauriamus
1660 2349 1699 2410 de
1713 2347 1806 2411 lonti-

30 2427 206 2504 leonibus,
230 2436 261 2490 at
276 2428 488 2495 draconibus,
511 2430 698 2506 aspidibus,
715 2439 745 2494 et
759 2431 900 2496 basilicis
944 2437 1004 2500 bns
1020 2435 1186 2499 Salvatoris
1201 2429 1407 2497 removendus
1423 2435 1471 2491 est
1484 2429 1586 2507 obex,
1610 2431 1663 2511 qui
1685 2431 1806 2512 ridetur

32 2520 253 2591 comparantur
268 2511 358 2574 laaile
373 2518 420 2574 est
434 2512 662 2577 iudicare.Pars
678 2531 787 2593 magna
804 2515 901 2577 lelioi-
944 2519 1095 2598 impedire
1111 2518 1204 2581 tontis
1218 2512 1538 2595 apertionemPosset
1552 2513 1637 2576 enirn
1648 2512 1740 2577 alicui
1753 2530 1805 2577 oe·

35 2596 107 2658 tatis
124 2597 306 2658 Sanctorum
319 2602 379 2671 est,
394 2596 532 2658 habitare
543 2613 611 2659 anm
627 2599 755 2678 Angelis
769 2599 897 2673 sanatis,
944 2603 1011 2666 nire
1026 2605 1057 2663 in
1074 2608 1207 2666 mentem
1224 2597 1378 2663 eiusmodi
1393 2596 1567 2670 dubitatio,
1592 2612 1647 2659 cnr
1661 2597 1807 2661 videlicet

34 2680 89 2756 qut
103 2685 136 2742 ct
151 2680 274 2757 plorimi
290 2685 385 2750 sant,
403 2682 434 2741 et
448 2695 558 2743 omnes
573 2682 687 2759 amici,
710 2690 741 2745 et
755 2682 840 2744 omni
852 2699 900 2744 sa·
943 2686 1046 2750 flenda
1063 2687 1104 2749 sit
1125 2685 1253 2758 Passio,
1275 2685 1358 2759 'qaae
1373 2680 1550 2759 praeteriit,
1575 2689 1606 2742 et
1626 2695 1688 2742 non
1704 2683 1804 2744 solum

33 2765 186 2840 pientiae,
210 2769 242 2824 et
263 2762 405 2842 virtutem
420 2763 539 2840 iulgore
562 2763 680 2828 decori.
696 2765 793 2847 Igitur
809 2765 898 2828 etlam
946 2772 1125 2848 praeteriit,
1150 2768 1206 2831 sed
1230 2766 1323 2830 etiam
1337 2763 1369 2826 in
1384 2762 1514 2843 gloriam
1537 2762 1701 2840 maximam
1719 2779 1804 2828 versa

34 2863 108 2923 pars
124 2862 233 2926 magua
256 2847 315 2908 crit
336 2845 526 2908 intelicitatis
548 2846 713 2925 impiorum
737 2848 897 2911 hominnm
945 2854 1019 2918 esti
1041 2852 1216 2932 compassio
1243 2849 1326 2912 enlm
1353 2860 1417 2909 non
1444 2845 1538 2909 debat
1559 2861 1633 2911 osse
1658 2847 1806 2927 prolixior

33 2930 177 2992 habitare
192 2935 343 3009 perpetuo
365 2945 436 2991 oum
459 2929 622 3008 spiritibus
645 2931 828 3008 immundis,
846 2932 900 3010 qui
944 2937 1115 3001 Passiana:
1131 2935 1238 2998 Passio
1253 2932 1398 2996 christia
1414 2928 1595 2992 multisiam
1612 2933 1702 2993 annis
1725 2936 1806 2993 tron-

34 3020 66 3076 et
81 3014 141 3092 ipsi
157 3013 284 3092 plurimi
299 3019 392 3089 sont,
410 3019 441 3076 et
454 3029 565 3076 omnes
581 3015 687 3078 hostes
702 3016 828 3095 generis
843 3016 899 3077 hn-
944 3022 1009 3083 siit.-
1022 3036 1078 3084 cur
1093 3034 1167 3098 ergo
1179 3015 1354 3094 compassio
1369 3013 1463 3076 simul
1478 3029 1541 3076 non
1562 3013 1701 3076 transiit?
1715 3011 1805 3077 derto

35 3097 131 3175 mani,
148 3095 410 3160 etdoiormissimi
424 3103 517 3176 atque
532 3098 702 3162 deterrimi.
718 3099 820 3174 Quare
836 3115 898 3160 oon
944 3121 1014 3166 cum
1030 3103 1142 3165 mulier
1155 3101 1296 3182 parturit,
1314 3097 1395 3176 qnod
1408 3103 1456 3159 ost
1479 3097 1654 3174 exemplum
1671 3097 1805 3160 Salvato-

34 3181 147 3243 mirum
161 3185 220 3252 est,
237 3179 265 3242 si
276 3178 403 3259 reprobi
414 3182 557 3245 homines
568 3182 601 3244 in
613 3182 767 3259 protunda
781 3182 899 3262 gehon·
944 3188 988 3250 ris
1000 3186 1082 3265 apud
1097 3186 1256 3259 loannem,
1271 3179 1424 3244 tristitiam
1440 3177 1618 3258 habet,qula
1635 3180 1718 3244 venit
1729 3179 1815 3243 bora.

35 3279 76 3326 na
91 3263 188 3326 fleant
201 3264 340 3340 assidue,
358 3271 388 3326 et
403 3263 534 3328 stridant
555 3265 714 3340 dentibus,
732 3281 810 3345 quae
826 3274 900 3328 sunt
945 3272 1061 3333 doloris
1076 3269 1167 3334 eins.
1185 3275 1215 3331 et
1230 3267 1256 3328 si
1272 3266 1325 3346 qui
1340 3261 1444 3326 adsint
1459 3264 1600 3342 cognati,
1624 3271 1675 3326 aut
1690 3264 1780 3328 amici
1796 3312 1804 3335 ,

35 3349 116 3410 duae
127 3353 304 3428 postremae
315 3346 527 3410 damnatorum
540 3349 756 3426 paenae,inxta
773 3348 899 3412 verbnm
944 3354 1037 3416 simut
1053 3369 1122 3414 cum
1136 3352 1187 3414 illa
1199 3349 1353 3412 tristitiam
1364 3346 1565 3424 habent,quia
1578 3347 1706 3423 patienti
1722 3361 1805 3409 com·

34 3431 171 3494 Domini:
188 3431 267 3494 Filii
282 3434 391 3494 autom
403 3427 507 3510 Rapui
518 3433 691 3496 eiiciantur
701 3434 739 3495 im
750 3431 899 3496 tenebras
945 3439 1113 3515 patiuntur:
1130 3435 1187 3498 sed
1202 3449 1271 3495 oum
1287 3430 1410 3510 peperit
1424 3428 1569 3506 tilium,et
1583 3429 1672 3492 dolor
1683 3431 1807 3493 evanuit

36 3516 228 3594 amiciorem
242 3513 290 3577 ibi
304 3515 366 3576 erit
379 3511 496 3596 dotus,
515 3522 544 3578 et
563 3517 684 3580 stridor
709 3516 858 3579 deultum
870 3523 900 3579 et
944 3527 1018 3584 tunc
1033 3521 1099 3596 ipsa
1115 3518 1246 3581 iactator
1260 3563 1268 3589 ,
1281 3521 1312 3576 et
1326 3513 1387 3592 ipsi
1404 3513 1494 3574 etiam
1511 3512 1613 3591 amici,
1631 3517 1664 3576 et
1676 3515 1806 3592 proximi

34 3615 173 3677 rursom;
189 3597 347 3662 Discedite
362 3614 384 3660 a
398 3615 448 3661 me
463 3615 575 3663 omues
586 3602 732 3678 operarii
742 3601 899 3679 iniquita·
946 3604 1159 3667 collaetantur.
1176 3601 1276 3678 Atque
1290 3600 1350 3660 hoo
1371 3597 1474 3676 ipsum
1498 3595 1637 3657 Ecclesia
1660 3604 1761 3659 serrat
1774 3596 1806 3658 in

36 3682 88 3760 tis;
103 3682 151 3744 ibi
164 3683 226 3746 erit
238 3681 349 3759 ssatus,
364 3686 393 3743 at
407 3683 529 3745 stridor
542 3684 701 3757 dentium,
719 3691 748 3746 et
763 3683 897 3746 iterum:
945 3686 1144 3766 passionibus
1158 3685 1322 3764 llartgram
1337 3697 1346 3741 :
1363 3679 1437 3742 dum
1452 3679 1534 3740 enim
1557 3677 1703 3760 Martyres
1725 3687 1807 3759 pate·

37 3765 719 3846 Despuisaoiuutiniquitatemmitteutin
731 3769 900 3830 caminum
945 3776 1063 3846 rentur,
1081 3767 1348 3846 compatiebantur
1362 3761 1494 3836 fideles,
1519 3763 1571 3840 qui
1588 3762 1728 3840 aderant;
1751 3763 1807 3826 sed

35 3852 135 3928 iguis,
150 3848 198 3913 ibi
210 3851 269 3912 erit
282 3848 389 3925 fletus,
405 3855 433 3911 et
445 3851 566 3914 stridor
577 3850 777 3914 dantiumlit
788 3851 897 3912 iterum
945 3871 1028 3916 nunc
1040 3858 1253 3916 consummato
1268 3844 1431 3926 ltartgrio.
1447 3843 1589 3908 Ecclesia
1606 3847 1700 3920 canit,
1717 3852 1748 3908 et
1762 3845 1807 3909 di·

37 3933 162 4014 Ligotis
177 3932 347 4004 manibus,
372 3937 402 3995 et
422 3932 561 4010 pedibus
581 3936 669 4010 eius,
693 3935 809 3997 mittite
825 3950 898 3996 eum
944 3939 995 4000 ait:
1008 3936 1215 4000 Gaudeamus
1226 3929 1406 3997 iuDomirto
1415 3930 1503 3992 diem
1513 3928 1630 4004 festum
1642 3927 1806 3994 celebrara-

36 4019 73 4081 irt
92 4015 239 4083 tenebras
255 4017 444 4095 exteriores·
466 4015 513 4082 ibi
535 4019 595 4080 crit
614 4017 722 4094 (tetus,
737 4025 766 4080 et
780 4019 901 4080 stridor
946 4021 1061 4084 iassab
1083 4020 1205 4082 bonore
1227 4015 1448 4095 biturigus,
1472 4013 1513 4075 de
1536 4014 1631 4075 anius
1650 4015 1808 4091 passione

38 4101 198 4164 dentiam.
215 4099 357 4176 Denique
373 4101 432 4162 alio
446 4101 828 4165 loaozlraatilemsoraum
842 4102 900 4163 eii·
945 4106 1090 4184 gaudem
1114 4102 1241 4182 Ampeli.
1268 4097 1410 4177 Denique
1435 4100 1561 4158 sanctos
1582 4095 1644 4158 Leo
1671 4096 1750 4174 Papa
1774 4098 1805 4158 io

37 4186 99 4247 cite
110 4186 146 4248 irs
161 4183 308 4247 tenebras
324 4185 584 4258 euterioreuittio
600 4190 660 4248 ortt
673 4185 816 4262 (tutatust
829 4185 900 4246 stri·
946 4203 1090 4250 sermone
1106 4187 1228 4248 decimo
1245 4184 1283 4244 de
1298 4180 1449 4244 Passiono
1465 4174 1599 4247 Domini.
1616 4177 1807 4242 Desiderato

38 4266 427 4330 nordanumbrorum
443 4283 535 4330 causa
547 4267 698 4330 Dominus
713 4275 772 4330 tam
789 4269 898 4330 crebro
944 4272 1056 4348 inquit,
1070 4269 1281 4337 dilectissimi.
1299 4267 1329 4326 et
1341 4264 1496 4326 uniuerso
1513 4257 1665 4341 optabilis
1679 4264 1805 4326 muodo

38 4351 119 4412 hanc
130 4349 315 4413 seutentiam
329 4351 482 4430 repetiuit.
500 4352 693 4420 nimirum.nt
707 4352 900 4428 imprimatur
946 4358 1037 4418 adast
1051 4353 1206 4430 festivitas
1229 4349 1418 4413 Dominicae
1439 4345 1628 4416 Passionis,
1646 4361 1731 4426 quaa
1745 4361 1806 4408 aas

38 4433 125 4498 cordi
140 4434 300 4496 hominnm
317 4429 401 4496 'haec
421 4437 533 4497 veritas
557 4435 710 4498 salutaris.
738 4434 897 4512 Siquidem
943 4441 1029 4501 iuter
1044 4437 1262 4500 occultationes
1275 4429 1499 4511 spiritualium
1511 4429 1711 4508 pameliorum
1723 4429 1807 4506 itero

37 4518 140 4594 benis,
156 4523 187 4579 ot
201 4517 315 4598 stridor
329 4517 468 4580 dentium
486 4518 675 4586 assiduuset
690 4518 899 4595 sempiternus
944 4537 1014 4584 uon
1026 4523 1163 4600 patitur,
1178 4526 1207 4579 et
1222 4516 1315 4596 paulo
1330 4512 1422 4575 inira:
1441 4509 1525 4587 Qata
1542 4518 1653 4575 autem
1671 4513 1758 4574 irater
1772 4529 1804 4575 o-

38 4603 138 4664 omoia
161 4601 326 4681 gehennae
352 4606 503 4663 tormenta
530 4602 618 4674 suasi
644 4601 676 4664 in
704 4603 850 4682 epilogo,
868 4609 898 4664 at
943 4606 1037 4668 mnia
1048 4621 1149 4683 opero
1160 4603 1229 4678 Dei,
1245 4602 1283 4662 iro
1304 4597 1422 4678 quibus
1433 4594 1805 4692 bmnaoaonodmirotio·

38 4699 155 4748 summu
172 4683 398 4763 complectitur.
415 4683 522 4747 Fletus
536 4683 652 4748 iudicat
664 4686 816 4761 dolorem3
829 4687 898 4748 stri·
943 4691 996 4750 uto
1010 4689 1169 4767 fatigatur
1178 4684 1327 4754 intentio,
1340 4681 1388 4743 ita
1399 4679 1705 4758 contemptationem
1716 4695 1806 4744 mert-

39 4771 95 4831 dor
109 4767 246 4830 dentium
262 4769 434 4840 horrorem,
451 4783 530 4847 quae
546 4774 716 4832 nascuntur
731 4785 768 4832 ex
781 4770 897 4832 iactura
944 4774 985 4834 tis
999 4769 1144 4838 oblectat.
1163 4771 1361 4846 occuparat,
1377 4765 1460 4826 sicum
1475 4760 1587 4858 Passio
1600 4760 1807 4858 saluatoris?

39 4851 200 4926 lelicitatis,
217 4857 248 4913 et
264 4851 335 4928 igue
351 4857 498 4922 torrento,
522 4869 560 4914 ex
575 4868 678 4914 terme
703 4853 845 4929 rodente,
861 4869 898 4915 ex
945 4855 1075 4918 Sanctus
1090 4855 1183 4932 igitar
1194 4852 1256 4914 Leo
1272 4851 1304 4912 in
1315 4847 1463 4936 Passione
1486 4844 1608 4907 Domtnt
1630 4851 1748 4907 rorentt
1763 4847 1805 4909 te·

39 4951 161 4999 carcere
184 4934 373 5009 tenebroso,
398 4951 436 4998 ert
458 4935 687 4998 cohabitatione
703 4935 837 5013 denique
851 4936 897 4998 in·
944 4939 1019 5001 stira
1036 4938 1158 5017 gaudia.
1175 4933 1366 5012 spirituatem
1383 4928 1616 5024 exultationem,
1641 4936 1671 4991 et
1692 4931 1805 4993 mentis

40 5019 200 5082 lernallom
215 5018 398 5080 bestiarum.
414 5018 523 5094 Itaque
546 5019 670 5096 reprobi
687 5034 808 5092 omncs
826 5020 896 5094 onia
945 5020 1235 5097 contemplationem
1253 5017 1458 5080 oblectantem
1471 5027 1620 5088 animum,
1635 5027 1696 5074 non
1713 5013 1805 5076 tristi·

41 5104 202 5166 noluerunt
217 5101 269 5162 hic
285 5101 316 5162 in
333 5101 423 5164 terris
440 5109 564 5179 paccata
581 5119 635 5164 sua
651 5102 767 5165 deflere
780 5105 817 5166 ad
835 5120 898 5166 mo·
946 5106 997 5178 tia,
1014 5111 1044 5165 et
1059 5104 1204 5182 lacrymis
1230 5097 1457 5162 conficientem.
1486 5095 1547 5158 Sed
1575 5096 1658 5157 bunc
1683 5095 1804 5158 obicem

41 5188 141 5248 dicum
153 5191 289 5262 tempos,
306 5182 467 5246 deflebunt
483 5185 748 5248 inconsolabiliter
760 5191 898 5265 temporo
944 5188 1154 5252 obstruentem
1171 5185 1284 5248 iontem
1302 5184 1503 5274 lacrymarum
1526 5179 1616 5274 tacite
1632 5178 1802 5241 removebi-

41 5269 227 5347 sempiterno
242 5285 250 5328 ι
268 5275 298 5330 et
309 5268 386 5344 ‘quia
403 5269 569 5331 noluerunt
583 5269 709 5331 horrere
725 5269 777 5332 hic
792 5271 822 5331 in
839 5276 898 5332 tor·
944 5289 1023 5342 mus,
1041 5272 1066 5332 si
1083 5269 1267 5349 cogitemus
1292 5267 1323 5327 io
1340 5265 1486 5326 Passiono
1501 5260 1625 5324 Domini
1639 5270 1803 5337 utrumqne

41 5355 94 5428 ris,
108 5357 138 5415 ut
150 5367 205 5430 par
220 5357 297 5424 erat,
315 5349 465 5414 offensam
490 5350 654 5424 creatoris,
680 5353 851 5414 horrebunt
864 5355 896 5415 in
943 5354 1085 5433 reperiri.
1103 5353 1260 5430 gaudium,
1278 5357 1309 5411 et
1325 5361 1511 5409 moerorem:
1529 5346 1759 5416 exultationem,
1773 5352 1804 5438 et

41 5437 178 5513 gehenna
195 5435 322 5497 horrore
346 5440 495 5512 perpetuo
516 5451 684 5515 poenarum
712 5451 835 5498 scaram
852 5435 898 5500 ln·
943 5439 1062 5501 ilatum.
1080 5437 1151 5498 tiam
1169 5435 1326 5496 Dominiaa
1348 5430 1454 5492 Passio
1469 5429 1565 5490 tribus
1582 5428 1681 5490 modis
1702 5441 1805 5488 const·

42 5519 218 5582 credibilem
234 5518 444 5581 acerbitatem.
468 5517 657 5582 clamaverat
677 5521 801 5596 quidem
816 5519 898 5589 Aoo·
945 5521 1044 5584 aerari
1062 5525 1172 5597 potest,
1191 5526 1223 5580 ut
1239 5517 1332 5578 estin
1349 5529 1396 5585 se,
1413 5519 1445 5574 ot
1458 5519 1598 5608 consuet
1613 5518 1645 5574 nt
1661 5507 1803 5600 allectus.

43 5603 158 5665 stolus:
175 5601 383 5666 Horrendum
409 5607 476 5678 est,
496 5603 643 5668 incidere
656 5605 693 5667 iu
707 5615 826 5668 mamus
840 5603 898 5668 Dei
945 5605 976 5670 Si
992 5603 1098 5667 Passio
1113 5601 1234 5664 Domini
1251 5596 1490 5668 considerator,
1518 5601 1552 5658 ut
1575 5611 1606 5662 ro
1632 5608 1666 5656 se
1692 5598 1750 5668 est,
1768 5609 1804 5658 oc

42 5686 194 5752 oioeotis:
220 5685 275 5748 sed
301 5685 345 5746 itti
366 5688 450 5748 surdi
474 5685 598 5751 inerunt
620 5687 657 5748 ad
680 5687 761 5754 hauc
776 5703 895 5762 rocem,
944 5689 1127 5768 praesertim
1143 5686 1169 5748 si
1183 5679 1407 5763 contemplanti
1422 5679 1802 5759 animarepraescotatur,

111 5791 267 5844 deauratum
284 5785 344 5845 iot.
359 5785 403 5844 Vl.
1551 5779 1586 5835 it
