4056 6260
888 561 943 635 DE

465 724 861 930 aaronita
894 766 1367 913 FELICITATE

413 1049 415 1054 ’
761 995 1085 1174 suuoronuu
1161 1149 1162 1152 ψ

635 1331 716 1391 SUB
745 1329 919 1391 bobius
945 1331 1085 1390 hecht
1116 1331 1189 1386 litii

814 1499 1048 1510 ψ·-

299 1897 424 1972 LIBER
448 1895 634 1986 QUINTUS
941 1893 980 1958 ad
994 1891 1179 1972 bravium,et
1194 1891 1321 1957 aiteram
1338 1889 1377 1954 de
1393 1885 1585 1954 certantibus
1599 1885 1632 1952 in
1648 1881 1809 1968 agonelta

467 1989 469 1998 ⁴
942 1984 1034 2041 erunt
1059 1984 1128 2040 octo
1155 1975 1422 2042 considerationes
1447 1973 1488 2038 de
1503 1973 1561 2038 vita
1576 1973 1666 2038 beata
1682 1969 1810 2036 Senote-

410 2097 481 2162 ΒΜ,
508 2097 522 2160 1
734 2091 740 2106 ·
897 2129 900 2137 ,
942 2077 1011 2125 rum
1026 2077 1064 2125 ex
1079 2060 1259 2125 nominibus
1274 2057 1474 2140 parabolicis.

484 2143 493 2162 ⁸
526 2142 535 2162 '
984 2145 1083 2208 Primo
1097 2145 1191 2226 igitur
1204 2144 1368 2224 parabola,
1385 2159 1465 2222 quas
1483 2139 1614 2206 habetur
1640 2137 1723 2218 apud
1739 2149 1810 2199 sen·

182 2289 226 2354 De
243 2288 406 2353 rhesocro
428 2286 620 2356 cbacocdiio
632 2235 773 2367 incpro.
943 2227 1229 2375 ffimrfflumeum
1244 2273 1252 2305 ⁹
1269 2225 1377 2326 ,Μ”ηἷῑθ
1392 2223 1629 2345 ¹³⁰³[R39m‘m
1644 2221 1813 2287 melmin

475 2357 478 2360 ·
994 2327 1095 2376 sauro
1118 2309 1363 2376 absconditum
1376 2325 1470 2390 opro.
1494 2308 1596 2390 (Mati.
1613 2306 1681 2385 ll.)
1698 2311 1728 2368 et
1743 2303 1814 2368 bre.

943 2397 1020 2458 uiter
1035 2395 1300 2473 docetouornodo
1315 2393 1416 2472 possit
1431 2393 1550 2473 acquiri
1565 2405 1638 2456 cum
1653 2388 1814 2466 aiithrem
1938 2458 1941 2464 ,

66 2473 117 2540 De
128 2473 482 2540 Sanctorumroiicitatc
495 2472 555 2536 suh
569 2470 747 2534 nominihus
758 2468 897 2532 locorum
943 2481 1003 2558 qus
1017 2479 1143 2542 invem]
1159 2477 1265 2555 ηοω
1283 2477 1477 2556 abscondas
1490 2479 1520 2540 ει
1532 2491 1614 2556 prae
1658 2473 1760 2538 auaro
1774 2471 1814 2534 p.

23 2561 62 2706 ,Ῑὲ
83 2559 201 2706 (Ιῑίῑῧῑὲδ
213 2561 353 2706 hnibiitssi
369 2557 464 2702 ibltiui
474 2569 546 2619 tere
553 2553 898 2702 ἆιιιὶιιῗὲιῑιιῑὸῐρθὲῑί
944 2561 1010 2626 lios
1022 2563 1127 2661 uadit,
1142 2566 1172 2626 et
1184 2563 1297 2632 cendit
1311 2561 1571 2660 uctucscpuoc
1584 2491 1724 2656 hoffstet
1737 2553 1815 2620 emti

21 2651 899 2820 bii,iiiiiiiiibliitiillutibilis?
944 2643 1816 2810 trititiiihiiitiiiiairitiiiitih'itii

22 2813 159 2892 scripsi,
176 2811 260 2892 quod
276 2809 533 2902 medtldnlt'DbDS
557 2820 728 2886 suggerere
754 2805 899 2885 dignditls
946 2820 1051 2876 monet
1066 2812 1179 2876 Paulus
1193 2813 1444 2891 jureconsultus,
1458 2809 1554 2896 (fflDQ
1569 2811 1816 2892 acquimewm

26 2901 96 2958 est.
114 2896 233 2959 hddam
248 2910 334 2957 nunc
356 2892 471 2971 aliquid
491 2893 530 2953 de
545 2890 693 2954 ielrcrtatc
709 2889 820 2952 eedem
842 2885 901 2948 sub
947 2896 1035 2960 pom,
1052 2896 1088 2958 L,
1105 2895 1513 2980 Numquam,)d0b010550
1529 2901 1591 2960 uam
1606 2895 1764 2972 antiquus,
1782 2891 1815 2953 ut

27 2979 163 3042 nomine
176 2995 304 3051 rorum,
321 2975 437 3053 quibus
453 2974 604 3036 Dominus
625 2973 802 3035 relicitatem
826 2969 900 3036 San·
947 2980 1015 3043 eius
1031 2997 1093 3044 noo
1111 2987 1194 3044 exiet
1215 2981 1425 3062 mem01r2301
1444 2979 1517 3045 ideo
1544 2995 1607 3043 non
1633 2977 1728 3041 habnt
1743 2990 1813 3056 pro·

27 3069 156 3126 ciorum
171 3065 202 3126 iu
219 3060 375 3141 parabolis
390 3059 589 3154 compararit.
602 3057 695 3120 Initio
711 3069 783 3118 rsro
798 3057 902 3120 soien-
946 3065 1049 3141 prium
1064 3057 1297 3142 hominumn
1311 3061 1380 3127 pure
1393 3066 1529 3142 pertines
1541 3063 1578 3126 ad
1590 3061 1814 3136 invenientem.

29 3149 110 3210 dum
127 3152 186 3214 cst,
205 3144 297 3208 uerba
314 3143 365 3206 tila
388 3142 534 3218 Domini,
559 3139 673 3205 Simile
695 3144 741 3202 cst
754 3139 901 3221 tropeum
947 3145 1004 3210 llic
1017 3148 1186 3211 thesaurus
1202 3156 1250 3209 est
1265 3149 1333 3226 ipsa
1347 3147 1511 3223 Divinitas,
1534 3161 1616 3226 quae
1630 3143 1815 3208 abscondita

26 3231 216 3304 caelorum,
233 3229 348 3309 quibus
363 3225 394 3289 iu
412 3225 570 3304 parabolis
584 3240 651 3288 sors
665 3223 817 3288 Dominus
832 3237 902 3304 pas·
947 3236 995 3294 esi
1012 3230 1042 3292 in
1059 3247 1133 3311 agre
1149 3229 1348 3294 humanitatis
1363 3227 1488 3307 christi,
1504 3235 1539 3294 ut
1553 3234 1639 3292 recte
1654 3230 1815 3308 exponunt

28 3314 94 3377 sim
113 3317 300 3389 utitur,¹ncn
316 3307 426 3373 relerri
441 3324 568 3387 semper
583 3309 620 3370 ad
645 3308 737 3370 uerbo
762 3309 902 3386 proxime
945 3318 1074 3377 sanctus
1096 3312 1231 3376 Hilarius
1252 3321 1283 3377 et
1297 3318 1425 3378 sanetus
1439 3311 1650 3394 Hieronymus
1675 3311 1707 3374 in
1724 3309 1813 3374 Gorn-

27 3399 226 3475 seouentia,
251 3394 339 3475 quasi
357 3411 427 3456 cum
444 3391 596 3486 Dominus
623 3393 709 3454 dicii.
728 3389 842 3454 Simile
856 3395 903 3455 eat
946 3399 1099 3461 monterio
1121 3399 1158 3460 ad
1174 3402 1267 3476 ceput
1282 3397 1425 3461 llatthaci
1443 3396 1567 3462 tertium
1586 3393 1761 3475 decimum.
1778 3391 1820 3456 In'
1857 3437 1859 3440 ψ

25 3481 186 3562 Repertus
196 3481 366 3544 coctorum
387 3477 516 3540 bomini
535 3473 757 3556 cepotictort,
786 3489 902 3540 sensus
947 3480 1070 3545 cbristo
1085 3483 1181 3560 enim,
1198 3489 1232 3544 ut
1247 3479 1289 3543 ait
1303 3480 1483 3560 Apostolus,
1500 3479 1677 3550 absconditi
1694 3483 1767 3540 sunt
1783 3490 1816 3539 u·

28 3566 278 3645 essetlicgnum
295 3563 452 3627 caelorum
468 3575 541 3624 esse
554 3561 660 3624 wsinitis
672 3558 790 3622 homini
807 3573 903 3638 nego·
942 3580 1040 3628 *mnes
1054 3565 1192 3628 thesauri
1208 3565 1361 3628 scientiae
1374 3571 1404 3628 ct
1419 3565 1591 3645 sapientiae
1606 3555 1818 3645 Dei.(Gci.2.)

28 3651 139 3716 iictori
154 3667 162 3711 ι
179 3647 238 3711 scd
251 3645 363 3710 referri
377 3645 416 3707 ad
431 3651 523 3707 totam
540 3645 769 3714 narrationem,
795 3641 826 3705 in
841 3658 902 3723 que
948 3647 1096 3712 Divinitas
1111 3655 1214 3712 autern
1231 3653 1279 3712 est
1293 3645 1477 3712 verissimus
1495 3645 1661 3712 thesaurus
1677 3645 1818 3710 omnium

29 3749 92 3811 Der
115 3730 355 3797 similitudinem
381 3730 613 3792 demonstratur
638 3727 684 3790 tit
708 3727 745 3790 td
762 3727 901 3806 bognum
949 3731 1115 3806 bonorum,
1133 3738 1163 3795 et
1184 3737 1333 3796 neretum
1349 3735 1513 3812 antiquus,
1530 3731 1665 3796 utnulla
1681 3727 1751 3793 eius
1767 3743 1817 3792 er·

30 3818 210 3882 caelorum:
226 3821 258 3878 ct
272 3814 441 3892 aliquando
456 3812 559 3892 ipsum
574 3811 715 3892 Regnum
732 3812 901 3875 caelorum:
949 3821 1013 3878 tare
1029 3817 1129 3896 possit
1142 3815 1306 3890 memoria,
1322 3831 1392 3879 cour
1409 3815 1450 3879 sit
1466 3822 1627 3888 aeternus,
1645 3817 1676 3878 et
1690 3812 1814 3877 saecula

33 3906 105 3966 siue
122 3899 270 3965 coelestis
282 3898 381 3978 Regni
397 3896 623 3959 beatitudinem
639 3895 775 3959 describi
790 3895 905 3958 obsco·
948 3898 1051 3964 omnia
1069 3899 1286 3978 praecesserit:
1312 3915 1416 3977 neque
1439 3899 1601 3964 dominum
1623 3897 1733 3962 hebuit
1749 3913 1816 3960 um·

32 3986 117 4058 rius,
134 3983 303 4064 aliquando
318 3982 448 4057 clarius,
464 3979 634 4060 aliquando
648 3981 736 4043 nullo
752 3981 845 4044 motio
861 3983 904 4042 at·
949 3999 1042 4064 quarn
1059 3983 1111 4046 hic
1126 3984 1239 4064 ingens
1253 3983 1506 4056 thesaurus,cum
1523 3981 1593 4064 ipse
1609 3981 1650 4046 sit
1663 3981 1817 4046 Dominus

32 4071 129 4149 tingi.
145 4065 315 4145 anlicabo
330 4065 452 4145 singule
469 4063 607 4126 membra
623 4063 798 4128 divisionis.
948 4066 1166 4130 omniumsed
1183 4071 1285 4128 tamen
1302 4067 1340 4128 ad
1356 4067 1406 4129 ius
1422 4065 1646 4131 inuenientium
1664 4065 1818 4129 accedere

78 4153 158 4218 Cum
173 4150 327 4214 Dominus
343 4151 427 4228 apud
448 4148 633 4211 llatthacurn
657 4148 804 4230 proponit
817 4161 906 4228 pera·
950 4149 1149 4230 dicitur,quia
1164 4151 1234 4228 ipse
1248 4149 1385 4228 libenter
1400 4149 1434 4213 se
1450 4152 1544 4213 dunat
1559 4151 1599 4214 iis
1615 4150 1668 4228 qui
1682 4147 1816 4212 uenditia

31 4237 143 4301 bolam
165 4238 205 4296 de
221 4233 419 4308 seminante,
442 4231 567 4310 (llottb.
580 4231 649 4313 lt.)
670 4231 822 4296 describit
842 4231 905 4294 iro·
949 4233 1096 4297 omnibus
1112 4250 1184 4296 euru
1212 4234 1375 4312 acquirere
1401 4239 1554 4314 satagunt.
1578 4232 1700 4302 Dicitur
1714 4235 1818 4295 autem

33 4328 138 4398 ctum,
152 4333 246 4398 quem
263 4318 343 4397 perit
356 4315 542 4396 Drangeltca
558 4317 748 4396 praedicatio
759 4315 841 4378 iuxta
857 4329 907 4376 ua·
950 4317 1165 4391 absconditus,
1183 4323 1337 4394 tamquam
1351 4316 1382 4379 in
1399 4333 1472 4398 agro
1485 4318 1644 4392 delesses,
1661 4315 1693 4383 in
1709 4315 1818 4379 burne·

33 4407 101 4468 rias
118 4411 220 4466 terrac
235 4399 471 4482 dispositioncs,
487 4405 517 4463 et
533 4399 593 4463 boc
614 4406 702 4464 uocat
722 4398 904 4480 mysterium
951 4403 1045 4464 nitate
1061 4399 1187 4464 Christi:
1201 4403 1274 4481 quia
1290 4399 1430 4478 quamuis
1446 4401 1591 4464 diuinitas
1613 4401 1654 4464 sit
1675 4399 1816 4478 ubique,

33 4487 138 4568 Regni
149 4486 218 4550 Deir
234 4486 291 4549 sed
307 4485 347 4547 de
361 4484 555 4548 beatitudine
571 4483 753 4547 Sanctorum
770 4481 848 4545 nihil
860 4483 906 4544 di·
949 4488 1054 4560 tamen
1070 4500 1222 4562 nusquam
1238 4483 1338 4564 magis
1354 4485 1501 4563 proprie,
1526 4499 1619 4565 quum
1644 4483 1676 4546 in
1698 4479 1813 4546 christi

34 4573 90 4636 cit.
109 4570 187 4636 Cum
198 4585 272 4634 uero
287 4568 371 4632 idem
388 4567 539 4630 Dominus
554 4568 584 4630 in
600 4568 711 4630 eodem
727 4567 798 4630 icoo
818 4565 905 4629 addit
951 4567 1153 4642 humanitate,
1170 4567 1221 4630 cui
1238 4567 1284 4629 sic
1301 4566 1460 4641 ostholta,
1485 4573 1519 4630 ut
1540 4585 1603 4631 una
1618 4579 1753 4645 persona
1777 4565 1819 4629 sii

33 4655 217 4736 parabolam
230 4653 270 4718 dc
284 4649 407 4716 aiaaniis
424 4696 432 4727 ,
452 4651 573 4731 attingit
585 4651 717 4714 breviter
729 4648 905 4713 felicitatem
951 4652 1035 4715 Deus
1051 4657 1081 4714 et
1096 4652 1201 4714 honio:
1218 4649 1318 4724 Quare
1341 4644 1509 4730 Apostolus
1532 4651 1617 4715 dicit:
1641 4649 1725 4714 Deos
1748 4651 1820 4714 crat

36 4741 239 4812 Sanctorum,
257 4753 326 4800 cum
342 4734 440 4812 dicit,
454 4735 588 4798 triticum
603 4736 855 4814 congregandum
872 4732 905 4796 in
950 4736 987 4798 ι·ιι
1005 4733 1129 4798 Christo
1143 4735 1307 4798 mundum
1320 4733 1541 4798 reconciliaris
1555 4734 1629 4798 sibi.
1643 4733 1817 4814 (henrici.

35 4826 189 4888 horreum
205 4820 349 4895 Domini,
373 4817 487 4882 sicania
504 4833 577 4882 roro
592 4818 748 4900 alliganda
769 4821 800 4881 in
816 4815 906 4880 lasci·
952 4815 1001 4902 5.)
1019 4824 1051 4882 ct
1065 4821 1206 4898 quamuis
1219 4831 1371 4897 nusquam
1385 4821 1432 4880 sic
1445 4819 1543 4898 magis
1556 4834 1647 4896 quaer
1661 4819 1693 4880 in
1706 4813 1821 4882 Christi

35 4909 132 4972 culos
148 4906 185 4969 ud
202 4903 462 4969 comburendum.
478 4901 540 4966 Sed
562 4919 633 4966 cum
655 4903 687 4966 in
711 4901 821 4965 eodem
836 4900 907 4965 locu
952 4901 1155 4979 humanitate,
1172 4907 1274 4964 tamen
1290 4901 1383 4963 sicin
1401 4916 1436 4964 ea
1450 4901 1611 4966 videbatur
1622 4899 1818 4979 abscondita,

36 4995 146 5056 namot
161 4989 326 5069 parabolas
341 4985 380 5050 de
395 4992 565 5064 quaerente
579 4986 680 5050 bones
702 4986 905 5065 murgeritas,
953 4990 987 5048 ut
1001 5001 1081 5064 opus
1096 4985 1187 5048 luerit
1200 4983 1359 5047 lucernam
1375 4985 1561 5062 accendere,
1579 5001 1660 5065 quae
1675 4986 1772 5047 Deum
1785 4984 1819 5047 in

37 5083 69 5141 et
84 5075 127 5140 de
140 5071 368 5138 interueniente
384 5072 563 5134 thesaurum
576 5069 607 5133 in
622 5085 731 5149 campo
744 5067 907 5132 abscondi·
957 5065 1078 5134 Ghristc
1100 5069 1337 5131 demonstraret.
1361 5065 1401 5131 lia
1419 5068 1545 5131 lucerne
1569 5085 1596 5133 s.
1613 5068 1750 5132 ioannes
1765 5067 1821 5131 Ba·

38 5167 117 5236 ium,
135 5159 198 5223 ium
213 5157 329 5221 clarius
340 5158 498 5233 comperet
508 5153 647 5236 Regnum
661 5153 817 5217 caelorum
830 5167 909 5217 mar·
954 5153 1047 5232 ptista
1059 5151 1127 5232 iuit;
1145 5154 1210 5230 qui,
1226 5158 1259 5215 ut
1274 5151 1382 5213 scribit
1394 5149 1579 5229 S.ioanncs‚
1599 5158 1671 5217 erat
1682 5153 1820 5218 lucerne

39 5249 161 5327 garitae
178 5248 208 5304 et
223 5242 382 5304 thesauro.
398 5239 499 5316 etque
514 5239 607 5305 buius
623 5236 705 5301 tertii
720 5237 848 5317 generis
862 5237 910 5299 in·
954 5238 1077 5301 ordecs
1089 5243 1120 5298 et
1134 5235 1265 5300 itureos:
1281 5231 1394 5381 broco.
1412 5233 1459 5314 5.)
1483 5240 1512 5297 et
1535 5235 1574 5298 de
1590 5253 1652 5316 nuo
1668 5233 1820 5316 praedixit

40 5327 134 5392 uenio
147 5339 202 5388 sex
216 5329 333 5386 tantum
349 5321 431 5386 inter
445 5321 608 5401 pnraboies
620 5321 743 5387 Domini
757 5335 850 5384 unam
866 5321 906 5383 de
954 5319 1049 5382 David
1071 5320 1103 5381 in
1121 5333 1270 5398 persona¹
1308 5320 1336 5382 ei
1360 5319 1470 5382 Petris.
1498 5317 1623 5385 Pcrcui
1650 5321 1820 5386 lucernam

39 5411 192 5476 thesauro
203 5405 388 5471 abscondito
403 5404 436 5468 in
448 5420 533 5487 agro,
550 5407 675 5470 aiteram
691 5406 730 5468 de
745 5407 908 5484 margarita
957 5402 1079 5468 mutato
1095 5414 1179 5466 meo.
1202 5402 1304 5480 (Psoi.
1322 5398 1410 5483 132.)
1431 5401 1565 5467 Ioannes
1583 5403 1665 5468 enim
1682 5401 1818 5482 baptiste

40 5495 195 5576 pretiosa,
212 5493 333 5556 tertiam
348 5490 387 5553 de
400 5489 529 5552 denario
551 5489 688 5567 diurno,
711 5493 850 5569 quartam
866 5486 907 5550 de
955 5485 1108 5550 christun
1127 5487 1354 5560 manitestarit‚
1371 5503 1408 5549 ac
1422 5501 1494 5550 rere
1510 5485 1607 5550 Deum
1623 5487 1679 5552 Dei
1701 5485 1815 5552 Filium

42 5580 173 5644 dominc
196 5573 402 5639 distribuente
425 5573 561 5649 talanta,
584 5575 722 5652 quinum
744 5573 784 5638 de
807 5583 905 5635 cocnu
955 5570 1149 5651 unigenitum
1166 5571 1319 5644 ostendit,
1336 5585 1405 5632 curn
1431 5569 1484 5634 aii:
1506 5569 1609 5635 Deum
1623 5585 1718 5635 nemo
1733 5569 1819 5634 uidit

43 5679 170 5746 magna,
187 5665 304 5724 sextam
320 5657 360 5722 de
375 5657 505 5736 nuptiis.
521 5655 642 5733 Quibus
654 5656 806 5720 addemus
827 5654 906 5720 duas
953 5669 1127 5737 umqucmr
1141 5655 1332 5736 ccipertitrtc
1346 5651 1463 5727 ritioc,
1480 5653 1540 5736 qut
1554 5659 1600 5718 cut
1612 5653 1650 5718 ιἰι
1663 5655 1742 5720 duc
1755 5653 1816 5718 Por

44 5743 272 5815 similitudines
286 5757 323 5808 cs
337 5740 508 5824 apostolo,
530 5756 624 5808 unem
648 5740 689 5808 de
710 5739 906 5808 currentibus
955 5739 1025 5819 tric,
1041 5738 1112 5821 ipae
1126 5739 1305 5806 mensuit.
1321 5736 1432 5821 (icoc.
1444 5736 1535 5820 l.)et
1547 5751 1684 5806 rursum:
1702 5737 1764 5822 Qtti
1776 5737 1818 5807 de
