4056 6260
750 297 861 362 bleba
878 299 1036 364 'ibertus
1654 302 1708 366 293

13 441 126 518 arquet
143 435 287 520 cogitatio
303 441 333 501 et
348 435 437 502 timor
449 437 664 519 mortis,quam
680 441 768 501 vocat
781 437 862 504 diem
912 455 1006 503 mune
1021 439 1177 516 omuibus,
1195 437 1290 520 Regis
1306 437 1433 515 superni
1449 436 1596 501 laudatio.
1622 438 1680 504 llic
1695 442 1778 508 euim

14 521 174 602 nitionis3
198 539 287 600 quam
303 537 411 586 omues
427 540 497 586 curn
514 523 623 586 timore
649 528 730 586 tanto
756 539 864 602 exspe·
912 525 1036 598 quidam
1053 525 1249 604 negotiamur
1265 530 1297 586 ιιι
1319 521 1478 584 lucrentur
1495 522 1662 601 pecunias3
1678 526 1731 590 alii
1744 536 1779 594 ιιι

13 612 91 675 tant.
112 613 147 668 ut
161 605 326 682 Apostolus
342 606 379 668 ad
402 605 560 671 Hebraeos
576 623 642 669 eam
659 613 746 670 vocet
768 610 865 670 oonti·
911 607 1078 685 dignitates
1094 609 1276 687 acquirent3
1300 605 1351 668 aiii
1367 605 1440 668 dant
1455 621 1580 687 operam
1597 607 1710 672 studiis
1723 609 1777 674 da·

15 705 91 751 uam
110 689 314 752 seruitutem:
338 691 447 752 mortis
462 692 543 752 enim
561 691 733 768 expectatio
749 708 864 753 amare·
911 691 1090 763 cirisacum,
1103 698 1137 754 ut
1152 693 1283 768 discam,
1301 692 1432 764 doceat3
1456 689 1507 751 atii
1525 689 1716 756 mechanicis
1731 710 1776 756 ar-

13 788 90 834 cere
108 773 183 834 iacit
199 789 309 835 omnes
321 772 414 836 huius
430 775 508 836 ritae
524 773 743 838 iocunditates.
767 773 862 854 (Heb.
911 774 1017 846 tibus,
1046 780 1078 836 ut
1104 782 1225 853 parent,
1243 791 1322 854 quae
1338 773 1460 836 suntad
1477 772 1566 833 eitam
1585 778 1776 842 necessaria.

15 858 38 934 .)
53 855 205 934 Denique
221 857 305 919 addit
320 855 570 936 Ecclesiasticus,
586 857 666 919 hanc
679 859 863 921 laboriosam
913 858 972 919 Sed
989 859 1020 920 in
1033 859 1083 919 ille
1097 860 1223 939 ragione
1237 859 1400 919 virentium
1418 862 1448 918 et
1460 854 1676 919 immortalium
1692 861 1777 923 nulia

13 939 236 1018 ocupationem
263 942 301 1000 ita
328 956 398 1003 esse
420 958 614 1004 communem
631 942 776 1004 omuibus
792 942 864 1004 tiliis
912 942 970 1002 erit
986 942 1101 1020 inopia,
1115 942 1197 1004 nulla
1214 941 1397 1021 ignorantia,
1416 939 1499 1000 nulla
1515 941 1697 1015 necessitas,
1715 960 1777 1005 am·

16 1031 78 1084 dae
96 1070 106 1099 ,
137 1031 170 1085 ut
185 1023 336 1100 pertineat
351 1027 387 1086 ad
412 1041 520 1087 omnes
544 1025 707 1096 homines,
733 1041 750 1087 a
766 1027 864 1104 priuro
911 1025 986 1089 bttio
1001 1026 1082 1087 nulla
1098 1073 1106 1100 ,
1132 1042 1241 1088 ornnes
1258 1031 1348 1087 erunt
1364 1029 1443 1084 statu
1457 1023 1612 1100 praesenti
1626 1029 1775 1101 contenti,

15 1122 100 1186 sque
115 1105 156 1170 ari
173 1108 336 1186 ultimum3
360 1108 398 1169 ab
415 1108 489 1181 iilo,
517 1108 569 1187 qui
596 1109 682 1170 sedet
706 1109 736 1169 tn
754 1110 863 1170 throno
911 1123 1013 1186 neque
1030 1109 1113 1169 uliud
1130 1110 1280 1188 optabunt
1294 1112 1345 1171 eut
1359 1107 1520 1184 requirent
1536 1106 1687 1184 amplius3
1705 1126 1774 1189 pro·

13 1190 160 1263 ublimis,
178 1198 209 1252 et
223 1196 323 1271 gestat
337 1207 492 1267 coronam,
517 1201 547 1254 et
569 1191 662 1253 utitur
677 1192 863 1270 hyacintho,
910 1192 984 1254 inde
997 1192 1049 1254 toti
1063 1199 1153 1254 erunt
1164 1190 1194 1254 in
1212 1189 1428 1254 summobono
1444 1187 1587 1261 truendo,
1604 1189 1775 1273 diligendo,

13 1291 104 1354 isque
121 1276 159 1336 ad
177 1290 268 1344 eum,
292 1276 344 1353 qui
360 1275 446 1338 bumi
461 1280 550 1344 tacet,
569 1282 599 1336 et
612 1275 704 1342 utitur
720 1276 783 1336 lino
799 1293 866 1338 cru·
911 1280 943 1337 et
957 1277 1109 1338 laudando
1126 1278 1247 1338 intenti.

13 1361 54 1422 to.
73 1357 179 1436 Atque
195 1359 225 1419 in
242 1359 291 1421 bis
306 1358 451 1421 omnibus
463 1363 535 1421 sunt
547 1358 689 1422 homines
702 1367 770 1436 post
785 1361 867 1421 auae
955 1361 1015 1422 sad
1032 1361 1137 1421 uideor
1151 1361 1225 1420 rnibi
1238 1358 1357 1432 audire,
1370 1355 1423 1436 qui
1435 1354 1699 1432 dieant.ollioium
1713 1359 1775 1425 iau·

13 1448 173 1504 receatum
188 1441 297 1505 bestiis
312 1443 457 1504 omnibus
473 1442 676 1504 infeliciores:
695 1443 811 1504 bestiae
827 1444 866 1504 si·
911 1442 1004 1504 dandi
1020 1439 1117 1505 Deum
1135 1442 1165 1505 in
1184 1441 1314 1512 Psalmis
1330 1446 1362 1503 et
1373 1439 1495 1521 hymnis
1511 1455 1547 1501 ac
1563 1441 1728 1521 praecipua
1742 1445 1775 1508 in

13 1527 130 1600 ,uidem
148 1527 215 1587 sine
230 1528 338 1588 timore
355 1529 468 1597 vivunt,
487 1541 588 1602 neque
603 1526 641 1586 de
658 1525 791 1588 crastino
808 1527 867 1588 sot·
911 1527 1002 1590 Horis
1019 1526 1178 1588 canonicis
1193 1521 1371 1598 recitandis,
1398 1538 1459 1584 nou
1475 1538 1580 1583 carere
1596 1525 1722 1602 labore,
1747 1536 1779 1590 et

13 1609 106 1670 tcitae
123 1617 207 1680 sunt,
225 1616 256 1671 et
271 1625 373 1687 neque
389 1610 587 1676 recordantur
612 1610 767 1685 praetenti
784 1611 865 1672 iabo-
913 1610 1102 1686 iatigatione:
1120 1627 1178 1672 nec
1194 1611 1306 1672 deesse
1326 1607 1376 1685 qui
1394 1620 1485 1686 grute
1501 1621 1581 1666 onus
1598 1607 1776 1685 impositum

17 1695 67 1766 is,
101 1708 205 1766 neque
231 1699 384 1773 anguntur
406 1695 620 1770 expectatione
635 1693 816 1772 tatarorum.
831 1691 869 1754 bt
913 1695 972 1756 sibi
990 1710 1061 1756 esse
1089 1701 1278 1773 querantur,
1306 1692 1388 1768 quod
1406 1695 1451 1750 tot
1465 1689 1556 1749 boras
1571 1694 1723 1754 cantando
1744 1693 1777 1756 in

13 1777 71 1838 deo
89 1777 217 1850 sapiens
231 1775 472 1840 Ecclesiasticus
488 1775 573 1851 dixit,
600 1777 657 1837 boc
674 1777 778 1853 iugum
796 1793 867 1838 esse
913 1777 1105 1852 Ecclesiiset
1119 1779 1216 1840 Deum
1231 1775 1385 1839 laudando
1398 1786 1583 1836 consumere
1600 1772 1776 1840 iubeantur.

17 1873 98 1936 uper
116 1858 197 1921 illios
212 1860 321 1928 Adam.
338 1869 399 1922 tom
416 1866 449 1922 ut
462 1859 641 1922 excluderet
656 1861 868 1936 bestias,quae
913 1861 1032 1934 Quibus
1058 1863 1307 1936 respondemus.
1338 1855 1547 1920 laudationem
1573 1854 1628 1918 Dei
1658 1857 1689 1919 in
1718 1861 1777 1922 boo

13 1943 122 2004 iberae
146 1943 272 2004 suntab
289 1945 348 2006 boc
363 1944 435 2021 iugc
450 1963 458 2019 3
487 1949 548 2004 turn
575 1948 606 2008 ut
622 1942 782 2017 indicaret,
798 1961 870 2005 cau·
914 1953 1053 2023 tempore
1070 1945 1211 2007 meritum
1228 1960 1310 2020 esse,
1330 1941 1360 2002 in
1378 1943 1436 2000 rita
1452 1945 1573 2000 aeterna
1591 1943 1775 2016 praemium:

13 2044 66 2086 tam
94 2023 189 2088 butus
214 2027 357 2090 miseriae
372 2025 468 2090 tuisse
491 2032 651 2104 peccatura
669 2027 799 2104 primum
817 2029 870 2088 bo·
914 2036 1005 2108 atque
1023 2031 1094 2091 hinc
1109 2028 1186 2098 lteri.
1202 2035 1234 2088 ut
1247 2029 1296 2088 hic
1309 2026 1435 2103 quidem
1451 2021 1654 2084 sitlaboriosa
1672 2027 1777 2089 multis

13 2110 98 2171 uinis
114 2110 219 2189 primi.
409 2105 413 2112 ’
915 2121 945 2174 ει
961 2113 1099 2184 molesta,
1115 2127 1192 2183 quae
1206 2111 1247 2172 tbi
1261 2113 1318 2170 erit
1331 2105 1624 2169 omnibusiucuuda
1637 2114 1667 2168 et
1681 2109 1775 2173 deco-

50 2193 136 2255 lttud
154 2201 255 2255 antem
271 2193 466 2258 estomnium
480 2192 685 2256 miserrimum
701 2192 752 2269 iis,
766 2193 818 2271 qui
832 2193 870 2256 ed
915 2213 947 2256 ra
964 2197 1110 2257 laudatio.
1121 2195 1205 2258 dunc
1220 2193 1312 2255 multa
1325 2190 1458 2269 tegimus
1473 2189 1518 2250 ιει
1532 2193 1683 2264 canimus,
1699 2208 1778 2272 quae

13 2278 180 2339 caelestem
197 2276 322 2339 domurn
340 2294 401 2340 oon
417 2279 564 2356 aspirant,
580 2277 664 2353 quod
686 2278 718 2338 in
735 2279 791 2340 hae
814 2279 870 2339 nita
917 2297 977 2342 non
991 2278 1202 2356 intelligimus:
1221 2283 1377 2353 praeterea
1396 2272 1426 2334 in
1443 2271 1605 2348 abigendis
1621 2273 1708 2338 ranis
1723 2291 1775 2338 co-

17 2377 113 2440 ugnm
131 2376 224 2438 grave
241 2361 352 2430 terunt.
377 2361 431 2424 sed
447 2361 570 2443 granius
587 2361 682 2422 multo
697 2362 778 2437 apud
795 2360 872 2423 inte·
918 2363 1138 2440 gitationibus,
1155 2360 1243 2436 quasi
1260 2358 1375 2422 muscis
1390 2355 1686 2430 importunissimis,
1715 2375 1778 2420 non

13 2460 55 2503 os
73 2443 248 2506 invenient.
266 2444 426 2522 Siquidem
444 2448 473 2506 in
490 2447 548 2506 baa
561 2444 616 2505 vita
632 2460 722 2507 nemo
736 2444 813 2506 tiber
825 2452 873 2506 εει
920 2446 1115 2509 mediocriter
1140 2444 1339 2507 laboramus:
1374 2437 1509 2516 denique
1536 2453 1670 2518 eorpus,
1696 2443 1779 2515 quod

13 2527 159 2605 alaburc,
175 2529 231 2590 sed
253 2543 321 2590 cum
346 2528 446 2604 aliquo
469 2527 679 2592 consolatione
695 2530 872 2591 coniuncto:
920 2531 1137 2607 corrumpitur,
1155 2545 1216 2589 nun
1233 2531 1334 2605 potest
1356 2521 1471 2585 diutius
1489 2522 1601 2581 mentis
1618 2521 1781 2586 lunationi-

14 2621 77 2672 rost
92 2613 174 2673 banc
187 2612 365 2690 ritamapud
379 2613 496 2674 interos
508 2613 594 2672 labor
605 2621 635 2672 ει
647 2611 734 2672 dolor
747 2615 873 2677 estsine
920 2616 979 2677 bus
995 2616 1061 2676 sine
1078 2613 1253 2692 irrigatione
1269 2607 1397 2672 sarrire.
1415 2609 1450 2665 bt
1466 2605 1494 2664 io
1511 2603 1599 2666 boatu
1617 2604 1666 2667 illa
1683 2610 1781 2686 patria

13 2697 229 2758 consulatione
255 2702 285 2755 ει
306 2695 436 2770 requie:
465 2699 495 2756 in
517 2695 581 2757 sola
599 2695 685 2754 beuta
701 2694 798 2756 Domo
821 2696 873 2758 bet
922 2715 1037 2774 corpus
1071 2697 1129 2760 erit
1155 2693 1327 2764 immortale
1349 2695 1380 2752 ει
1406 2687 1620 2767 impassibile,
1650 2688 1782 2753 aberunt

13 2777 140 2855 requies
156 2777 287 2840 estsine
303 2779 364 2840 ullo
376 2778 528 2846 laborem
543 2777 713 2839 consolatio
727 2777 795 2839 sine
811 2783 874 2839 ullo
921 2799 1046 2844 muscae
1059 2780 1194 2842 inanium
1208 2775 1438 2856 cogitationum,
1454 2771 1664 2850 intelligemus
1680 2774 1781 2835 omnia

13 2861 132 2924 lolorc.
152 2861 243 2923 ltecte
258 2861 350 2940 igitur
372 2862 453 2922 canit
475 2860 643 2938 Propheta,
669 2859 875 2926 Emuttabunt
921 2865 1169 2946 perfectissime,
1194 2872 1458 2940 quaecanemus:
1483 2859 1513 2914 ει
1527 2855 1609 2948 quod
1627 2860 1674 2916 est
1692 2859 1786 2933 potira

13 2944 126 3006 Sancti
139 2945 179 3007 in
201 2945 319 3025 glorio,
338 2945 551 3008 laetabuntur
565 2947 602 3007 in
617 2943 777 3007 cubitibus
792 2949 873 3008 suia.
922 2954 1047 3018 simum,
1064 2947 1141 3008 nihil
1158 2945 1213 3009 erit
1230 2943 1311 3006 aliud
1328 2941 1429 3007 divine
1446 2936 1593 3006 laudatio.
1610 2954 1700 3012 quem
1719 2941 1784 3001 icti·

13 3028 82 3104 [Pa.
102 3027 198 3104 tte.)
214 3031 358 3106 quoniam
369 3037 436 3090 'non
461 3028 658 3106 requiescent
673 3037 704 3090 ut
720 3027 875 3090 dormien-
921 3035 1021 3094 citatis
1033 3030 1224 3094 exercitatio:
1238 3023 1401 3105 proindesi
1416 3035 1477 3082 noa
1492 3020 1549 3082 erit
1562 3020 1691 3084 molesta
1704 3038 1785 3084 scm·

12 3120 81 3178 tes.
113 3113 167 3187 qui
190 3126 251 3173 non
274 3112 412 3173 sentiunt
437 3113 572 3191 quietern
590 3127 675 3173 suam
692 3129 701 3188 3
725 3112 779 3174 sed
805 3129 875 3173 cum
922 3120 1039 3194 pitorna
1057 3113 1196 3184 ieiicitas,
1212 3127 1313 3188 nequa
1328 3105 1455 3167 molesta
1472 3118 1543 3164 esse
1560 3107 1672 3178 poterit
1689 3111 1785 3168 aeter·

13 3195 204 3256 exultatione
218 3211 326 3274 magna
343 3194 552 3271 requiescent,
566 3195 702 3256 scientes
719 3202 747 3257 et
763 3211 876 3274 cogno·
922 3219 961 3262 na
980 3198 1125 3260 laudatio.
1139 3197 1214 3258 llsse
1228 3200 1329 3256 autem
1347 3192 1376 3250 in
1395 3186 1480 3250 caelo
1495 3185 1550 3249 Dei
1565 3186 1785 3264 laudationem,

13 3286 136 3340 scentes
152 3294 222 3340 cum
239 3286 361 3342 aeterna
379 3280 543 3356 gratiarum
559 3279 679 3340 actione
696 3278 810 3339 bonum
835 3277 878 3342 ie·
925 3281 1123 3346 beatitudinis
1139 3277 1402 3346 «exercitationem,
1426 3270 1517 3332 docet
1532 3268 1706 3346 Propheta,
1733 3277 1786 3350 qui

12 3360 183 3423 licissimae
199 3361 323 3439 quietis,
340 3361 379 3424 ab
391 3365 473 3423 omni
488 3362 605 3434 labore,
623 3362 739 3432 ιιοιοιε,
756 3372 874 3440 trinorc,
922 3369 984 3430 air:
1007 3367 1101 3428 Beati
1116 3365 1172 3442 qui
1187 3360 1335 3424 habitarat
1349 3358 1388 3420 in
1401 3354 1501 3416 Domo
1517 3357 1597 3426 tua,
1629 3351 1786 3430 Domine,

13 3446 168 3513 molestia,
186 3445 400 3522 pertubatione
416 3446 605 3508 liberrimae.
626 3443 764 3506 Proiecto
782 3446 807 3506 si
831 3445 877 3506 ni·
922 3450 1103 3514 insaecula
1118 3447 1324 3508 saecolorum
1339 3436 1576 3532 raaaabomtc.
1592 3433 1703 3516 (Psal-
1717 3437 1790 3518 46.)

13 3528 53 3588 hil
71 3533 159 3590 esset
174 3527 256 3590 aliud
272 3527 303 3589 ἱιι
319 3527 416 3591 Domo
434 3529 576 3600 Domini,
605 3527 663 3588 nisi
681 3527 736 3589 ista
765 3531 879 3604 sempl·
925 3534 1109 3596 sicutenim
1125 3531 1161 3592 ad
1184 3526 1406 3590 beatitudinem
1431 3525 1576 3614 pertinet,
1601 3535 1726 3598 semper
1748 3521 1790 3583 ri-

16 3621 98 3672 terna
117 3611 254 3689 requies,
274 3628 376 3674 nonne
400 3611 491 3690 digna
508 3617 615 3678 esset,
639 3627 717 3689 quae
733 3614 877 3676 omnibus
925 3621 999 3678 dere
1026 3625 1054 3677 et
1078 3629 1179 3676 amara
1202 3625 1355 3674 summum
1376 3607 1517 3678 bonum;
1541 3609 1646 3697 srcad
1660 3605 1790 3697 ‘exerei-

20 3696 108 3754 hutus
126 3696 204 3756 ritae
222 3693 380 3757 laboribus
396 3695 575 3758 emeretur?
597 3693 633 3754 tlt
649 3696 673 3754 si
698 3695 778 3770 apud
801 3695 876 3756 inic-
926 3704 1000 3762 tium
1020 3697 1218 3760 ineatitudinis
1232 3693 1508 3770 pertinet,semper
1523 3687 1667 3771 admirari
1685 3694 1714 3747 at
1726 3686 1791 3751 lau-

19 3795 64 3838 ros
81 3785 271 3838 tormentum
288 3794 350 3840 non
372 3785 457 3842 esset
471 3780 553 3841 aliud
570 3778 628 3839 nisi
645 3774 831 3854 sempiterna
848 3785 879 3841 et
927 3788 998 3846 dare
1016 3779 1274 3862 pulchritudinem
1291 3773 1402 3836 summi
1419 3769 1507 3832 boni.
1532 3769 1566 3828 tlt
1588 3770 1791 3864 quemadmo·
1867 3831 1872 3838 ,

19 3861 183 3936 irrequieta
200 3862 321 3940 uigilia,
349 3879 452 3926 nonne
468 3864 559 3941 digna
576 3867 670 3934 esset,
689 3877 765 3936 quae
781 3863 881 3924 cumi
928 3870 999 3931 darn
1018 3883 1109 3926 nemo
1126 3859 1301 3938 latigabitur
1324 3858 1420 3920 tlcuna
1445 3852 1599 3916 amando.
1628 3869 1674 3913 sto
1700 3855 1791 3915 etiam

20 3945 73 4006 bus
91 3945 186 4007 buius
202 3947 278 4006 ritae
309 3943 431 4006 diurnis
453 3946 673 4021 nocturnisque
688 3945 878 4008 orationibus
927 3969 1018 4012 namo
1036 3949 1210 4026 litigabitur
1226 3944 1326 4005 Deum
1342 3935 1507 3999 laudando.
1524 3933 1611 3995 hilda
1628 3941 1711 4011 quod
1729 3952 1790 3998 nou

22 4035 47 4088 ct
61 4027 189 4089 fletibus
206 4028 433 4094 redimeretur?
456 4027 544 4090 Certe
567 4030 649 4089 enirn
674 4045 764 4102 qoam
788 4029 878 4091 dulce
928 4037 1028 4095 scium
1046 4050 1106 4093 non
1124 4028 1318 4104 latigahimur
1335 4022 1467 4084 ridendo
1482 4023 1512 4079 ει
1525 4018 1679 4079 laudando
1696 4035 1792 4095 opera

23 4111 140 4173 Sanctis
158 4109 227 4186 erit,
244 4111 273 4172 iu
292 4113 372 4174 exitu
390 4111 429 4173 de
445 4113 503 4174 boc
526 4109 650 4175 sanato
667 4111 770 4192 ¹ridere
788 4109 880 4174 finem
928 4119 994 4186 itai,
1013 4132 1092 4193 qnae
1108 4112 1208 4172 onrnio
1226 4123 1350 4186 semper
1365 4106 1397 4166 in
1413 4109 1583 4178 conspectu
1601 4102 1741 4172 aderunt,
1761 4110 1792 4163 et

22 4195 133 4258 laboris
163 4201 194 4257 et
218 4195 359 4256 doloris:
385 4204 444 4256 tam
472 4197 530 4257 erit
551 4211 685 4256 amururn
711 4195 824 4273 iniquis
851 4198 881 4256 in
928 4199 1191 4280 pulchritudinem
1209 4209 1294 4254 sumn
1309 4189 1450 4250 eximiam
1468 4199 1592 4280 semper
1614 4184 1790 4247 ostendent:

22 4281 98 4342 exitu
116 4277 211 4340 simili
238 4295 377 4348 eernere,
396 4279 512 4340 nuliam
532 4279 683 4354 deinceps
698 4278 881 4353 sperandam
929 4304 986 4346 nea
1002 4283 1128 4346 laudare
1143 4277 1314 4356 poterimus
1330 4286 1423 4350 opera
1447 4268 1516 4337 Det,
1535 4266 1663 4344 pulchra
1680 4267 1789 4342 ratde,

24 4378 89 4422 asse
115 4366 254 4440 requiem
283 4362 421 4423 laborum
450 4371 541 4440 atque
567 4360 719 4423 dolorum.
738 4358 881 4422 Ultimum
929 4369 1002 4446 quin
1020 4366 1111 4427 simul
1128 4363 1290 4424 laudemus
1316 4357 1478 4418 Auctorem
1496 4365 1624 4428 operum
1642 4350 1789 4448 litorum,

26 4444 207 4506 terribilium
226 4444 337 4508 dieitur
353 4462 423 4506 csse
440 4462 534 4506 murs:
552 4453 581 4506 ct
598 4452 698 4505 tameo
716 4445 786 4518 arria
803 4461 895 4507 mors·
929 4453 1009 4528 qnae
1024 4463 1148 4524 semper
1160 4442 1346 4512 clamabunt,
1360 4438 1430 4516 lpse
1441 4436 1585 4528 reclinas
1598 4438 1626 4528 et
1640 4448 1794 4529 oon-apsa

25 4529 158 4608 requiem
176 4527 311 4606 aliquam
327 4528 440 4590 habere
464 4529 605 4599 uidetur,
633 4526 701 4588 ideo
720 4527 883 4589 miserrimi
930 4551 1001 4598 aas,
1019 4531 1159 4606 lienique
1175 4530 1255 4590 sicut
1278 4538 1446 4600 numquam
1463 4519 1603 4612 oblivisci
1620 4525 1793 4614 poterrmus

26 4613 77 4688 illi,
94 4613 146 4688 qui
161 4615 198 4671 ad
216 4612 331 4673 interos
347 4611 551 4682 descendent,
567 4615 724 4688 quaerent
737 4619 883 4684 mortem,
930 4617 1174 4685 beneficiorum,
1202 4609 1316 4687 quibus
1333 4622 1389 4666 nos
1406 4604 1489 4665 Deus
1506 4600 1629 4695 obruit,
1651 4606 1685 4694 'et
1700 4617 1791 4697 quast

27 4695 311 4759 elnoniaoem'eot
327 4711 421 4756 earn:
446 4705 474 4757 ει
489 4693 721 4768 desiderabunt
743 4696 839 4764 mori,
857 4701 886 4756 et
931 4703 1021 4765 nodis
1037 4697 1150 4761 amoris
1175 4690 1397 4756 insolubilibus
1420 4687 1583 4747 adstrinxit
1597 4701 1618 4780 ;Ι
1633 4698 1678 4779 sto
1701 4687 1793 4778 etiarn

27 4777 274 4858 inpietmorsob
288 4781 345 4842 cte.
360 4773 662 4860 (Apoa.9.)1taque
676 4780 809 4839 carentia
823 4794 887 4839 om·
932 4803 993 4846 nnn
1009 4780 1179 4862 poterimus
1194 4793 1255 4839 non
1272 4787 1396 4849 semper
1417 4768 1528 4832 animis
1544 4772 1727 4862 gratrssrmrs
1749 4784 1795 4829 ru·
1887 4773 1890 4782 '

29 4863 71 4924 nis
83 4863 198 4938 quictis
209 4867 332 4941 granius
344 4860 529 4923 iudicabitur
543 4861 668 4930 maium,
683 4877 773 4937 quarn
790 4864 828 4922 sit
843 4863 885 4923 ul·
931 4870 1027 4930 hilara
1043 4869 1073 4927 in
1089 4862 1233 4926 laudibus
1249 4857 1356 4935 optimi
1371 4853 1591 4917 Beueleotorts·
1654 4935 1660 4947 Ι

31 4947 130 5007 ιιιιιιιιιι
148 4943 345 5009 terribilium.
361 4943 399 5005 Ει
414 4952 514 5012 tamen
538 4951 617 5006 tanta
635 4949 683 5006 est
697 4943 728 5004 in
745 4945 804 5006 boc
820 4961 887 5006 sae·
975 4949 1201 5014 concludamus
1217 4942 1308 5021 igitur
1323 4957 1393 5002 cour
1410 4943 1517 4999 saneto
1535 4933 1728 5030 Augustino,
1752 4940 1795 4996 al·

32 5030 97 5090 culo
120 5027 295 5090 mortalium
319 5027 451 5089 caecitas
468 5074 475 5096 ,
500 5032 532 5090 ut
552 5043 607 5106 pro
633 5027 728 5088 nihilo
751 5028 885 5102 ducant,
934 5051 993 5109 qna
1010 5035 1170 5094 dicamus:
1198 5026 1281 5104 Qaaid
1296 5023 1392 5086 aliud
1407 5023 1581 5100 ageretur,
1608 5017 1666 5113 aba
1683 5032 1793 5114 nequae

31 5111 163 5186 requiem
187 5113 406 5184 Sbffivilelssiffl
431 5111 591 5184 amittere,
617 5117 646 5170 θῑ
668 5113 704 5170 ³1¹
728 5111 827 5172 ¹00¹lsst
852 5113 888 5173 il·
933 5121 1005 5182 ullo
1020 5115 1147 5179 desidia
1162 5110 1359 5176 cessabitur.
1386 5119 1493 5178 raeque
1517 5101 1586 5164 ulio
1612 5100 1796 5196 radipeataa

32 5196 88 5258 lum
106 5196 309 5269 descendere,
324 5196 375 5257 ubl
389 5194 541 5272 supplicia
561 5193 696 5272 requiem
710 5193 823 5258 nullam
837 5196 888 5258 ed·
936 5197 1165 5264 laborabitur?
1187 5196 1259 5272 lpse
1282 5191 1365 5254 Deras
1386 5187 1459 5250 linis
1476 5188 1535 5248 crit
1557 5185 1796 5279 essedariorum

33 5281 156 5341 mittent.
933 5292 1133 5349 aberrarem,
1151 5296 1207 5358 qm
1222 5279 1293 5338 sine
1308 5274 1372 5350 fine
1387 5269 1558 5343 uidebitur,
1575 5268 1647 5329 sine
1661 5265 1794 5341 foebam

389 5378 471 5443 ctu.
487 5378 523 5441 V.
657 5369 661 5376 ’
936 5367 1111 5432 curabitur.
1129 5366 1201 5425 sine
1215 5359 1407 5438 fatigatione
1431 5353 1630 5415 laudabitur.
1647 5350 1711 5410 Hoc
1727 5365 1797 5410 mu·

333 5467 337 5475 '
620 5495 626 5510 ·
935 5451 1066 5528 auchie
1078 5445 1221 5527 affectus,
1239 5442 1290 5504 bic
1306 5448 1395 5502 cottas
1406 5435 1546 5534 proiecta
1558 5430 1795 5531 erit-omnibus,

279 5493 324 5558 De
339 5493 420 5576 “ula
434 5494 553 5557 D⁰mu⁸
567 5494 637 5557 Dm·
935 5537 1105 5608 sicutipse
1129 5530 1196 5592 aito
1218 5534 1351 5588 aeterna
1373 5536 1566 5582 cornorums.
1582 5517 1631 5581 Iba
1653 5531 1727 5588 erqo
1742 5531 1797 5576 oa·

70 5611 196 5674 Restant
223 5610 289 5671 toea
317 5609 347 5670 in
364 5608 456 5670 domo
479 5608 611 5686 negotiis
627 5610 717 5672 uariis
733 5613 889 5688 deputata.
938 5620 1083 5683 achimus
1099 5622 1128 5675 ει
1141 5611 1334 5676 uidebimus,
1357 5606 1539 5668 uidebimus
1555 5608 1584 5662 ει
1599 5597 1796 5671 amabimus,

34 5693 92 5757 Sed
113 5695 144 5756 tn
160 5693 258 5756 D0m0
282 5694 331 5754 illa
350 5694 544 5762 britannum
562 5694 618 5753 crit
632 5694 790 5775 negotium
807 5713 890 5757 oom-
938 5701 1124 5766 amabimus
1140 5703 1169 5758 ει
1184 5691 1407 5756 laudabimus.
1420 5687 1501 5750 Ecce
1514 5683 1600 5764 qnod
1612 5681 1671 5746 erit
1682 5684 1720 5744 io
1734 5680 1801 5758 {inc

104 5795 262 5853 Bructerum
276 5793 336 5851 Vol.
352 5793 396 5850 tt.
1546 5783 1580 5838 38
