4056 6260
298 265 353 330 aar
884 233 1353 328 uuauuunuaumrnmuru

227 401 396 484 lpse'enim
413 407 565 468 eatroerue
576 403 671 478 Dens,
696 406 725 468 et
744 403 811 467 uita
832 407 974 476 oetemn,
992 408 1069 469 teste
1112 405 1194 470 heus
1208 402 1361 484 ipserelit
1374 415 1446 466 esse
1461 398 1791 478 coronaeircumdans,
1803 413 1920 464 ornans
1936 402 1970 461 et

227 489 337 553 Sancto
358 487 488 566 loanne;
511 487 615 572 (loun.
632 487 677 564 a.)
697 487 779 566 quod
802 490 868 567 ipse
891 504 1014 565 quoque
1029 489 1073 552 si,
1113 487 1285 572 gloritlcans
1301 487 1398 568 capita
1411 485 1526 551 residui
1543 485 1649 567 populi
1664 483 1759 558 solid
1775 490 1832 556 est,
1848 498 1967 562 pauco·

226 572 401 653 gallicarii,
422 589 490 636 cum
507 577 559 636 ait:
575 574 641 652 ligo
656 587 728 634 snm
749 573 821 644 oin,
846 579 875 634 et
894 575 1024 646 ueritas,
1041 577 1070 636 et
1112 593 1179 639 rum
1194 575 1313 636 illorum
1331 573 1370 636 de
1382 571 1496 652 populo
1511 587 1580 646 suo,
1604 572 1656 648 qni
1672 569 1766 632 tortos
1778 568 1810 628 in
1824 566 1908 630 bello
1926 566 1972 629 ri·

225 657 303 719 aito.
321 650 427 738 (loon.
444 653 510 739 ll.)
525 656 596 735 lpse
612 657 693 718 enim
711 663 742 718 ut
756 655 866 719 ueritas
890 672 947 718 nos
963 656 1068 730 ducit,
1113 659 1238 724 ctoriam
1255 655 1486 736 reportaverint.
1503 654 1588 722 Nam.
1606 658 1640 715 ut
1663 667 1757 731 saepe
1772 650 1907 714 diximus
1929 665 1972 712 ex

226 745 260 804 ut
274 739 320 802 uia
336 755 393 819 per
406 756 441 803 se
452 741 588 812 adducit,
604 746 635 804 ut
650 740 707 804 rita
723 739 760 802 ad
776 754 809 802 se
826 740 976 817 perducit.
989 739 1069 804 Nihil
1114 741 1308 817 testimoniis,
1325 740 1560 818 scripturarum,
1576 736 1754 800 Mollierant
1766 735 1871 801 uocotr·
1881 750 1970 814 pnn-

225 825 317 906 igitur
333 824 437 886 utilius
451 825 489 884 ad
506 823 640 886 bravium
667 823 867 885 obtinendum
894 830 962 896 est,
979 839 1069 900 quam
1115 829 1145 891 ci
1159 843 1235 890 uero
1250 826 1352 889 electi:
1370 831 1400 887 et
1416 829 1497 885 tanto
1519 822 1576 886 erit
1592 820 1737 883 illustrior
1759 834 1874 882 corona
1889 817 1970 881 San·
2020 861 2021 888 ,

225 911 265 970 ab
281 910 347 988 ipsu
363 907 467 970 bruvio
482 908 588 970 oculos
604 923 768 987 numquam
781 906 1069 981 deflectere,etcum
1114 919 1232 974 ntorum
1248 909 1279 972 in
1295 908 1345 973 die
1359 907 1474 983 iudicii,
1492 912 1604 988 quanto
1619 902 1816 984 pautioribus
1827 902 1880 966 illa
1893 917 1971 966 eon·
2020 941 2021 968 r

224 989 377 1071 Propheta
393 991 675 1072 dicereqdcnlimei
688 1007 813 1071 semper
827 994 872 1056 cd
886 992 1069 1056 hominnm.
1115 997 1223 1074 tinget.

226 1075 292 1157 (Ps.
308 1074 375 1156 at.)
397 1073 455 1153 Qui
471 1076 551 1156 euim
569 1077 684 1138 unitum
703 1077 795 1138 habet
821 1078 943 1140 oculum
966 1076 1071 1140 cordis
1155 1078 1322 1142 videamus
1337 1091 1431 1154 nuno,
1447 1074 1478 1137 in
1495 1089 1555 1153 quo
1570 1086 1670 1154 agone
1685 1069 1863 1136 certandum
1876 1067 1972 1164 nobis

226 1177 295 1222 eum
312 1159 427 1230 bravio,
446 1174 507 1220 non
522 1159 604 1222 ridet
617 1175 676 1222 nec
690 1161 774 1223 audit
788 1161 862 1240 quid
874 1160 1072 1224 circumstan·
1116 1163 1167 1238 sit,
1184 1161 1301 1241 etquid
1317 1175 1373 1223 nos
1389 1161 1490 1222 iacere
1504 1162 1653 1236 oporteat,
1671 1162 1704 1218 ut
1718 1153 1873 1218 uictoriam
1889 1153 1973 1216 ebtt·

226 1251 274 1307 tes
289 1243 391 1306 dicant
406 1249 457 1305 aut
471 1242 592 1314 iaciant,
609 1244 674 1306 sire
687 1244 808 1308 rideant
823 1247 887 1310 sive
901 1244 1070 1308 irrideant:
1117 1263 1258 1311 neamus.
1273 1246 1311 1322 El
1324 1259 1399 1308 sane
1414 1241 1603 1305 atrocissima
1619 1257 1721 1320 pugna
1733 1245 1791 1315 est,
1805 1246 1835 1302 et
1846 1237 1973 1318 pericu·

226 1343 286 1390 nou
303 1334 388 1389 curat
403 1327 529 1388 aliorum
542 1326 654 1390 iudicia
668 1375 675 1402 ,
691 1327 756 1390 sire
772 1329 898 1392 iaudent
918 1333 982 1392 stre
997 1329 1072 1392 ritu·
1117 1331 1271 1394 losissima
1299 1326 1496 1404 colluctatio,
1513 1341 1602 1405 quam
1619 1323 1724 1387 inituri
1738 1338 1863 1400 sumus;
1881 1335 1973 1402 prae·

224 1418 347 1490 perenn
364 1416 478 1472 etcum
493 1410 642 1489 Propheta
659 1411 744 1473 dicit:
765 1411 885 1476 Foetes
898 1429 971 1477 snm
990 1414 1074 1475 sient
1116 1416 1222 1478 sertim
1237 1415 1263 1477 si
1279 1417 1471 1492 comparetur
1485 1409 1522 1472 od
1538 1414 1704 1485 conmmen,
1717 1407 1749 1470 in
1763 1423 1827 1487 quo
1843 1411 1973 1497 conten3

224 1495 319 1558 homo
340 1510 410 1558 nrin
430 1494 569 1557 audiens
590 1493 655 1576 (Ps.
672 1493 739 1568 dl.)
761 1505 790 1559 et
812 1513 880 1558 cum
904 1498 1070 1576 Apostolo:
1117 1499 1194 1562 dunt
1208 1501 1238 1560 iu
1255 1499 1344 1560 terris
1359 1494 1502 1558 homines
1515 1493 1546 1554 iu
1563 1507 1662 1572 agone
1676 1538 1684 1566 ,
1698 1507 1753 1568 pre
1776 1487 1974 1569 corruptibili

224 1578 302 1641 illibi
314 1594 374 1658 pro
388 1578 525 1640 mimimo
540 1583 596 1651 est,
609 1586 680 1641 nto
700 1579 787 1642 uobis
800 1582 938 1655 iudicer,
960 1585 1018 1643 cot
1032 1578 1073 1642 ob
1117 1599 1240 1647 corona.
1257 1580 1403 1660 Loquitur
1417 1580 1501 1642 enim
1524 1576 1583 1640 boc
1598 1577 1665 1638 lone
1687 1574 1853 1655 Apostolus
1869 1574 1907 1636 de
1923 1572 1974 1634 lu·

224 1662 370 1725 homone
386 1661 448 1724 die.
466 1658 511 1743 (l.
531 1660 600 1724 Gor.
617 1657 663 1744 l.)
679 1669 708 1724 et
724 1671 880 1740 praeterea
897 1681 958 1743 quo
975 1664 1072 1744 magis
1118 1667 1203 1728 dioro
1218 1666 1407 1738 certamine,
1434 1677 1494 1740 quc
1521 1661 1551 1722 in
1576 1659 1692 1722 theatro
1708 1657 1884 1739 pugnabant
1899 1670 1974 1736 spe·

225 1748 434 1826 propinquat,
459 1761 496 1808 eo
512 1746 622 1808 melius
649 1749 888 1826 magnitudinem
916 1749 1075 1827 cognoscit
1118 1757 1218 1814 ctaute
1233 1748 1357 1828 populo,
1375 1745 1422 1808 vel
1438 1745 1676 1819 colluctatione,
1700 1745 1745 1806 ret
1764 1740 1972 1832 caelestibus.

224 1829 332 1894 bravii:
347 1846 424 1904 quae
439 1831 616 1908 magnitudo
631 1828 711 1892 uires
726 1830 821 1907 addit,
846 1836 875 1895 et
889 1831 958 1892 iacit
973 1836 1006 1892 ut
1019 1831 1074 1894 ho·
1117 1834 1171 1897 Isti
1186 1833 1276 1914 igitur
1290 1831 1447 1913 agonistae
1463 1828 1640 1908 pugnabant
1654 1841 1722 1889 eum
1736 1824 1915 1888 hominibus
1927 1839 1974 1918 st-

225 1929 297 1992 mo,
315 1914 452 1991 quamuis
468 1913 608 1992 inrigatus
621 1919 651 1974 et
666 1914 788 1986 lassus,
813 1931 936 1977 cursum
954 1931 1014 1976 non
1028 1916 1073 1977 in·
1118 1918 1148 1980 bi
1165 1917 1319 1979 similibus
1334 1963 1342 1992 ,
1360 1921 1391 1976 et
1404 1914 1496 1976 armis
1510 1911 1659 1992 paribus,
1678 1915 1708 1972 et
1724 1926 1781 1989 pro
1795 1923 1910 1971 corona
1927 1923 1973 1970 rr·

225 1996 574 2082 termittat.Quieumque
590 2011 662 2075 crgo
673 1997 709 2058 ad
724 1998 857 2062 caeleste
871 1998 1006 2061 bravium
1022 2000 1074 2060 ad·
1118 2001 1246 2070 lissima.
1264 2006 1293 2064 et
1308 1999 1366 2063 sub
1383 1996 1519 2072 periculo
1546 1993 1697 2058 irrisionis
1718 1994 1767 2057 uel
1782 1991 1975 2071 ignominiae

226 2082 332 2158 spirat,
348 2097 363 2142 a
378 2079 475 2142 stadio
490 2079 700 2142 mandatorum
716 2079 837 2144 Domini
854 2099 914 2144 non
927 2082 1071 2144 recedat:
1118 2085 1287 2164 popularis.
1302 2085 1339 2147 At
1360 2078 1523 2146 Christiani
1539 2077 1681 2142 homines
1696 2092 1834 2158 pugnare
1855 2077 1977 2140 debent

225 2170 327 2228 currat
340 2165 481 2226 ardenter
496 2170 526 2223 et
542 2169 796 2244 perseueranter,
824 2172 855 2228 et
876 2163 998 2229 Christo
1019 2181 1074 2245 per
1119 2185 1187 2232 eum
1203 2167 1357 2244 hostibus,
1382 2179 1459 2245 quos
1475 2180 1535 2225 non
1559 2162 1684 2238 vident,
1701 2167 1762 2223 eta
1779 2159 1893 2240 quibus
1909 2157 1975 2240 ipsi

224 2263 325 2310 veram
342 2246 436 2309 tidem
452 2253 482 2310 et
497 2247 674 2309 charitatem
689 2247 816 2326 unitus,
833 2249 871 2314 ab
886 2249 955 2330 ipso
970 2249 1074 2312 bravio
1117 2252 1271 2328 ridentum
1285 2259 1313 2314 et
1329 2252 1379 2329 qui
1397 2246 1531 2326 plurimi,
1548 2253 1578 2308 el
1593 2243 1762 2318 tortissimi,
1776 2252 1806 2305 et
1821 2245 1976 2308 astutissi-

225 2333 329 2396 cordis
345 2331 467 2396 oculum
481 2343 648 2409 numquam
662 2336 787 2396 auertat.
1119 2336 1161 2398 nti
1177 2343 1260 2407 sunt;
1277 2341 1308 2399 et
1322 2334 1415 2398 armis
1429 2330 1611 2409 imparibus,
1628 2337 1771 2394 eteorum
1786 2327 1851 2390 Deo
1867 2335 1898 2390 et
1911 2326 1975 2390 Au·
2020 2379 2021 2396 ,

1117 2421 1196 2499 galis
1211 2418 1325 2488 eiuset
1340 2434 1394 2498 pro
1405 2431 1516 2478 corona
1530 2416 1606 2484 ritae
1618 2419 1807 2483 aeternamm
1817 2411 1876 2474 sub
1892 2412 1976 2491 peri·
2020 2413 2021 2434 ³

493 2576 496 2584 Ι
530 2497 551 2562 (i
573 2497 597 2562 A
619 2498 651 2561 P.
696 2498 776 2564 llll.
1119 2505 1189 2566 culo
1205 2503 1310 2566 mortis
1326 2507 1505 2580 perpetuam
1521 2498 1656 2577 denique
1678 2496 1794 2577 praetio
1816 2511 1878 2557 nnn
1894 2494 1977 2558 lodi·

517 2631 518 2636 κ
1119 2603 1184 2657 oro,
1201 2587 1256 2649 aed
1274 2585 1435 2649 verissimo
1450 2590 1480 2645 ct
1491 2582 1695 2644 atrocissimo.
1711 2578 1809 2660 (Epic.
1822 2578 1971 2660 ti.)Anta·

551 2669 596 2734 lle
608 2670 748 2735 corono.
1119 2671 1258 2749 genistae
1274 2671 1357 2732 enim
1370 2667 1474 2750 ,nostrl
1498 2665 1667 2729 daemones
1681 2671 1773 2740 sont,
1797 2677 1876 2740 qnos
1891 2663 1976 2726 Scri·

1119 2762 1205 2829 ptura
1221 2770 1304 2816 nuno
1318 2754 1437 2824 leones,
1454 2749 1518 2830 (Pa.
1531 2747 1600 2832 90.)
1615 2765 1696 2812 nune
1708 2748 1872 2824 dracones,
1889 2763 1976 2809 nunc

262 2832 452 2897 Postremum
477 2849 590 2898 nomen
615 2833 770 2898 felicitatis
795 2839 940 2898 aeternae
961 2853 1075 2902 corona
1119 2837 1439 2916 hasilisonsappellaq
1453 2836 1546 2909 etqui
1560 2835 1732 2910 proditores
1746 2830 1975 2896 habentindn·

203 2914 205 2922 ’
223 2917 484 2993 iustitiaees13de
501 2936 559 2994 qua
575 2934 687 2980 corona
702 2919 747 2980 sic
763 2919 1074 2997 loquiturApostolus
1120 2921 1221 2983 mibus
1238 2922 1373 2993 nostris,
1397 2917 1668 2993 concupiscentias
1690 2914 1834 2979 videlicet
1856 2916 1973 2989 earnis,

176 3021 178 3027 ·
221 3001 253 3063 in
271 3002 378 3064 eodem
394 3001 474 3079 loco,
493 3001 544 3064 ubi
561 3003 599 3064 de
616 3001 719 3064 bravio
743 3004 864 3064 loeutus
881 3012 940 3065 est:
965 3002 1073 3068 Omnis
1119 3020 1198 3083 quae
1213 3012 1284 3067 suot
1301 3005 1329 3065 iu
1347 3001 1529 3081 eorporibus
1544 3000 1703 3078 noslris,el
1720 3000 1850 3061 militant
1865 3006 1973 3061 centra

220 3086 278 3164 qni
291 3086 329 3147 in
344 3100 448 3163 oquae
462 3085 638 3160 contendit,
661 3083 702 3148 nh
715 3084 864 3149 omnibns
875 3102 909 3148 se
922 3086 1071 3168 obstinet3
1119 3089 1236 3150 animas
1252 3093 1372 3149 nostras
1390 3103 1444 3166 pro
1460 3084 1653 3161 adversariis,
1671 3089 1704 3147 ut
1718 3099 1745 3144 s.
1762 3083 1867 3147 Petrus
1883 3082 1977 3144 docet

221 3173 251 3230 et
265 3168 316 3232 illi
341 3168 473 3247 quidem
499 3174 534 3230 ut
558 3168 801 3252 corruptibilem
822 3171 977 3248 eoronam
992 3173 1074 3235 neci·
1119 3187 1187 3234 cum
1201 3172 1252 3233 ait:
1273 3170 1406 3235 Obsecro
1422 3175 1655 3248 coetumquom
1670 3167 1814 3230 aduenas
1837 3173 1866 3228 et
1879 3181 1973 3245 pere·

219 3253 326 3330 pient,
343 3267 402 3316 noe
415 3259 524 3314 cutem
538 3253 777 3331 incorruptam.
799 3250 844 3333 (t.
864 3252 932 3318 dor.
949 3251 995 3337 9.)
1017 3255 1073 3317 lle·
1118 3255 1468 3334 prinoqchsnnereuor
1480 3250 1976 3330 ocornntibnsdesideriis,qnne

223 3351 283 3412 que
297 3335 425 3396 dubium
439 3351 509 3398 esse
525 3341 646 3414 potest,
664 3353 700 3397 au
716 3335 775 3398 hoc
790 3336 859 3400 loeo
876 3353 930 3414 per
945 3355 1072 3416 agonem
1119 3339 1262 3403 militant
1283 3341 1438 3402 aduersos
1457 3337 1619 3400 animam.
1641 3337 1686 3414 (l.
1699 3333 1784 3397 Petr.
1801 3327 1847 3413 3.)
1863 3333 1952 3396 Adde
1966 3380 1975 3407 ,

219 3418 408 3495 intelligatur
424 3435 535 3481 cursus
549 3419 580 3480 iu
596 3419 705 3492 stadio,
724 3424 757 3481 ut
771 3420 928 3483 siteadem
945 3422 1022 3484 bueo
1034 3423 1074 3486 si·
1095 3456 1096 3462 κ
1120 3422 1200 3500 quod
1220 3422 1425 3486 miserrimum
1440 3429 1509 3493 est,
1527 3435 1660 3497 pugnam
1678 3420 1766 3480 istam
1784 3419 1894 3479 eodem
1909 3415 1976 3480 fleri

220 3501 359 3564 militudo
376 3502 633 3581 nuncupacione,
649 3519 686 3563 an
703 3503 804 3581 potius
820 3521 922 3583 pugna
934 3511 964 3565 et
979 3514 1074 3568 certa·
1120 3511 1268 3584 tempore,
1284 3522 1345 3585 quo
1358 3512 1388 3568 et
1403 3519 1512 3568 cursus
1525 3503 1555 3564 in
1573 3502 1683 3565 stadio.
1699 3502 1771 3566 ldeo
1793 3502 1878 3564 euim
1894 3501 1976 3580 Apo·

223 3599 305 3658 meo,
323 3590 356 3647 ul
370 3588 409 3646 sit
432 3586 509 3647 baec
531 3585 698 3647 similitudo
720 3603 734 3646 a
758 3585 861 3665 priore
883 3587 1015 3650 diuersa.
1033 3589 1074 3652 st·
1119 3591 1217 3652 stolus
1232 3590 1308 3651 haee
1324 3590 1385 3653 duo
1401 3586 1570 3658 coniunxit,
1587 3591 1619 3650 ut
1631 3585 1887 3666 intelligeremus,
1906 3600 1979 3647 nur·

221 3669 346 3747 quidem
364 3668 494 3746 intelligi
506 3683 713 3747 peragouem,
731 3675 884 3733 certamen
901 3681 932 3733 et
945 3689 1078 3751 pugnam
1116 3679 1221 3736 rentes
1236 3674 1272 3735 ad
1288 3673 1425 3736 bravium
1444 3677 1504 3735 tolo
1520 3686 1612 3734 cursu
1630 3669 1773 3749 impediri
1796 3668 1833 3730 ab
1850 3675 1977 3746 antago-

221 3757 251 3813 et
265 3767 335 3814 esse
349 3752 428 3813 hanc
444 3751 677 3814 similitudinem
694 3752 844 3815 diuersam
862 3771 876 3815 a
893 3757 1008 3834 priore,
1027 3757 1080 3818 de·
1117 3757 1218 3829 nistis,
1232 3763 1263 3820 et
1278 3764 1421 3835 oportere
1436 3771 1491 3818 eos
1506 3753 1599 3817 simut
1624 3758 1655 3816 ei
1672 3753 1806 3832 pedibus
1832 3767 1976 3830 currere,

220 3841 369 3897 mostrnnt
383 3835 433 3897 illu
450 3835 540 3898 rerba
555 3836 647 3913 paulo
663 3834 791 3897 inierius
808 3837 917 3914 posita:
935 3839 1002 3916 tipo
1019 3841 1079 3918 iqi-
1115 3844 1147 3902 et
1163 3841 1304 3904 manibus
1320 3844 1510 3920 depugnare.
1527 3836 1551 3901 0
1569 3838 1594 3898 si
1611 3835 1775 3900 Christiani
1789 3836 1845 3897 ista
1862 3838 1977 3915 cogita·

223 3924 277 3981 tnr
290 3919 320 3980 si
334 3934 429 3982 curro
445 3935 514 3981 oon
525 3920 621 3998 qnasi
645 3921 682 3982 t'n
703 3920 885 3993 incertum,
908 3923 954 3984 sic
968 3939 1078 4001 pugno
1115 3930 1193 3999 rent,
1212 3928 1242 3986 ot
1257 3930 1368 3987 statum
1385 3940 1473 3985 suum
1490 3919 1722 3998 intelligerent!
1746 3919 1886 3998 prolecto
1910 3935 1974 3981 non

153 4065 154 4070 ,
219 4017 289 4064 non
305 4006 401 4080 quusi
415 4018 524 4065 nerem
536 4001 721 4079 verberans,
740 4011 769 4064 et
787 4003 835 4064 ltla
858 4004 889 4066 in
906 4009 1081 4082 posteriore
1116 4012 1177 4077 tarn,
1191 4007 1279 4070 iacile
1293 4015 1415 4085 tempus
1432 4009 1566 4068 tererent
1581 4003 1611 4066 in
1628 4003 1718 4082 nugis
1737 4000 1975 4081 temporalibus,

218 4086 255 4147 ad
272 4085 479 4148 Timotheum:
492 4085 620 4149 Bonum
636 4090 800 4150 certamen
812 4091 1079 4160 certooietrrsnnr
1115 4089 1146 4150 io
1159 4090 1247 4167 iocis,
1266 4092 1297 4154 in
1312 4091 1405 4161 ludis,
1423 4094 1453 4151 in
1472 4086 1805 4162 comessationibus,in
1822 4087 1978 4165 augendis

219 4170 454 4244 consummaui,
471 4167 570 4244 tidem
584 4170 724 4232 seranni:
740 4171 777 4232 in
798 4172 924 4252 reliquo
936 4175 1080 4252 reposito
1116 4175 1269 4252 pecuniis
1289 4177 1318 4235 in
1336 4171 1526 4252 aucupandis
1544 4171 1725 4244 horroribus
1750 4170 1836 4254 quasi
1854 4184 1978 4230 summa

218 4260 264 4315 eet
279 4253 361 4316 mihi
376 4269 497 4317 corono
511 4254 669 4316 institiae.
682 4251 725 4328 (2.
745 4253 824 4317 Pim.
841 4255 888 4331 l.)
912 4271 980 4316 nam
996 4257 1027 4318 in
1043 4275 1076 4319 u·
1114 4259 1157 4317 rei
1174 4265 1258 4320 esset
1276 4258 1304 4319 io
1323 4263 1398 4335 toto;
1416 4258 1470 4320 sed
1497 4257 1623 4319 audient
1643 4254 1823 4333 Apostolum
1839 4253 1976 4314 claman-

218 4343 327 4415 troque
343 4339 411 4399 loco
427 4336 537 4398 beatus
554 4337 665 4398 Paulos
678 4337 838 4416 distinguit
852 4355 976 4400 cursum
995 4355 1080 4418 apu·
1115 4345 1188 4400 tem:
1204 4339 1344 4420 Accipite
1361 4347 1569 4404 ormotnrcm
1583 4337 1691 4411 liciat
1704 4337 1833 4416 possitis
1849 4337 1980 4398 resiste·

217 4435 289 4500 gno,
309 4425 340 4483 et
360 4421 393 4482 iu
411 4436 471 4482 una
486 4420 691 4482 similitudine
707 4420 801 4482 utitur
824 4423 949 4485 nomine
966 4423 1073 4497 bravii,
1113 4439 1148 4485 re
1161 4425 1198 4485 t'n
1213 4426 1268 4487 die
1283 4424 1495 4492 mulcendum·
1507 4422 1642 4485 lorieom
1653 4420 1810 4496 institiae:
1822 4420 1859 4481 in
1872 4421 1980 4481 omni·

218 4504 249 4565 in
267 4504 360 4566 altera
376 4507 504 4566 nomine
519 4519 666 4581 coronae·
682 4519 761 4585 quae
777 4511 848 4567 sunt
865 4506 988 4569 uomina
1004 4509 1079 4570 satis
1113 4505 1172 4570 bna
1186 4514 1347 4570 scatentes
1362 4515 1488 4570 scotntn
1501 4505 1630 4584 ridebin
1644 4520 1706 4585 qno
1717 4505 1846 4584 possitis
1861 4506 1979 4566 omnin

220 4594 326 4668 operte
340 4587 498 4650 distincta.
1113 4592 1178 4652 telo
1192 4593 1386 4670 nequissimi
1399 4593 1497 4670 igneo
1510 4589 1714 4667 emtinprtere:
1734 4591 1762 4650 et
1778 4585 1909 4668 putenm
1924 4603 1979 4649 aa·

260 4671 355 4734 Porro
371 4686 504 4733 coronae
520 4669 646 4732 nomine
662 4667 851 4746 significatur
873 4680 996 4735 aeterna
1014 4674 1079 4736 ieli-
1113 4673 1200 4752 inlisi
1212 4676 1365 4755 ussnmite
1387 4682 1417 4736 et
1437 4674 1609 4753 qiomdinm
1632 4672 1794 4750 Spiritus,
1819 4671 1907 4749 qood
1929 4677 1979 4733 est

218 4754 390 4829 citas,quae
403 4753 483 4830 apud
497 4753 676 4833 Apostolum
692 4753 818 4816 Paulum
832 4754 871 4818 ad
883 4755 1075 4819 Timotheum
1114 4757 1247 4820 uerbera
1259 4757 1327 4820 liei:
1341 4759 1398 4835 pe'r
1412 4773 1541 4820 omnem
1553 4757 1734 4818 orationem
1746 4753 1980 4816 etobsecrntio·

218 4836 265 4914 (2.
286 4837 364 4901 lim.
382 4833 429 4919 l.)
446 4836 557 4900 dicitur
572 4852 695 4900 corono
709 4838 866 4914 institiae,
890 4841 960 4918 quia
977 4840 1077 4903 reddi·
1118 4857 1205 4915 nem,
1220 4849 1352 4920 ,orontes
1375 4843 1465 4907 coeni
1487 4847 1627 4918 tempore
1649 4842 1687 4902 in
1708 4838 1854 4915 spirito,
1879 4844 1909 4898 et
1936 4838 1978 4899 in

218 4925 269 4982 tur
284 4927 437 4996 tamquam
461 4935 580 4982 merces
603 4920 751 4997 operibus
774 4922 876 4986 iustis.
900 4922 986 5002 Apud
1004 4923 1079 4988 San·
1110 4925 1182 5003 ipso
1197 4925 1412 5004 uigilantesin
1427 4924 1517 4986 omni
1529 4924 1676 4985 intentio.
1686 4918 1873 5004 (lipbeei.)
1893 4918 1980 4982 Deus

219 5006 302 5065 otum
320 5002 467 5066 Jacobum
484 5001 569 5084 (lon.
584 5004 628 5081 l.)
642 5004 754 5066 dieitur
770 5021 890 5070 corono
901 5010 996 5082 uitae,
1008 5008 1078 5086 quia
1114 5008 1207 5077 bone,
1233 5009 1330 5085 qualis
1344 5015 1391 5069 est
1407 5007 1483 5068 baec
1499 5005 1680 5069 extinctatiol
1697 5020 1790 5084 quam
1805 5003 1896 5084 pleno
1915 5009 1981 5066 ter·

221 5087 360 5149 continet
374 5089 464 5150 ultam
482 5086 718 5164 sempiternam.
741 5089 828 5166 Apud
851 5107 879 5150 s.
894 5089 1015 5152 Petrum
1032 5107 1089 5152 co»
1113 5091 1212 5152 roris!
1235 5108 1324 5169 qnam
1346 5087 1537 5153 vehemens!
1560 5089 1742 5166 praesertim
1760 5089 1785 5149 si
1802 5087 1872 5164 quis
1895 5103 1979 5163 pou·

219 5187 306 5234 rono
324 5169 449 5249 gloriae
470 5169 763 5241 immarcescibilis,
789 5168 833 5254 (l.
847 5172 931 5236 Petr.
949 5168 996 5256 5.)
1012 5176 1083 5246 quia
1114 5175 1199 5237 deret
1221 5173 1272 5234 illa
1288 5189 1506 5252 ,peromnem
1519 5174 1713 5248 orationem,
1731 5173 1767 5234 in
1785 5171 1877 5234 omni
1891 5175 1978 5234 tem·

222 5253 547 5332 complectiturdecus
562 5256 1078 5332 etsplendorenrbnnerisaeterni.
1114 5273 1219 5336 pore,-
1240 5259 1277 5320 in
1300 5258 1390 5321 omni
1412 5257 1558 5320 istontin.
1582 5255 1618 5320 Et
1641 5262 1742 5319 tamen
1760 5255 1904 5332 plerique
1923 5270 1981 5315 uu·

223 5337 365 5418 lienique
381 5337 462 5414 opud
481 5335 589 5398 isaiam
605 5335 685 5418 (iso.-
701 5335 768 5416 28.)
784 5338 894 5401 dieitur
909 5340 992 5401 Deus
1008 5341 1076 5417 ipse
1122 5347 1218 5404 strum
1241 5341 1280 5402 ila
1304 5357 1338 5402 se
1361 5347 1494 5419 gerunt,
1519 5355 1553 5402 ac
1569 5341 1595 5402 si
1610 5355 1710 5418 neque
1725 5337 1910 5402 currendum
1925 5353 1981 5400 no·

221 5421 343 5484 iuturus
359 5435 481 5484 corono
492 5421 756 5499 giorioeresidno
769 5423 883 5501 populi
895 5423 1004 5486 tuidi
1018 5441 1078 5502 quc
1125 5423 1173 5486 his
1195 5429 1280 5486 esset
1300 5423 1330 5484 iu
1354 5424 1464 5500 stadio,
1490 5439 1591 5498 neque
1607 5422 1806 5503 pugnandum
1822 5423 1852 5481 ln
1865 5436 1981 5501 agone.

223 5504 292 5568 loeo
309 5505 524 5582 intelligimus,
543 5518 698 5577 coronam,
716 5505 754 5568 de
770 5523 829 5583 que
846 5507 1079 5570 beatusPautu's
1166 5506 1203 5568 At
1222 5507 1310 5584 quid,
1335 5522 1472 5584 quaeso,
1496 5506 1588 5569 nobis
1609 5507 1763 5588 agendum
1786 5510 1860 5582 est,
1893 5511 1929 5568 ut
1949 5508 1983 5569 in

225 5585 374 5665 loquitur,
393 5594 425 5652 et
439 5604 519 5666 quoe
541 5587 630 5650 datur
654 5588 822 5671 uictoribus
844 5589 874 5652 iu
901 5590 1081 5666 certamine,
1128 5591 1187 5654 boc
1209 5589 1337 5654 terribili
1360 5605 1457 5669 agone
1479 5588 1634 5653 uictoriam
1657 5589 1696 5653 de
1711 5586 1853 5651 hostibus
1869 5587 1983 5652 ceiera-

225 5685 287 5736 rem
304 5688 375 5738 esse
391 5669 737 5738 nonorilceuttsstuam
752 5677 784 5736 et
803 5673 996 5754 altissimam,
1012 5689 1084 5740 oum
1130 5690 1222 5756 mus3
1243 5671 1353 5739 Paucis
1375 5673 1478 5738 uerbis
1500 5673 1559 5736 hoo
1581 5673 1680 5754 ipsum
1704 5672 1840 5738 declarat
1853 5672 1981 5752 Aposto·
