4056 6260
307 275 361 342 ato
887 280 1369 358 oasaronrtnsanrcrrsre

238 415 301 476 tens
315 415 429 512 capilli
443 419 560 498 eapitis
575 435 685 491 omues
699 431 867 495 nummati
879 435 967 494 sunt:
991 431 1091 495 nolite
1136 436 1189 512 qni
1206 450 1267 498 non
1284 432 1407 514 poterit,
1425 429 1485 495 nisi
1506 427 1622 495 subditi
1648 429 1752 495 velint.
1783 426 1821 494 lli
1834 445 1933 510 saepe
1950 429 1992 502 eii

237 510 313 572 erpo
329 503 440 564 temere
454 503 563 572 multis
573 509 757 590 passeribus
772 515 919 579 meliores
937 515 1008 578 aslis
1023 531 1091 579 uos.
1136 518 1195 582 iam
1212 518 1394 583 nectabere
1410 515 1533 596 poterit.
1548 521 1599 577 ant
1611 521 1695 578 certe
1716 529 1779 577 non
1795 515 1944 585 audebit,
1969 517 1993 578 si

237 573 362 662 (dlottb.
381 581 445 666 rb.)
461 589 560 668 Atque
575 597 652 658 bace
674 596 715 658 do
736 596 863 678 Angelis
889 615 985 676 panea
1009 597 1092 663 novi·
1137 603 1300 667 multitudo
1316 601 1508 664 subditorum
1524 599 1611 661 illum
1638 602 1759 661 terreat.
1774 597 1880 676 -Quam
1905 600 1993 660 multi

236 667 518 762 mustos-ouibus,
533 675 560 738 si
576 677 698 756 planet,
720 680 791 747 side
807 688 946 744 sanctum
963 683 1090 746 Bernar-
1136 687 1218 750 enim
1233 686 1355 749 inerunt
1367 685 1468 762 magni
1484 681 1585 760 Reges
1596 686 1647 746 eut
1663 680 1890 761 Imperatores,
1914 697 1994 758 qnos

237 743 310 809 dnm
327 765 356 844 in
373 750 427 848 bb.
444 753 476 818 5.
494 754 538 821 Ro
551 762 813 841 consideratione,
829 764 912 830 unde
925 767 1002 832 baec
1017 783 1090 846 pan·
1136 769 1290 832 exercitus
1307 769 1510 844 destitutioni
1522 766 1612 827 etiam
1628 764 1800 828 interemit?
1815 765 1910 843 piene
1922 771 1995 826 suut

236 844 271 890 ⁰³
288 831 504 928 ‘¹9¹¹bssl1mus·
1135 851 1284 915 historiae
1301 849 1461 928 exemplis.
1476 847 1580 910 lnanis
1595 846 1687 928 igitur
1702 851 1749 912 est
1773 863 1892 910 summa
1908 852 1994 926 pote·

277 911 335 977 ms
348 932 420 982 nero
433 935 541 986 norem
557 925 752 1009 Angelorum
760 929 938 1010 Ordinibus,
953 931 1040 1013 quasi
1052 947 1091 994 ox
1136 941 1199 996 stas
1217 936 1246 998 in
1264 934 1400 1015 Regibus
1413 931 1604 1006 mortalibus,
1619 931 1670 1007 qui
1688 931 1747 993 nisi
1764 929 1881 992 subditi
1896 933 1995 993 uelint

239 995 443 1091 obstupente,
461 1012 626 1086 respondet
642 1013 729 1077 turba
743 1018 824 1080 tanta
840 1023 1013 1081 sanctornm
1036 1015 1091 1078 ho·
1137 1017 1213 1079 nihil
1228 1033 1371 1100 umquam
1388 1015 1533 1080 efficient.
1557 1014 1694 1076 Potestas
1720 1007 1821 1076 anterii
1847 1013 1915 1089 bei,
1941 1015 1994 1091 nui

237 1093 367 1176 minum,
386 1091 418 1148 nt
433 1103 502 1150 eam
518 1107 682 1159 numerare
697 1113 787 1160 nemo
803 1101 924 1180 possit,
949 1107 1090 1178 utsupra
1134 1101 1197 1164 Rex
1214 1117 1344 1182 magnus
1358 1115 1430 1182 rere
1445 1100 1555 1160 dicitnr
1570 1103 1599 1160 et
1615 1104 1703 1167 csta
1720 1095 1805 1158 nullo
1822 1097 1993 1177 dependet,

237 1162 400 1264 doeurmus
423 1187 459 1234 cx
479 1171 682 1257 Apocalypsi:
703 1180 814 1260 (Apus.
835 1180 880 1264 l.)
902 1199 980 1264 qnae
1004 1181 1090 1246 turba
1136 1183 1196 1246 nisi
1212 1201 1228 1246 a
1244 1201 1298 1246 sun
1314 1183 1414 1262 ipsius
1430 1183 1595 1254 noluntatc;
1611 1195 1689 1258 quae
1705 1195 1773 1242 cum
1797 1180 1835 1240 sit
1851 1181 1993 1255 omnipo·

237 1259 345 1344 norem
362 1257 432 1314 stem
449 1253 616 1323 Ordinibus
641 1265 838 1328 continetur:
863 1283 934 1329 nam
951 1267 1002 1328 atii
1019 1271 1092 1329 sunt
1137 1273 1217 1340 tens,
1230 1268 1333 1330 nulius
1350 1267 1378 1329 ei
1394 1267 1538 1330 resistere
1554 1270 1667 1342 potest,
1685 1277 1786 1340 neque
1801 1269 1873 1343 eget
1888 1263 1993 1326 militi·

236 1326 439 1430 Patrarcbsa,
456 1338 506 1400 atii
524 1342 705 1422 Prophetae.
722 1349 774 1412 alii
790 1347 1000 1428 Apostolialii
1014 1349 1089 1413 llnr·
1135 1349 1195 1413 bus
1210 1355 1262 1413 aut
1277 1351 1381 1420 armis,
1398 1356 1449 1411 ant
1463 1364 1496 1410 ro
1511 1348 1611 1424 aliqua
1628 1351 1709 1409 extra
1725 1359 1772 1408 se.
1787 1343 1877 1421 Quod
1892 1345 1919 1409 si
1937 1346 1993 1408 nti·

236 1411 331 1507 tyros,
348 1414 398 1479 alu
412 1417 624 1502 Coniessores,
641 1429 694 1492 alii
708 1430 851 1495 Pastores
873 1439 904 1495 ει
918 1431 1089 1506 Doctores,
1134 1439 1183 1495 tur
1195 1434 1384 1496 administris
1398 1429 1525 1508 Angelis
1537 1431 1583 1492 nel
1608 1427 1799 1504 hominibus,
1821 1435 1874 1492 nui
1897 1429 1990 1492 etiam

236 1496 287 1554 atu
304 1496 486 1596 Sacerdotes
500 1514 530 1569 et
545 1507 676 1583 Levitae,
690 1514 742 1576 alii
758 1514 898 1577 llooacbi
913 1517 959 1578 nel
974 1515 1092 1578 Eremi·
1135 1516 1230 1579 rebus
1244 1533 1339 1580 sensu
1356 1515 1531 1577 carentibus
1548 1519 1578 1574 et
1592 1513 1748 1588 inanimis,
1764 1510 1795 1574 id
1823 1510 1895 1574 lacit
1919 1515 1992 1590 quia

235 1577 295 1670 tae3
311 1580 446 1664 deniquo
459 1596 584 1655 sanctae
598 1593 777 1674 Paominae,
793 1597 1022 1678 univirgines,
1040 1604 1091 1662 aul
1135 1600 1274 1678 nult,nnn
1287 1601 1357 1678 ouis
1369 1615 1430 1661 non
1442 1599 1546 1678 potest
1555 1597 1624 1658 siue
1635 1595 1695 1659 iltis
1708 1595 1809 1658 omnia
1823 1611 1992 1676 quaecum·

233 1655 361 1741 leonae,
378 1673 533 1734 autetiam
550 1674 748 1756 coniugales.
1005 1747 1006 1750 ,
1135 1699 1196 1758 oue
1212 1683 1343 1746 voluerit
1357 1680 1472 1744 iacere·
1489 1679 1563 1742 llam
1579 1681 1630 1758 oui
1647 1681 1714 1742 sine
1730 1677 1793 1740 ullo
1805 1675 1919 1741 comite
1943 1678 1992 1742 vel

275 1741 361 1826 Rogo
378 1755 405 1813 to
422 1771 516 1831 nunc,
540 1759 640 1822 anima
657 1761 841 1840 Christiana,
867 1771 977 1841 nnana
993 1764 1091 1829 iclici·
1135 1766 1313 1829 administro
1328 1763 1446 1828 caelum
1463 1771 1493 1824 et
1508 1769 1618 1824 terram
1634 1769 1665 1823 et
1680 1761 1794 1836 omnia.
1809 1777 1888 1839 qnae
1901 1765 1931 1824 in
1948 1765 1993 1826 eis

235 1829 281 1888 tas
297 1829 363 1900 erit.
383 1851 451 1899 cum
466 1839 555 1901 tantis
577 1849 608 1903 et
621 1843 733 1907 talibus
748 1849 922 1911 conversari
936 1839 959 1910 t·
978 1848 1091 1914 Scribit
1134 1855 1217 1926 sunt,
1231 1846 1298 1912 solo
1315 1849 1406 1911 uerbo
1422 1846 1573 1919 condidit,
1601 1851 1631 1906 et
1652 1845 1717 1907 sola
1746 1844 1901 1908 uoluntate
1918 1861 1994 1908 coo·

236 1917 360 1976 sanctus
375 1913 579 2001 Hieronymus
591 1925 622 1987 in
635 1925 771 2006 Epistola
787 1933 823 1992 ad
836 1931 1090 2008 Paulinummul·
1134 1941 1233 1994 serrat
1245 1939 1327 1996 certe
1345 1935 1449 2002 nosset
1465 1932 1554 1992 etiam
1571 1925 1672 1990 omnia
1695 1927 1763 1990 solo
1792 1930 1924 2004 imperio
1941 1929 1994 1992 ad·

237 1997 284 2055 los
298 1994 447 2089 lustrasse
462 2008 634 2080 provincias
650 2058 658 2086 ‚
684 2027 779 2076 nonos
805 2013 919 2076 adiisse
945 2017 1089 2096 populos,
1135 2017 1318 2078 ministrare.
1333 2014 1395 2077 Nec
1411 2013 1509 2076 solnm
1525 2011 1607 2074 licus
1617 2010 1778 2073 verissime
1794 2016 1994 2091 regnatouo·

234 2074 325 2139 llana
343 2086 564 2166 transmisisse,
583 2099 693 2170 uteoS,
708 2111 833 2175 qnosex
846 2097 932 2159 libris
947 2101 1090 2162 celebres
1134 2099 1215 2160 niam
1232 2115 1350 2161 summa
1368 2101 1505 2176 potestas
1520 2095 1600 2173 apud
1620 2109 1689 2156 eum
1713 2094 1852 2167 residet,
1868 2099 1925 2158 sed
1949 2102 1992 2157 et·

234 2171 392 2242 noverant,
410 2183 511 2232 coram
536 2173 675 2238 viderent
700 2185 730 2240 et
755 2179 907 2241 audirent.
931 2179 974 2244 bd
993 2199 1088 2244 unum
1135 2179 1193 2244 iam
1208 2185 1353 2260 quoniam
1367 2197 1486 2243 somma
1503 2177 1632 2258 regendi
1648 2193 1697 2240 ars
1712 2179 1794 2240 illins
1807 2177 1906 2240 solius
1921 2187 1991 2240 est:

235 2240 430 2338 Salomonem
446 2252 486 2314 ob
501 2255 863 2339 sapientiaeopinionem
877 2263 1017 2328 veniebat
1033 2266 1089 2326 Re·
1134 2281 1237 2344 neque
1250 2273 1319 2344 eget
1334 2263 1418 2326 Deus
1434 2263 1496 2324 ullo
1512 2268 1689 2332 senatusue
1703 2259 1888 2323 consiliariis
1905 2263 1992 2326 ullis.

235 2340 304 2403 gina
321 2329 399 2392 Saba
416 2334 584 2402 aeonibus
600 2345 710 2406 terrae:
729 2343 1040 2428 (emptitasse
1056 2367 1090 2410 u·
1137 2345 1223 2424 Quis.
1241 2347 1339 2426 innuit
1352 2348 1458 2409 beatus
1475 2345 1599 2418 Pontos,
1617 2347 1764 2422 cnpuonit
1783 2359 1917 2406 sensum
1932 2345 1993 2406 lio·
2019 2389 2020 2398 ι

235 2421 307 2503 num
323 2411 487 2479 Antonium
503 2419 687 2500 Eremitnm,
713 2435 837 2506 proptor
853 2430 961 2492 lamam
978 2433 1089 2494 saneti·
1132 2431 1233 2493 mini?
1249 2437 1306 2492 out
1323 2431 1395 2510 quis
1410 2427 1618 2491 consiliarius
1634 2428 1703 2490 eius
1717 2427 1797 2503 suit?
1811 2427 1990 2508 (Ruunll.)

236 2497 317 2567 tntis,
335 2498 473 2578 undique
490 2502 632 2568 homines
659 2510 885 2576 concurrebant
899 2531 907 2590 3
931 2509 1022 2596 (Luc.
1038 2515 1087 2578 12.
1134 2522 1163 2574 ει
1178 2522 1248 2576 εειε
1263 2531 1334 2574 cum
1346 2513 1442 2575 lsains
1456 2511 1618 2584 Propheta:
1634 2512 1706 2590 quis
1727 2511 1920 2582 udiuunbit,
1946 2513 1992 2572 in·

208 2617 210 2625 2
233 2574 420 2674 Albanasius
436 2583 468 2645 in
485 2588 552 2650 eius
568 2587 661 2670 Vita.)
688 2593 747 2670 ipsi
772 2597 863 2657 ctiam
887 2591 1089 2676 imperatores
1133 2596 1209 2673 nuit,
1227 2595 1384 2674 Spiritum
1399 2593 1544 2656 Dentri-nii
1560 2600 1618 2657 out
1639 2596 1712 2673 quis
1735 2594 1945 2656 consiliarius
1961 2609 1991 2656 e·

234 2667 399 2724 amicitiam
416 2669 484 2730 eins
500 2671 764 2753 onsbiebant,qnid
781 2677 873 2756 igitur
889 2681 958 2751 erit,
976 2687 1019 2742 tot
1030 2680 1089 2742 dn·
1131 2681 1183 2742 ius
1196 2681 1269 2758 (uit,
1287 2687 1315 2742 et
1330 2679 1465 2744 ostendit
1479 2677 1546 2740 illi?
1561 2691 1634 2739 crem
1647 2693 1713 2756 quo
1726 2677 1803 2738 iniit
1817 2679 1991 2745 consilium

234 2741 332 2835 gelos,
351 2753 381 2808 el
397 2753 439 2810 tot
455 2755 630 2828 praeclaros
653 2758 816 2828 homines,
835 2763 941 2839 ntique
958 2765 1088 2826 sanctis·
1133 2768 1162 2825 ct
1175 2764 1346 2838 instruxit,
1364 2769 1393 2824 ct
1409 2763 1549 2824 erudivit
1563 2777 1637 2822 eum
1653 2763 1834 2836 scientium,
1860 2770 1890 2822 et
1902 2761 1990 2826 cion

232 2837 340 2900 simos,
358 2835 389 2891 et
403 2831 495 2928 simul
512 2838 764 2916 ansictssimoset
780 2843 933 2905 felicitatis
948 2845 1087 2909 eiusdem
1131 2847 1308 2924 prudentio
1319 2845 1459 2909 ostendit
1473 2843 1540 2906 illi?
1554 2842 1647 2923 (lsai.
1664 2841 1732 2920 to.)
1747 2843 1854 2920 ltoone
1870 2843 1989 2908 Monar-

233 2919 393 2974 cousortos
409 2917 513 2980 ardere
525 2927 555 2982 et
571 2923 787 3000 alloqui‘iUnos
802 2925 974 3007 dagalassi
991 2929 1022 2990 in
1035 2930 1087 2990 de·
1133 2930 1213 2999 abia,
1231 2946 1309 3006 onae
1326 2929 1439 3008 optima
1455 2926 1553 2990 torma
1568 2925 1728 3004 regiminis
1744 2933 1868 2989 estnon
1886 2929 1989 2990 solum

236 3005 308 3085 core
325 3009 382 3057 suo
399 3003 599 3092 spectandum
618 3023 653 3068 sc
669 3007 831 3084 praeberet
854 3017 883 3070 in
908 3011 966 3072 hoc
983 3011 1086 3088 exitio,
1133 3013 1213 3090 apud
1230 3012 1325 3075 Deum
1342 3011 1510 3084 inuenitur,
1528 3011 1583 3072 sed
1600 3010 1679 3088 apud
1695 3009 1782 3071 illum
1799 3012 1901 3072 sotum
1918 3026 1989 3083 nere

233 3087 309 3172 quas·
320 3092 379 3140 non
397 3080 529 3146 libenter
542 3090 735 3152 accurreret?
747 3091 818 3168 nicici
837 3093 926 3170 igitur
943 3093 1011 3163 erit,
1025 3111 1087 3157 usto
1132 3099 1224 3169 atoue
1240 3096 1374 3174 perlecta
1391 3093 1595 3173 reperitur.ls
1610 3095 1692 3155 enim
1710 3108 1771 3154 uon
1787 3091 1887 3156 solum
1902 3095 1991 3156 terri·

232 3164 342 3221 intuitu
360 3162 494 3240 Angelos
509 3185 617 3232 omnes
632 3173 775 3236 cernere?
790 3173 826 3236 Ει
840 3178 864 3236 si
878 3194 959 3238 ursus
975 3177 1087 3254 alionis
1132 3177 1205 3238 bilis
1222 3188 1270 3240 est
1285 3193 1378 3260 super
1392 3194 1501 3240 omnes
1517 3177 1619 3256 Reges
1635 3185 1747 3248 terrae,
1774 3182 1807 3238 ut
1821 3177 1935 3238 dicitur
1957 3179 1989 3243 ιι

233 3241 455 3336 errPropbctis,
473 3253 713 3330 auldpostoiis,
738 3265 789 3320 aut
803 3257 964 3321 Ecclesiae
978 3259 1086 3323 Docto·
1130 3259 1271 3335 Psalmis,
1289 3267 1343 3324 scd
1360 3262 1450 3322 etiam
1468 3265 1515 3322 est
1528 3259 1592 3322 Rex
1615 3275 1744 3338 magnus
1770 3274 1862 3336 super
1878 3275 1989 3331 omnes

232 3323 331 3420 ribus,
349 3345 431 3392 nono
447 3334 485 3394 de
501 3339 587 3398 caelo
603 3339 831 3412 descenderet,
855 3349 967 3420 quanta
994 3344 1086 3406 simul
1131 3342 1223 3415 Reos,
1238 3344 1303 3422 (Pa.
1322 3341 1388 3426 li.)
1404 3351 1435 3407 ut
1449 3345 1560 3406 dicitnr
1576 3345 1605 3404 in
1621 3343 1680 3404 alio
1693 3341 1988 3422 Psoronsiqnioen

232 3413 385 3481 ariditate,
404 3420 434 3476 et
448 3419 616 3484 attentione
631 3423 804 3485 audiretur?
826 3423 862 3486 Αι
875 3429 904 3486 in
921 3427 1086 3506 regnoillo
1132 3424 1182 3488 alii
1199 3435 1272 3488 sont
1287 3429 1328 3488 dii
1345 3429 1426 3502 taisi,
1444 3425 1494 3504 qui
1514 3425 1615 3504 potius
1631 3427 1793 3488 daemonia
1808 3425 1867 3487 dini
1891 3427 1987 3500 debo-

232 3503 292 3552 non
307 3509 399 3556 unum
418 3499 473 3559 sed
490 3517 598 3566 ornnes
615 3513 644 3566 et
656 3505 796 3586 singulos
809 3505 989 3586 Prophetas,
1007 3517 1037 3572 ει
1049 3509 1086 3573 Α·
1131 3516 1211 3582 εεει,
1228 3509 1293 3584 (Ρε.
1310 3507 1365 3592 aa)
1377 3510 1461 3590 juxta
1478 3510 1553 3571 illud
1569 3507 1754 3587 Prophetae:
1778 3507 1821 3571 De
1838 3508 1989 3577 dentiam

231 3577 567 3650 postolos‚etDnctores
584 3588 686 3650 nidere
699 3598 728 3652 ot
741 3589 935 3664 audire,eum
950 3592 995 3655 cis
1011 3597 1087 3654 assi·
1131 3593 1321 3657 doernonio.
1338 3589 1510 3674 (Pectat.)
1525 3591 1583 3654 Alis
1599 3597 1671 3654 sunt
1690 3591 1731 3653 dri
1747 3607 1803 3669 per
1818 3592 1988 3670 partecipa-

233 3656 293 3718 due
309 3666 483 3754 conversari
498 3667 615 3731 licebit.
635 3669 719 3734 Unus
742 3675 788 3736 sol
810 3681 954 3752 quantum
978 3675 1087 3739 laetill-
1131 3677 1256 3744 tionem,
1274 3682 1408 3756 utrcges
1423 3683 1533 3738 terroe.
1550 3679 1581 3736 ει
1596 3675 1704 3750 dupeli
1721 3675 1889 3746 caelorum,
1903 3675 1987 3745 iuxta

230 3747 465 3834 eaturrsversam
484 3753 620 3814 terram?
635 3755 707 3832 quid
724 3755 835 3819 lanient
849 3758 932 3820 soles
944 3759 1085 3824 innume·
1130 3757 1218 3820 illud:
1237 3757 1302 3838 opo
1318 3759 1414 3834 diesi,
1431 3758 1484 3820 liii
1496 3758 1581 3835 estis,
1599 3763 1628 3819 et
1640 3757 1704 3834 {ilii
1716 3757 1847 3822 limoelsi
1861 3774 1986 3827 emm

230 3822 355 3896 nabiles,
374 3833 403 3922 et
418 3831 500 3892 soles
515 3837 585 3903 nivi.
599 3837 855 3918 intelligentes,et
871 3841 1036 3906 iubilantes
1053 3843 1083 3906 in
1131 3839 1196 3919 (Pa.
1213 3841 1280 3924 81.)
1297 3843 1355 3906 Sed
1378 3841 1455 3904 istos
1477 3857 1585 3903 omnes
1607 3841 1684 3903 deos
1711 3842 1841 3920 imperio
1861 3857 1919 3904 suo
1934 3861 1986 3930 sus

229 3901 335 3984 Regno
350 3907 404 3972 Det
418 3912 433 3972 ι
447 3914 519 3977 llihi
547 3918 670 3994 quidem
698 3923 736 3984 ite
767 3923 898 3986 dulciter
926 3926 1006 4005 sapit
1028 3927 1085 3990 ista
1129 3925 1249 3988 bicotus
1266 3925 1357 3988 babet
1372 3925 1456 3988 Reus
1471 3923 1592 4001 ille‚ooi
1608 3933 1715 4002 regnat
1727 3929 1758 3985 in
1771 3925 1987 4004 eoelis3pronn·

228 3994 421 4055 consuetudo
437 4013 505 4058 cum
523 4002 648 4080 angelis
675 4010 704 4066 et
729 4003 929 4080 hominibus,
953 4025 1082 4088 qnorum
1129 4008 1168 4070 de
1183 4008 1270 4070 solus
1284 4009 1336 4070 ille
1351 4008 1413 4070 Rex
1430 4015 1477 4070 est
1491 4023 1580 4069 verus
1596 4012 1626 4067 et
1639 4025 1778 4088 magnus:
1789 4012 1870 4088 quod
1886 4007 1987 4076 linbu-

229 4071 340 4170 nullus·
351 4077 566 4172 ost'insipiens
582 4093 634 4150 aut
646 4088 756 4158 nnius,
782 4089 837 4152 sed
852 4106 961 4154 omnes
977 4094 1083 4170 optimi
1129 4091 1324 4154 chodonosor
1340 4092 1401 4155 Rex
1424 4091 1589 4170 Babylonis
1604 4097 1804 4170 posteaquam
1817 4093 1987 4170 superbiae

229 4159 260 4248 et
275 4163 496 4255 sapientissimi
511 4210 518 4238 ,
537 4173 569 4229 ut
585 4168 643 4232 boc
659 4172 761 4234 sotum
785 4189 913 4251 magnac
931 4175 1084 4240 inlicientis
1128 4189 1204 4236 suae
1219 4173 1414 4256 pravissimas
1431 4190 1547 4255 poenos
1563 4173 1670 4249 dedit,
1687 4177 1821 4255 agnovit,
1835 4180 1865 4236 et
1879 4175 1986 4243 verbis

228 4243 324 4331 instar
339 4244 412 4304 nnm
429 4262 499 4310 esse
516 4248 670 4321 sibeston·
689 4261 717 4316 et
735 4257 957 4337 propterquod
981 4259 1082 4321 solum
1129 4257 1192 4318 iltis
1208 4259 1372 4321 contessus
1389 4266 1447 4320 est:
1464 4258 1567 4337 lpitur
1579 4266 1650 4336 post
1663 4253 1762 4337 tinem
1778 4259 1908 4322 dierum
1923 4275 1983 4338 epe

227 4320 361 4417 libenter
388 4343 528 4394 carerem
558 4334 794 4402 oblectamentis
820 4340 964 4406 omnibus
990 4341 1083 4406 buius
1118 4339 1643 4406 «Nabuchodonosorocutosuscos
1659 4342 1978 4418 odouetumleoooie

226 4411 316 4474 Rite·
1128 4431 1156 4485 et
1168 4424 1327 4488 altissimo
1343 4424 1508 4488 benedici.
1530 4428 1559 4486 ct
1579 4425 1738 4488 uiuentem
1759 4429 1795 4490 in
1814 4427 1986 4504 sempiter-

1126 4521 1208 4570 num
1224 4508 1361 4571 teudoni
1383 4514 1412 4569 et
1426 4505 1630 4588 placidonui3
1656 4511 1736 4588 puin
1759 4515 1898 4588 potestus
1914 4510 1986 4584 ejus

512 4623 656 4691 u
673 4623 728 4692 111-
1126 4589 1985 4754 εεεεεεεεειεεεειειεεε

978 4823 985 4844 ⁶
1127 4761 1231 4820 terroe
1244 4760 1335 4836 opud
1347 4773 1420 4822 earn
1433 4758 1471 4820 in
1481 4757 1624 4819 nibilum
1635 4760 1870 4836 reputatisuut:
1880 4759 1984 4835 incolo

320 4815 363 4885 De
378 4820 484 4902 illrmss
499 4839 570 4891 eodo
585 4827 797 4891 m⁰bsticiiiffl
811 4829 912 4909 Rapui
927 4827 995 4892 Dit-
1125 4843 1323 4903 uoluntatem
1339 4843 1427 4906 cuim
1438 4857 1533 4904 sunm
1558 4839 1638 4914 fucit
1660 4849 1726 4904 tom
1747 4843 1785 4906 in
1809 4844 1984 4906 uirtuti-bus

1126 4926 1220 4992 cocti.
1234 4941 1332 5005 quom
1347 4927 1383 4986 in
1398 4923 1632 5004 lenbitotoribua
1655 4929 1760 4988 terroe
1778 4973 1786 4996 ,
1810 4929 1839 4988 ει
1853 4941 1920 4988 aon
1936 4933 1983 4988 cst

263 5007 362 5077 Tertia
378 5017 455 5082 ratio
471 5022 529 5094 est,
547 5004 690 5098 quonlam
706 5017 736 5080 in
755 5037 791 5082 eo
807 5021 872 5082 solo
900 5019 968 5080 looo
995 5013 1076 5076 tnnc·
1125 5005 1185 5085 qui
1198 5011 1324 5071 resistat
1338 5009 1455 5070 mabill
1477 5007 1558 5080 eius,
1572 5013 1604 5068 02
1620 5009 1706 5071 (litai
1722 5011 1772 5084 ei,
1789 5025 1892 5090 ditm
1905 5009 1982 5084 feci·

222 5095 303 5159 nitur
316 5099 448 5175 perlecta
462 5102 556 5165 lurcna
571 5103 731 5179 regnandi.
749 5103 907 5182 Siquidem
926 5103 983 5162 hoc
1001 5099 1079 5158 inte·
1123 5092 1180 5153 stt?
1194 5091 1288 5154 Nono
1305 5091 1410 5171 ipitur
1430 5105 1486 5186 epo
1502 5087 1799 5156 Nabuchodonosor
1825 5093 1938 5160 mado.
1953 5097 1983 5154 ct

221 5188 286 5242 rest
301 5183 378 5244 inter
395 5183 530 5264 Regnum
549 5192 577 5245 et
593 5185 826 5264 Rempublieam
842 5231 850 5260 ,
865 5187 928 5248 sivo
944 5181 1078 5254 Optima·
1124 5173 1310 5254 mopniiloo,
1328 5181 1356 5235 et
1371 5173 1515 5270 pinriaco
1531 5173 1648 5270 chem
1664 5176 1756 5252 coeli,
1774 5178 1854 5254 quin
1869 5181 1983 5271 omniu

221 5266 283 5325 tum
301 5265 366 5328 sivo
384 5271 541 5346 popularis
558 5267 741 5348 Respublica
758 5271 806 5332 sit.
825 5269 906 5347 qnod
923 5267 953 5329 in
971 5265 1076 5342 Regno
1124 5259 1407 5336 oporcrescere,
1425 5266 1452 5317 ει
1466 5274 1521 5318 oen
1533 5259 1761 5327 crusinclicio,
1785 5265 1814 5320 et
1828 5259 1982 5338 praeiren-

220 5356 487 5428 summopolestas
510 5351 590 5424 apud
608 5369 714 5426 unum,
743 5356 774 5414 in
802 5351 968 5429 Republica
995 5345 1076 5425 apud
1124 5347 1167 5403 tes
1188 5340 1388 5419 insoporbr'o
1403 5347 1501 5420 potest
1526 5340 1712 5403 ltrcmilinre.
1737 5343 1818 5436 llaeo
1844 5344 1907 5413 ille,
1925 5343 1980 5416 nui

221 5431 332 5493 multos
351 5431 552 5506 inveniturlo
569 5434 682 5514 Rugnis
698 5440 799 5498 antem
814 5435 972 5498 hominum
990 5447 1074 5493 num·
1123 5426 1268 5488 omnibus
1284 5427 1512 5502 exemplu-osse
1528 5431 1640 5502 P⁰¹⁰Sb
1658 5433 1690 5485 ut
1706 5425 1906 5488 humilientur
1919 5425 1980 5488 Sub

220 5528 310 5588 quam
327 5521 375 5576 est
389 5531 508 5578 somma
523 5524 658 5594 potestas
671 5521 751 5600 apud
767 5535 862 5582 unum
877 5533 947 5578 sere
962 5521 991 5580 et
1009 5531 1076 5590 pro·
1125 5509 1242 5586 P0¹0P¹i
1258 5525 1346 5568 ¹11³ssss
1365 5507 1431 5578 Dei·
1450 5515 1481 5568 ιιι
1496 5515 1621 5569 sancivi
1636 5507 1744 5570 Pelius
1760 5509 1925 5581 admonet,
1950 5515 1981 5570 el

220 5597 299 5669 prio:
317 5601 428 5675 poterit
443 5601 523 5660 enim
547 5600 677 5664 tortasse
701 5603 762 5664 Rea
786 5604 854 5662 sine
878 5599 1008 5664 consilio
1032 5597 1078 5660 nel
1127 5593 1224 5669 magis
1240 5591 1432 5657 delectentur
1448 5592 1562 5652 servire
1575 5589 1647 5670 Reii
1664 5591 1828 5668 Rssssssfflsul
1846 5591 1913 5656 05⁰⁵
1925 5591 1981 5655 be·

218 5691 374 5746 ooosensn
388 5683 517 5748 aliorum
536 5683 643 5748 iubere
661 5692 693 5746 nt
709 5685 824 5768 aliquid
841 5683 902 5764 bat,
919 5687 975 5746 sed
993 5697 1079 5750 exse·
1124 5677 1318 5746 nebccntiam
1335 5679 1508 5740 mereantur
1524 5691 1613 5758 qnam
1629 5675 1696 5744 eius
1709 5674 1853 5742 voluntati
1870 5692 1979 5760 super·
