4044 6256
805 348 913 411 cinna
931 345 1065 405 annuus
1678 345 1727 406 ser
1838 311 1843 320 ’

8 442 13 486 t

7 517 9 560 :
59 489 94 542 et
108 483 237 544 relaxata
252 479 426 562 Principum
443 481 538 542 mutio
559 477 659 560 magis
673 477 852 542 lieenesire
867 483 912 544 di·
956 480 1081 559 quidem
1098 480 1174 544 ritae
1190 481 1371 546 Sanctorum
1385 489 1457 545 sunt
1473 481 1597 561 quidam
1613 483 1700 561 quasi
1717 496 1798 542 eom-

7 611 11 650 ἱ
61 562 911 645 spiicet,eigraniussincdubitationepunieiur‚quam
958 563 1085 642 menter]
1109 563 1295 628 lucidissimi
1317 567 1418 644 legum
1440 566 1612 630 divinarum
1638 565 1799 642 uirtusque

7 691 11 732 ἶ
70 647 128 710 rite
145 648 233 718 mala,
250 648 297 708 vel
313 647 415 709 mines
430 646 509 709 bona
525 647 720 724 priuatorum.
957 648 1145 710 testamenii.
1160 647 1197 710 lii
1212 651 1237 710 si
1255 650 1325 726 quis
1339 650 1420 717 velit,
1434 648 1521 726 quasi
1535 649 1612 724 ipsis
1624 647 1723 708 oeulis
1736 661 1801 707 cer·

7 767 12 818 p
106 730 230 793 Accedit
241 730 276 790 ed
289 727 366 792 baec
377 729 476 808 (qued
489 725 773 806 ceriePriuctplbue
785 728 912 792 emnlne
957 745 1054 799 nere,
1077 728 1151 808 quid
1168 736 1307 808 eporieai
1323 730 1493 808 Principem
1511 732 1631 799 lacero,
1655 730 1680 790 si
1697 729 1801 790 salvus

68 813 255 892 persuadere
275 810 403 874 deberet
423 810 500 873 ritae
520 809 675 890 perlectae
695 809 911 896 desiderium)
957 825 1029 873 esse
1045 812 1129 888 reliq
1147 813 1228 892 iegai
1243 820 1357 876 attente
1373 819 1547 876 sanctorum
1566 811 1739 888 Principum
1759 811 1799 870 ri·

6 891 7 900 ’
67 895 152 974 qued
174 893 232 972 ipsi
249 893 279 954 ie
298 894 404 974 maiori
420 893 557 972 periculo
573 892 679 956 mertis
693 899 911 956 aeternaerer·
957 901 1014 956 tas:
1032 893 1073 954 ibi
1091 896 1171 956 enim
1191 900 1299 958 cernet
1314 905 1489 974 praecepta,
1507 899 1690 956 documenta
1707 892 1801 971 Spiri-

6 1025 8 1070 Ι
63 983 284 1054 santur,quam
301 977 440 1040 hemines
458 976 577 1055 primu,
590 981 622 1038 ei
636 990 732 1052 poena
748 976 910 1052 gebennas
958 985 1006 1042 tus
1021 975 1143 1049 sancii,
1160 977 1248 1054 quasi
1262 980 1298 1038 ed
1316 983 1429 1054 praxim
1445 985 1595 1040 revocate.
1613 976 1697 1051 Quod
1713 975 1795 1037 idem

6 1113 8 1152 Ι
67 1057 228 1122 molestior
249 1059 295 1122 cis
316 1061 455 1135 accidet,
478 1075 568 1136 quem
585 1059 719 1137 privetis.
741 1055 785 1120 ue
804 1061 910 1123 maiori
956 1058 1016 1122 diei
1034 1064 1135 1136 petest
1151 1061 1190 1123 de
1204 1061 1389 1141 lipiseopis,
1407 1060 1673 1140 etliegularibus3
1697 1059 1801 1121 nullus

67 1142 208 1215 periente
220 1142 302 1203 nulia
314 1141 461 1206 dubitatio
474 1157 544 1204 esse
554 1145 667 1217 petest,
681 1156 749 1204 eum
761 1141 910 1220 sapientia
956 1143 1040 1205 enim
1054 1141 1168 1204 Decies
1181 1144 1378 1206 manilesiius
1392 1192 1401 1215 .
1416 1151 1447 1206 ei
1461 1143 1580 1206 laeilius
1596 1143 1686 1204 docet
1700 1187 1708 1211 ,
1724 1140 1798 1219 quid

64 1225 123 1289 liei
137 1221 294 1287 manifeste
311 1227 403 1301 dieat,
419 1222 606 1298 Horrende,
623 1223 726 1286 eicite
743 1226 912 1302 apparebit
958 1225 1034 1286 laete
1049 1239 1127 1304 opus
1142 1225 1182 1287 sit
1204 1226 1388 1304 lipiseopis,
1412 1232 1442 1290 ei
1464 1224 1686 1305 Regularibus,
1710 1240 1800 1302 quem

5 1311 7 1378 ζ
64 1305 167 1380 nebim
190 1307 517 1388 quantominuiciem
538 1305 749 1370 nemimem
770 1304 831 1376 lite,
853 1309 913 1390 qui
957 1306 1082 1370 historia
1096 1305 1801 1387 scripteeerebesgesessanciorumepiseo-

5 1383 7 1406 ¹
63 1395 235 1470 promunt,
250 1388 314 1466 fiet.
331 1389 460 1469 Poeigue
476 1389 563 1453 enirn
580 1389 765 1450 conceditur
785 1390 909 1454 nri-seri·
957 1405 1064 1468 perum
1082 1435 1091 1464 ,
1109 1396 1139 1452 et
1154 1390 1385 1454 nonachorum.
1402 1390 1509 1467 Adde,
1534 1391 1615 1467 qued
1632 1389 1708 1453 ritae
1724 1387 1798 1451 See·

70 1473 207 1536 cordio:
228 1480 371 1552 petentes
393 1478 504 1534 eutem
516 1475 662 1551 potenter
676 1478 833 1535 tormonte
852 1491 911 1552 pe·
956 1479 1074 1536 ctorem
1090 1471 1267 1552 diligenter.
1284 1480 1314 1535 ei
1331 1490 1401 1538 aere
1426 1473 1600 1551 descriptae
1623 1477 1695 1534 suet
1715 1472 1804 1548 quasi

5 1535 7 1574 ¹
71 1560 205 1618 iteretur.
219 1554 423 1618 intolerabilia
436 1571 507 1616 vero
519 1555 614 1617 mulio
626 1554 722 1632 magis
739 1553 835 1616 iuiore
853 1565 911 1619 ier·
958 1555 1086 1634 vestigia
1101 1555 1132 1617 in
1155 1573 1245 1618 arena
1269 1556 1442 1633 impresse,
1467 1573 1546 1632 quae
1568 1569 1623 1633 per
1644 1555 1800 1616 desertum

4 1617 7 1656 ¹
73 1644 173 1699 menie
191 1639 351 1716 gehennae
366 1637 575 1715 Principibus,
592 1651 681 1714 quem
699 1635 833 1714 privatis,
851 1655 913 1700 ma·
957 1637 1051 1700 buius
1065 1638 1143 1701 vitae
1160 1644 1224 1702 tute
1242 1655 1297 1701 eos
1312 1640 1430 1702 ducunt
1445 1641 1480 1700 nd
1498 1644 1608 1699 terram
1623 1637 1799 1714 promissio·

4 1699 7 1776 i
73 1725 156 1782 xime
172 1721 370 1800 pauperibus,
388 1727 418 1783 et
432 1719 557 1799 vilibus3
574 1718 650 1780 ratio
664 1719 911 1784 meeiiesiissima
959 1721 1019 1796 eis3
1035 1722 1062 1784 si
1077 1721 1148 1800 quis
1165 1739 1220 1799 per
1234 1739 1270 1784 ea
1283 1722 1442 1802 vigilanter
1455 1721 1588 1792 incedet,
1602 1721 1694 1792 idest,
1707 1719 1734 1782 si
1748 1735 1801 1782 aas

4 1779 7 1826 ¹
71 1808 175 1866 decet:
194 1803 352 1881 Principes
368 1804 449 1866 enim
466 1803 910 1882 magissuetassueiidivitiis.
957 1801 1805 1885 ritasaiteetelegat,etimitetur.lieniquenitaeSan·

4 1865 7 1909 ¹
71 1886 199 1957 delitiis.
216 1885 387 1950 bonoribus
401 1904 410 1966 3
426 1885 457 1947 in
474 1887 535 1948 alie
549 1886 618 1948 lece
633 1883 763 1959 sedent,
781 1886 913 1951 molliter
958 1891 1076 1949 ctorem
1093 1893 1234 1951 accurate
1249 1888 1445 1967 descriptae,
1469 1893 1541 1949 sunt
1563 1885 1654 1946 veluti
1677 1884 1802 1964 specula

2 1951 7 1994 ¹
71 1970 207 2046 cubent,
224 1969 355 2033 delicate
369 1969 493 2047 vivunt,
516 1966 711 2042 impatientes
726 1973 796 2030 suut
811 1969 912 2033 omnis
957 1968 1166 2044 lucidissime,
1183 1987 1262 2048 queo
1277 1971 1304 2034 si
1320 1974 1390 2045 quis
1405 1975 1519 2034 attente
1542 1969 1737 2045 consideret,
1761 1966 1801 2028 ia·

2 2035 7 2076 ¹
70 2051 219 2115 iniuriae:
235 2068 304 2113 cum
319 2051 375 2112 riri
391 2065 544 2130 pauperes
559 2049 647 2112 leoile
664 2065 764 2127 pene,
788 2055 819 2112 et
833 2069 912 2131 eque
959 2051 1019 2113 cilo
1041 2051 1198 2126 inveniet,
1222 2054 1295 2132 quid
1322 2054 1353 2116 in
1379 2053 1517 2116 moribus
1543 2053 1610 2113 suis
1634 2049 1801 2130 corrigere,

73 2135 210 2196 conteuti
226 2136 299 2198 sint.
316 2139 347 2196 et
359 2135 442 2195 bumi
456 2134 571 2196 nubere
584 2148 644 2196 nen
657 2131 911 2207 valdereeuecni.
958 2133 1033 2212 quib
1048 2133 1173 2198 omniuo
1188 2135 1353 2210 deserere,
1377 2137 1449 2216 quid
1466 2151 1576 2215 magne
1598 2134 1699 2196 auimo
1720 2148 1803 2196 com·

72 2225 103 2281 ei
118 2217 156 2279 ad
173 2218 249 2290 alia,
266 2221 298 2281 et
318 2217 436 2280 excelse
460 2217 562 2279 menia
586 2231 647 2278 nen
670 2213 815 2294 aspirent.
839 2217 914 2292 Quis
960 2216 1062 2294 plecti,
1079 2223 1109 2280 et
1123 2220 1211 2298 sequi
1227 2219 1360 2299 debeet3
1381 2219 1410 2282 si
1431 2218 1468 2282 ed
1488 2215 1709 2298 periectioeem
1724 2214 1802 2276 ritca

73 2301 167 2380 igitur
181 2299 314 2378 explicet
325 2315 414 2378 quem
427 2298 621 2362 intolerabile
633 2297 817 2362 sitiuiurum
829 2299 915 2363 Prin·
958 2301 1154 2382 praesentis,
1177 2305 1209 2364 ct
1228 2301 1266 2365 ed
1286 2300 1464 2366 felicitatem
1485 2301 1601 2366 ieiunae
1625 2297 1802 2378 pertingere

73 2381 197 2464 cipibus
213 2383 301 2446 malis
315 2381 346 2445 iu
362 2382 413 2446 die
430 2381 561 2461 ludicii,
581 2380 684 2444 iacere
699 2380 779 2444 bumi
796 2383 834 2444 eb
850 2399 914 2446 em·
961 2383 1044 2446 aelii.

2 2503 3 2512 κ
74 2467 169 2529 nibus
184 2466 362 2544 despectos,
378 2465 541 2538 stridere,
559 2471 685 2528 sanctes
699 2463 769 2526 elim
785 2481 914 2547 pauper·
1000 2465 1084 2530 llaec
1098 2481 1188 2529 ceusu
1205 2465 1272 2542 teir,
1290 2483 1344 2530 eur
1359 2484 1416 2546 ogo
1430 2466 1507 2529 ritus
1530 2469 1704 2526 sencierum
1719 2461 1804 2524 Priu-

75 2549 176 2623 cules,
193 2555 224 2610 et
238 2549 315 2613 viles
331 2548 362 2612 iu
378 2547 514 2612 nubibus
530 2547 625 2619 caeti,
642 2546 739 2628 glorie
753 2553 783 2610 et
798 2549 915 2616 benere
960 2548 1062 2624 cipum
1079 2552 1240 2624 utriusque
1261 2549 1449 2612 testamenti
1472 2549 1544 2612 huic
1566 2561 1635 2608 mee
1656 2545 1805 2622 opuscolo
1865 2611 1876 2628 ‚

75 2633 238 2694 coronatos
253 2631 391 2696 assidere
407 2631 528 2695 Christe
544 2629 641 2696 ludici
655 2676 664 2706 ,
680 2633 713 2694 ei
726 2637 828 2708 postea
845 2647 914 2696 eum
960 2633 1130 2710 adiungere
1145 2629 1307 2711 noluerim3
1324 2639 1357 2694 ut
1372 2632 1514 2695 videlieet
1528 2630 1664 2692 laborem
1686 2643 1739 2691 ees
1760 2627 1804 2689 in·

75 2732 113 2776 ee
129 2714 166 2776 da
182 2715 322 2777 eoelestia
336 2715 440 2793 Regae
451 2715 675 2777 conscendere:
689 2720 834 2778 seiuiem
845 2732 915 2780 cum
962 2714 1106 2792 quireedi
1122 2716 1151 2776 in
1168 2714 1258 2793 variis
1273 2714 1471 2790 auctoribus,
1492 2710 1686 2792 Principibus
1701 2711 1806 2774 deme·

75 2797 282 2860 daemonibus
297 2798 334 2860 ad
349 2804 490 2860 aeternas
504 2797 682 2860 subeundas
696 2811 809 2885 peenas
820 2799 858 2860 ad
870 2800 916 2862 ie·
963 2813 1041 2859 rem.
1057 2795 1094 2858 Et
1109 2796 1233 2874 quidem
1253 2798 1330 2862 nitas
1351 2797 1526 2876 Principum
1548 2799 1723 2858 sanctorem
1748 2794 1805 2854 ‘le-

73 2881 159 2942 tema
173 2880 293 2944 detrudi
307 2879 323 2941 i
335 2879 444 2960 ltaque
460 2878 616 2942 damuatio
627 2880 823 2957 sempiterne.
837 2896 917 2958 quae
961 2881 1103 2942 sumenti
1120 2879 1242 2953 coieris,
1255 2897 1315 2961 ego
1329 2881 1397 2959 ipse
1411 2879 1562 2958 descripsi
1577 2893 1614 2941 ex
1635 2875 1722 2939 libris
1736 2891 1804 2936 san-

1 2957 2 2986 ¹
76 2967 181 3041 parate
195 2968 244 3027 est
256 2961 401 3026 omnibus
416 2962 576 3042 improbis,
595 2967 626 3024 et
640 2959 799 3039 reprobis,
825 2963 924 3028 nuliis·
962 2961 1020 3026 ciis
1033 2966 1066 3026 et
1080 2963 1252 3028 canonicis.
1267 2963 1352 3028 Vitas
1371 2969 1545 3027 sauciorum
1560 2959 1733 3037 Principum
1750 2956 1804 3020 Te-

74 3045 256 3117 meiesiior‚
283 3052 315 3109 ei
338 3045 480 3109 acerbior
506 3046 586 3122 crit,
614 3061 704 3124 quam
726 3045 918 3126 Principibus
962 3045 1105 3109 sumenti
1120 3046 1189 3109 ueri
1205 3061 1243 3107 ex
1262 3047 1353 3108 variis
1370 3045 1544 3108 auctoribus
1557 3042 1617 3105 ilde
1629 3039 1730 3120 dignis
1742 3040 1803 3102 cel·

75 3129 177 3192 malis.
276 3165 279 3170 ·
962 3127 1035 3207 legi.
1052 3125 1170 3200 Quibus
1184 3127 1263 3190 aliae
1279 3128 1350 3190 addi
1364 3134 1505 3204 poterunt
1521 3127 1558 3188 ab
1574 3124 1655 3200 aliis,
1673 3123 1724 3200 qui
1742 3139 1804 3184 me·

118 3209 239 3284 erinie.
253 3219 342 3291 atque
355 3211 434 3271 eden
446 3215 600 3289 postrema
612 3207 917 3288 consideratio.quee
966 3210 1022 3270 ieri
1039 3209 1118 3278 ocio,
1140 3217 1169 3272 et
1184 3209 1322 3286 pleniore
1337 3211 1522 3272 bibliotheca
1539 3208 1709 3270 abundant.

1 3296 2 3323 ¹
76 3293 271 3368 Principibus
291 3294 419 3355 mulium
442 3291 591 3371 prodesse
612 3293 818 3371 poterit,iiia
842 3293 916 3354 mibi
1003 3289 1800 3370 llgoenimselumpronumeroProrinoiarumpau·
1847 3315 1853 3328 ·

1 3399 2 3402 ¹
76 3391 148 3437 esse
165 3377 294 3446 ridetur,
312 3378 337 3439 si
354 3382 476 3452 tempus
491 3375 614 3449 aliquod
632 3382 747 3453 ponant
764 3377 793 3435 in
812 3377 916 3454 legen·
963 3391 1014 3436 ras
1029 3376 1122 3452 eiagi3
1139 3381 1169 3438 et
1183 3378 1356 3439 secundum
1368 3375 1577 3454 antiquitatem
1592 3375 1739 3448 temperis
1752 3387 1804 3436 ees

1 3461 2 3480 ³
77 3459 125 3519 dis
140 3464 266 3532 attente,
283 3466 313 3521 et
328 3459 493 3536 diligenter
508 3456 658 3529 nistoriis,
675 3457 784 3538 quibus
802 3457 872 3533 rite,
886 3465 915 3522 et
961 3457 1114 3535 disposui;
1133 3464 1165 3522 ut
1179 3459 1230 3537 qui
1249 3458 1332 3536 prior
1347 3461 1383 3520 ad
1400 3457 1536 3537 ltcgnum
1550 3457 1685 3520 caeleste
1697 3467 1803 3532 pente·

77 3557 129 3602 res
144 3547 250 3620 gestae
266 3550 441 3606 sanctorem
457 3541 632 3618 Principum
649 3543 854 3605 eontinentur.
871 3539 916 3603 Si·
962 3544 1017 3615 iiii,
1034 3541 1101 3604 eius
1117 3542 1175 3606 rita
1192 3540 1326 3622 priorem
1346 3543 1378 3606 iu
1395 3543 1473 3607 libre
1486 3557 1555 3604 meu
1567 3541 1667 3610 iocum
1681 3537 1802 3602 babeat.
