4080 6252
314 261 369 322 tito
875 255 922 316 DE
941 254 1054 316 otttc.
1072 251 1191 316 estne.
1212 253 1350 316 Gttntst.

247 409 317 458 nara
334 391 448 473 caepit:
472 392 527 458 rod
543 391 585 458 illi
600 391 758 473 Principes
780 405 850 454 rere
873 390 913 466 pti
936 397 1094 452 servarunt
1142 408 1155 452 t
1173 405 1208 452 ex
1224 403 1284 452 me.
1302 389 1333 453 Si
1356 391 1478 456 dicente
1493 405 1541 454 me
1555 391 1592 454 ad
1609 387 1749 468 imploro,
1765 394 1866 455 niorto
1884 385 2012 452 morie·

245 475 312 548 Del,
329 476 380 554 qni
397 493 465 538 coro
491 473 638 556 piissimis
654 475 793 539 oratore
815 479 844 535 et
857 471 1030 536 ttreodosro
1046 489 1094 536 se·
1141 491 1156 534 n
1173 471 1234 549 ris;
1251 482 1309 533 non
1326 467 1558 538 annunciaveris
1573 474 1614 552 et,
1629 487 1729 552 neque
1745 473 1870 536 loculos
1887 467 2007 541 locria.

248 559 335 620 niorc
351 559 503 622 dixerunt.
523 575 536 620 n
556 556 686 620 Cunctos
708 558 851 634 populos,
868 569 945 632 quos
960 554 1093 632 clemen·
1142 571 1156 614 t
1175 557 1206 620 ut
1221 561 1369 620 avertatur
1384 577 1399 618 a
1417 555 1460 619 ria
1476 572 1530 618 soa
1544 555 1781 631 molestabat:
1795 557 1868 634 ipse
1882 553 2008 631 impios

249 659 262 701 tt
282 639 339 704 liae
357 649 477 705 nostrae
499 641 577 720 regit
601 637 761 719 irnperionr
780 641 808 698 in
827 639 875 699 tali
893 637 1031 700 nolumus
1048 655 1093 701 re·
1142 653 1156 696 rt
1174 635 1203 697 in
1218 633 1376 714 iniquitate
1391 656 1445 702 sno
1461 639 1628 701 morietur:
1645 639 1827 716 sangninem
1843 643 1958 700 autem
1972 655 2005 696 e·

248 740 260 783 n
279 720 392 801 lipinne
409 723 531 798 rersari,
550 722 759 798 cannabinum
776 717 900 790 Petrum
916 717 1092 798 Apostolum
1142 738 1156 782 n
1173 720 1221 784 ios
1243 718 1281 780 de
1303 737 1393 784 mano
1410 728 1459 784 tua
1474 720 1638 800 requiram.
1654 720 1684 781 Si
1706 724 1807 783 autem
1822 717 2005 783 annuncia·

246 825 261 863 c
280 803 440 869 tradidisse
455 803 597 869 Romanis
613 803 720 884 religio
738 801 944 886 osqaoodboo
966 801 1002 863 ab
1027 805 1094 882 ipso
1142 801 1250 866 araris
1267 803 1372 882 impio,
1389 808 1419 868 et
1433 803 1483 866 rlio
1500 819 1558 866 non
1581 799 1670 864 luerit
1692 819 1862 866 ronrersus
1879 801 1921 864 ab
1948 803 2004 861 im·

247 903 260 948 r
278 885 428 950 instonoto
445 885 589 960 declarat,
613 885 962 966 quarnqoe‘Pontillecm
988 885 1092 948 Pama·
1142 903 1156 948 a
1172 885 1283 963 pietate
1298 903 1351 950 soa
1367 885 1456 966 :ipse
1469 885 1591 964 cuidam
1604 885 1635 946 in
1648 883 1802 961 impietate
1814 901 1871 948 sua
1886 881 2006 948 morie·

246 987 258 1029 n
276 983 344 1032 som
360 970 464 1040 claret,
482 976 527 1032 eto
541 984 569 1031 o.
1142 988 1155 1030 n
1174 971 1242 1031 lor:
1252 976 1286 1116 ψ
1303 975 1400 1032 notoni
1423 968 1555 1032 anirnarn
1572 974 1653 1029 tuam
1670 965 1806 1030 liberasti
1826 984 1855 1030 n.
1875 964 1964 1029 ilaec
1978 965 2006 1030 i-

282 1049 321 1112 'Et
334 1065 407 1113 sane
424 1050 561 1128 intrabile
578 1055 635 1123 est,
652 1049 732 1129 quod
750 1055 829 1134 epod
844 1049 963 1131 aliquos
978 1049 1093 1114 Princt·
1139 1067 1191 1130 psa
1205 1067 1261 1130 qua
1297 1050 1496 1115 Dominosdo
1512 1049 1682 1130 proptretis.
1698 1053 1748 1128 qui
1765 1049 2006 1127 praedicatores

244 1147 298 1206 par
313 1133 382 1210 plus
394 1130 465 1195 ildei
479 1133 630 1196 invenerit
647 1133 676 1193 in
693 1136 786 1201 rebus
800 1137 883 1208 noer,
898 1151 956 1195 uno
970 1135 1034 1196 otis
1048 1149 1093 1197 er·
1138 1133 1220 1196 itlius
1235 1135 1380 1212 temporis
1395 1141 1491 1204 erant,
1508 1132 1582 1194 dicit
1596 1149 1605 1208 ;
1621 1131 1728 1194 eadem
1741 1131 1869 1195 ornnino
1887 1131 2004 1194 intelli·

243 1229 313 1275 rans
329 1213 368 1274 ab
384 1214 466 1284 otili,
484 1233 573 1292 quani
590 1232 728 1279 sornrnus
745 1220 848 1285 Pastor
862 1217 899 1278 ab
914 1215 1095 1296 ipsollonri·
1138 1217 1166 1293 gi
1181 1215 1294 1280 debent
1310 1217 1348 1281 de
1371 1212 1545 1294 Episcopis,
1567 1215 1605 1277 ad
1627 1231 1705 1288 nuos
1721 1215 1889 1295 praecipue
1907 1213 2001 1293 perti·

244 1312 282 1358 no
298 1297 481 1360 constitutus
496 1305 525 1360 et
542 1296 651 1360 Doctor
667 1309 696 1360 et
707 1300 814 1367 Iudex.
829 1304 876 1372 dt,
890 1298 1026 1378 inquies,
1039 1300 1095 1363 Lo·
1140 1303 1191 1360 net
1206 1299 1339 1363 alliciam
1366 1298 1616 1376 praedicationis.
1641 1297 1866 1376 episcoporum
1895 1306 2000 1360 autem

243 1378 348 1444 tirerus
363 1381 487 1444 terbum
500 1381 556 1443 Dei
569 1398 622 1458 pro
635 1399 688 1442 soa
705 1389 854 1449 sententio
872 1383 1055 1461 proterebat.
1070 1383 1095 1445 l·
1140 1390 1230 1460 capot
1246 1388 1276 1446 et
1290 1383 1435 1464 princeps
1450 1389 1497 1444 est
1519 1397 1659 1444 summos
1678 1379 1830 1444 Pontiiex.
1847 1378 2002 1442 solebant

242 1463 268 1521 il
284 1466 331 1523 ⁰⁵¹
345 1479 353 1538 3
370 1465 425 1526 ⁸⁰⁸1
443 1480 510 1526 cum
528 1465 566 1525 de
581 1465 779 1546 intelligente,
794 1469 875 1532 verbi
892 1467 944 1528 Pei
958 1468 1096 1544 quaestio
1141 1473 1239 1526 roten
1255 1465 1419 1530 Pontiiices
1431 1463 1563 1538 ilarimi,
1577 1472 1607 1525 et
1622 1463 1764 1542 Episcopi
1781 1463 1908 1540 reliqui,
1921 1481 2001 1540 quae

242 1549 347 1624 essot3
363 1561 418 1607 cnr
433 1561 493 1608 non
507 1546 699 1610 observatam
717 1559 762 1613 est
779 1553 860 1616 aliod
888 1549 1013 1614 verbum
1028 1549 1094 1626 Dei,
1141 1547 1219 1610 maia
1232 1565 1267 1612 or
1280 1549 1406 1630 specula
1419 1545 1587 1630 cernebant
1599 1547 1627 1607 in
1641 1545 1845 1610 concionibus
1857 1545 1898 1608 ad
1912 1563 2001 1626 prae·

241 1625 434 1702 apertissime
451 1631 580 1700 docens,
598 1635 630 1692 nt
650 1633 685 1690 ad
708 1636 898 1700 sacerdotem
922 1633 1027 1699 iretur.
1044 1634 1096 1712 qni
1141 1639 1272 1709 senates3
1294 1649 1348 1711 per
1370 1632 1476 1694 literas
1502 1630 1538 1691 ad
1565 1629 1710 1692 absentes
1736 1628 1898 1693 nunciare.
1920 1629 2002 1692 Erue

242 1721 279 1770 eo
292 1713 429 1789 ternpore
451 1712 643 1775 ministrabat
667 1714 794 1779 Domino
817 1719 879 1780 lieo
895 1715 978 1782 soal
993 1715 1028 1776 Et
1044 1732 1096 1794 po·
1140 1721 1266 1777 sanctos
1277 1712 1458 1778 lnorostus
1472 1711 1502 1774 in
1519 1711 1648 1790 epistota
1661 1714 1698 1774 ad
1714 1709 1924 1775 Theodosium
1941 1712 2002 1775 irn-

242 1796 401 1869 steanoam
417 1794 454 1857 de
471 1794 601 1859 consilio
616 1795 789 1876 sapientum
811 1799 918 1864 Pastor
935 1798 1097 1876 primarius
1140 1803 1313 1876 peratorem
1329 1796 1449 1873 scribit,
1465 1810 1499 1858 se
1516 1812 1575 1857 non
1594 1811 1686 1880 posse
1702 1795 1867 1858 ullomodo
1882 1800 2000 1870 terere,

242 1879 424 1938 sententiaro
442 1878 528 1948 dixit,
545 1886 573 1938 et
586 1878 749 1943 Lnttrerurn
764 1881 951 1946 harereticorn
965 1897 1098 1960 pronun·
1141 1879 1166 1941 si
1183 1895 1241 1957 noa
1258 1882 1334 1946 rnala
1357 1882 1435 1942 iacta
1451 1879 1489 1940 de
1511 1877 1578 1957 ipso
1599 1879 1739 1954 audierit,
1764 1883 1794 1942 et
1807 1877 1881 1941 ideo
1897 1894 2002 1958 aequo

242 1955 353 2019 triarii:
371 1959 420 2021 ubi
438 1966 485 2024 ost
501 1960 623 2024 nerbono
642 1962 707 2026 liei.
724 1967 806 2044 qnod
830 1965 973 2043 anteponi
990 1965 1098 2028 doceat
1140 1961 1242 2028 animo
1254 1962 1329 2026 ierat
1342 1961 1602 2040 reprehensiones
1617 1976 1699 2024 sons.

242 2037 428 2104 haereticum
445 2045 631 2106 declaratam
646 2046 703 2120 ipsi
720 2047 816 2112 ludici
828 2063 960 2124 summo,
975 2047 1012 2108 ab
1028 2048 1096 2127 ipso
1181 2043 1263 2119 Quae
1279 2065 1348 2110 earn
1361 2049 1399 2108 ita
1415 2044 1489 2120 sint,
1507 2052 1535 2106 at
1546 2043 1704 2124 Episcopi,
1718 2059 1753 2103 an
1763 2041 1913 2124 Princeps
1927 2041 2000 2122 Epi·

243 2120 373 2218 troanno
389 2125 546 2190 constitet
564 2125 625 2188 lloc
641 2126 722 2190 idem
740 2131 800 2193 dici
818 2141 918 2212 potest
933 2133 970 2194 dc
982 2130 1096 2194 Prinoi-
1140 2143 1316 2206 scoparum,
1341 2129 1429 2193 caius
1451 2133 1532 2190 totas
1548 2128 1679 2190 mundus
1694 2123 1853 2190 iiioecesis
1867 2133 1930 2199 est,
1948 2128 2001 2190 dc·

244 2204 335 2280 pibus
352 2207 426 2284 iltis,
450 2209 502 2286 coi
528 2209 673 2272 loarrncnr
697 2210 851 2277 Calvinum
876 2221 1027 2291 tanquam
1045 2230 1097 2278 no·
1141 2209 1214 2272 beot
1230 2221 1260 2274 et
1275 2213 1368 2278 aerbo
1385 2220 1413 2276 et
1429 2208 1570 2289 epistolis
1593 2226 1652 2272 noo
1675 2214 1780 2282 tacere¹
1798 2207 1865 2271 ritia
1882 2207 1999 2274 Princi-

240 2303 308 2350 rorn
324 2287 503 2366 Apostolum
516 2300 710 2373 receperunt,
726 2306 794 2358 ca'm
811 2299 892 2362 nulla
905 2300 993 2376 signa
1006 2298 1053 2359 soi
1066 2315 1097 2360 a·
1140 2309 1224 2372 pom,
1243 2298 1311 2369 sed,
1329 2301 1362 2360 ul
1382 2292 1547 2374 dpostolus
1572 2292 1717 2371 loquitor,
1741 2307 1882 2371 arguere,
1907 2293 1997 2354 obse·

240 2371 408 2450 postolatus
423 2374 588 2438 ostendere
611 2383 728 2456 posset,
744 2378 801 2444 nisi
825 2380 975 2444 virentem
1000 2379 1096 2442 borni·
1140 2391 1237 2460 erare,
1257 2379 1428 2457 increpare,
1451 2380 1635 2454 opportune,
1659 2377 1835 2453 importuno
1858 2377 1889 2436 in
1913 2374 1998 2437 omni

242 2467 310 2515 nem
329 2469 396 2517 rere
413 2455 637 2537 mortisscatunr,
655 2477 745 2538 quern
768 2479 804 2525 rx
828 2471 924 2527 morte
947 2463 984 2526 ad
1008 2466 1097 2528 eitam
1141 2459 1300 2539 patientia,
1328 2470 1359 2524 et
1385 2459 1534 2525 doctrine.
1559 2458 1618 2522 Sed
1642 2473 1701 2520 non
1719 2456 1819 2521 minus
1833 2453 1998 2538 Principes

242 2535 318 2597 tatso
334 2553 348 2597 o
364 2538 399 2600 se
414 2545 587 2603 reuocatum
604 2542 688 2606 credi
711 2545 866 2609 notuerat:
889 2549 940 2625 oui
964 2548 988 2610 si
1006 2547 1096 2612 tidem
1141 2541 1256 2608 debent
1281 2543 1430 2624 praebere
1456 2558 1547 2606 nores
1571 2539 1773 2616 obedientes,
1804 2545 1835 2603 et
1859 2541 1996 2621 coppiano

243 2621 342 2695 potios
359 2619 473 2684 babere
489 2623 655 2687 noluissent
672 2625 1097 2694 bactani-omniumctrristio·
1142 2624 1338 2693 Pontiilcibus
1361 2633 1391 2690 et
1413 2621 1575 2704 Episcopis
1598 2621 1817 2686 molestissime
1838 2627 1996 2699 accidere,

242 2707 361 2778 nornrn,
378 2717 395 2764 a
411 2702 531 2768 cbristo
547 2707 615 2786 ipso
633 2707 790 2773 Ecclesiae
813 2712 892 2786 dato,
908 2712 978 2775 etin
996 2714 1098 2776 cotbc·
1141 2711 1166 2772 si
1193 2712 1315 2789 quando
1340 2711 1378 2774 ad
1405 2707 1580 2772 huiusmodi
1605 2705 1865 2788 reprehensiones
1893 2706 1995 2769 venire

241 2783 293 2842 dra
310 2801 363 2844 soe
380 2787 542 2853 collocato.
561 2805 614 2868 pro
630 2792 717 2853 onius
733 2792 805 2864 ilde,
822 2803 854 2856 ut
868 2812 929 2857 non
952 2795 1098 2861 deiiceret
1141 2803 1286 2874 rogantur
1301 2813 1311 2874 ;
1327 2809 1428 2873 neque
1446 2792 1516 2854 ilios
1536 2797 1647 2870 sponte
1663 2789 1721 2851 lroo
1735 2803 1838 2870 apere,
1854 2793 1912 2853 sed
1928 2806 1995 2853 eoa·

242 2871 390 2929 oraverat:
408 2875 490 2931 corte
507 2877 536 2931 tn
553 2873 715 2948 reproborn
731 2891 857 2938 sensnm
871 2878 929 2938 doti
947 2895 1005 2940 nnn
1025 2879 1097 2946 iuis·
1140 2883 1206 2941 ctos
1218 2871 1310 2942 tome
1325 2873 1564 2940 comminatione
1587 2870 1700 2938 divina.
1717 2887 1795 2951 quae
1810 2874 1994 2952 sanguinem

242 2953 322 3010 sent.
341 2947 419 3027 Ergo
434 2951 531 3033 Repeo
546 2955 726 3036 intellipite.
744 2960 924 3023 erudimini
938 2961 997 3042 qui
1010 2963 1096 3027 iudi·
1139 2960 1308 3024 aninaronr
1334 2960 1373 3021 de
1398 2974 1490 3022 manu
1506 2973 1612 3020 eorom
1634 2953 1854 3031 requirendum
1871 2957 1993 3034 elamat,

240 3031 467 3126 entistorrom,
485 3037 528 3099 rtli
544 3035 667 3100 Doctori
684 3039 774 3102 iidem
799 3041 908 3105 babere
932 3049 959 3104 in
977 3053 1097 3108 contro·
1140 3041 1198 3105 nisi
1215 3041 1401 3107 denuncient
1423 3056 1539 3120 poenas
1555 3035 1753 3118 peccantibus
1769 3037 1908 3101 debitas:
1933 3045 1992 3102 tom

240 3123 349 3176 rersrrs
365 3113 447 3192 ildei,
465 3119 513 3181 eol
525 3120 641 3184 Peritos
654 3123 738 3184 dtrtt.
756 3122 849 3188 Ornoi
859 3141 917 3204 pro
931 3133 969 3202 te,
983 3134 1017 3190 tat
1029 3145 1097 3194 aon
1140 3125 1177 3188 ab
1193 3126 1257 3207 ipso
1274 3127 1419 3192 charitate
1433 3129 1572 3204 paterna,
1584 3137 1662 3200 quae
1674 3121 1752 3199 cogit
1767 3121 1905 3186 medelas
1917 3138 1993 3185 mor·

239 3193 368 3274 deficiat
391 3197 471 3296 fides
500 3209 579 3281 tao;
595 3211 624 3263 et
648 3205 727 3267 ttlorn
752 3205 922 3270 Ecclesiam
939 3213 1094 3289 requirite,
1139 3207 1188 3270 bis
1203 3209 1364 3280 adbibere,
1381 3205 1518 3288 quamtis
1533 3221 1663 3277 amaras,
1686 3219 1725 3265 ne
1748 3202 1801 3265 lilii
1816 3219 1939 3279 eorum,
1959 3223 1991 3268 ac

240 3279 279 3339 de
296 3297 353 3354 noa
380 3282 495 3352 drctnrn
512 3291 560 3348 est
585 3303 600 3348 e
622 3288 902 3370 Donrino‚‘por·toe
918 3293 1017 3372 inferi
1029 3312 1097 3362 reon
1139 3291 1324 3369 praesertim
1336 3289 1582 3354 honorabiliores
1598 3287 1707 3350 misere
1721 3287 1899 3365 pereant.Et
1914 3295 1992 3352 corte

240 3363 476 3440 praenotabant
488 3369 641 3434 adversus
657 3387 740 3433 eonr.
1139 3375 1164 3437 si
1189 3376 1348 3455 Principes
1363 3367 1525 3437 Christiani
1546 3371 1682 3436 libentes
1703 3368 1879 3448 acciperent
1897 3377 1989 3448 pater·

282 3441 425 3532 Qoarturn
443 3465 554 3513 nomen
569 3452 735 3526 Pontilicis.
753 3453 934 3532 Speculator
949 3465 1008 3524 est.
1025 3460 1096 3540 ipsa
1139 3473 1194 3520 nes
1215 3459 1461 3533 admonitiones,
1486 3455 1663 3534 praesertim
1689 3467 1727 3515 ox
1751 3469 1823 3534 aera
1845 3454 1992 3518 claritate

240 3525 321 3589 enim
338 3539 498 3610 propterea
513 3536 542 3597 in
556 3535 703 3599 altissimo
715 3536 837 3618 lastigio
852 3545 939 3604 sedet
951 3545 1096 3624 speculae
1139 3541 1344 3620 prodeuntes3
1361 3539 1451 3604 muln
1476 3537 1604 3602 tortasse
1625 3536 1793 3610 discerent,
1815 3553 1895 3616 quae
1909 3535 1990 3617 igno·

243 3609 419 3704 pastoralis,
440 3621 470 3676 ot
486 3624 611 3682 sanetus
628 3618 814 3700 Augustinus
828 3619 965 3700 innititur
981 3627 1010 3688 in
1027 3627 1095 3706 ipso
1139 3629 1250 3689 rantot
1260 3627 1362 3689 nruitis
1374 3618 1568 3688 detrimentis
1578 3619 1731 3696 iniuris,el
1743 3618 1992 3700 impendentibus

245 3693 397 3788 principio
415 3696 559 3762 librororn
574 3709 701 3782 quatuor
716 3705 752 3764 ad
766 3703 953 3771 Bnnitaeiorn
969 3710 1093 3789 Papam:
1139 3707 1273 3771 remedia
1290 3707 1484 3783 adhiberent,
1498 3720 1576 3783 quae
1593 3720 1652 3766 non
1668 3700 1825 3780 adnitens,
1842 3704 1915 3780 onia
1931 3720 1988 3766 oca

243 3789 386 3852 quoniam
400 3780 437 3876 ad
454 3782 537 3845 illum
555 3787 699 3864 pertinet,
716 3788 920 3865 specularier
937 3793 997 3856 atto
1020 3793 1092 3871 qaid
1138 3795 1185 3853 est
1196 3791 1247 3869 noi
1263 3791 1332 3854 rllos
1343 3793 1508 3852 admonere
1521 3783 1764 3852 aodeai.lltinam
1777 3785 1890 3850 maltos
1901 3786 1991 3849 babe-

241 3863 330 3936 aput
343 3856 520 3956 iibrrstlani,
545 3867 662 3930 atinde
685 3869 782 3933 malos
804 3871 977 3949 admoneat,
1001 3885 1033 3938 nt
1049 3893 1095 3940 rc·
1138 3889 1242 3936 remus
1257 3873 1461 3946 lirendosins,
1478 3879 1507 3935 et
1520 3869 1632 3932 multos
1652 3867 1948 3932 simul‘drnbrosios.
1962 3869 1990 3932 l·

242 3939 334 4001 deant
349 3959 379 4038 in
396 3945 472 4006 rtarn
489 3947 614 4022 bonaur:
629 3958 658 4013 et
669 3951 768 4016 bonos
780 3954 930 4026 bortatur,
944 3965 975 4021 ot
992 3975 1095 4035 perse·
1138 3962 1182 4018 ste
1197 3955 1277 4019 onim
1294 3970 1331 4019 or
1346 3956 1492 4019 charitate
1507 3953 1583 4018 nibil
1601 3953 1674 4016 atita
1690 3950 1828 4014 tacebat:
1844 3959 1876 4014 et
1888 3951 1941 4015 ille
1954 3970 1990 4018 ex

243 4031 349 4085 terent
365 4041 395 4086 rn
410 4043 515 4105 corso,
533 4039 563 4094 et
586 4037 763 4112 perveniant
780 4037 816 4098 ad
833 4036 982 4105 bravium.
999 4041 1094 4108 liuius
1137 4037 1312 4104 obedientia
1326 4039 1532 4106 libentissime.
1545 4035 1645 4100 omnia
1667 4033 1823 4112 audiebat,
1840 4038 1872 4098 ei
1886 4050 1990 4100 eneco-

240 4107 447 4183 spcnolatoris
464 4111 557 4192 ligore
575 4117 630 4180 luit
650 4120 797 4198 propbeta
821 4121 999 4194 tttereotas.
1024 4143 1094 4188 san·
1136 4123 1218 4184 t²one
1235 4123 1410 4186 mandabat.

241 4194 292 4251 eto
318 4187 472 4257 uernsrdo
500 4205 599 4262 teste:
630 4203 675 4264 stc
701 4201 782 4264 enim
804 4202 939 4282 loquitor
961 4207 1042 4272 Deos
1057 4211 1093 4273 od
1178 4205 1368 4270 Postremum
1391 4221 1503 4268 nomen
1517 4209 1576 4274 est,
1593 4199 1744 4268 Sacerdos
1764 4199 1906 4280 dagnus,
1930 4202 1989 4266 sira

118 4318 120 4324 s
240 4268 437 4352 Hieremiam,
451 4295 463 4339 t
476 4277 553 4344 Ecce
565 4286 709 4348 constitui
723 4293 750 4346 te
765 4285 855 4350 bodio
871 4304 964 4368 super
975 4298 1093 4372 gentes,
1138 4288 1273 4352 Pontiier
1290 4287 1448 4361 ilaximos,
1465 4287 1546 4369 quod
1563 4293 1610 4350 est
1622 4299 1734 4348 nomen
1747 4285 1989 4349 bonorificentis-

243 4370 258 4413 ί
276 4360 307 4415 0¹
329 4371 424 4436 ⁵¹¹1)er
445 4377 553 4443 regna,
569 4372 602 4430 ot
616 4369 742 4444 evellas,
760 4375 790 4432 et
804 4371 950 4449 dissipes.
967 4383 995 4436 et
1011 4377 1093 4438 aedi·
1138 4373 1263 4446 sinnam,
1279 4389 1378 4452 usque
1394 4373 1484 4444 adeo,
1501 4376 1532 4432 at
1549 4369 1639 4432 etiam
1654 4368 1734 4446 apud
1752 4367 1909 4431 Romanos
1923 4367 1990 4430 Erb-

244 4453 257 4498 r
275 4435 362 4516 tices,
380 4446 411 4502 ct
426 4444 545 4522 piantes
562 4465 590 4513 n.
606 4449 710 4528 necue
726 4453 899 4530 signidcant
913 4457 988 4520 boec
1003 4459 1093 4521 rerba
1140 4456 1227 4518 nicos
1243 4455 1364 4518 maximi
1381 4455 1468 4518 lieret
1479 4447 1904 4538 nomenflnntrlcisllaximb
1917 4469 1989 4528 aare

240 4517 604 4621 Prophetaerrnandario
623 4535 695 4606 lieo,
711 4535 833 4598 otbello
849 4545 933 4616 perat
948 4557 1016 4602 com
1033 4540 1089 4604 lle·
1140 4553 1229 4601 caasa
1256 4537 1323 4614 loit,
1348 4543 1379 4600 ot
1404 4537 1551 4601 Caesares
1576 4532 1703 4616 dogosti
1726 4533 1889 4598 Pontillees
1904 4534 1988 4598 etiam

240 4613 349 4696 posset
366 4605 512 4690 Regibus,
536 4618 567 4677 et
581 4632 615 4678 ea
631 4617 690 4679 sibi
707 4617 798 4681 ermis
813 4619 975 4702 subiiciat3
992 4623 1047 4687 sed
1063 4631 1096 4688 ot
1142 4621 1263 4696 maximi
1279 4621 1427 4685 nominari
1444 4619 1606 4684 noluerint.
1622 4617 1657 4682 Et
1669 4619 1698 4678 in
1715 4623 1898 4682 testamento
1914 4627 1990 4682 rete·

241 4697 272 4745 rn
290 4687 351 4750 alto
365 4693 481 4756 sedens
496 4695 639 4761 obserat-t
653 4701 749 4764 melos
765 4718 877 4776 mores,
895 4710 925 4766 et
939 4711 1095 4784 corrupte·
1140 4705 1178 4772 ri.
1203 4722 1272 4767 eom
1295 4707 1427 4785 primam
1450 4703 1574 4781 aldose,
1591 4703 1641 4779 qui
1664 4698 1755 4764 simol
1770 4709 1834 4764 erat
1849 4701 1989 4784 Princeps

239 4763 410 4864 insomnes
431 4774 548 4856 begam
570 4784 600 4844 ei
615 4781 799 4864 Regnorum,
813 4792 854 4848 et
875 4787 1047 4865 clamando,
1065 4797 1095 4853 et
1137 4787 1327 4862 etPontiier.
1341 4787 1456 4852 dirisae
1468 4792 1540 4851 sont
1555 4787 1631 4849 istac
1654 4790 1833 4863 potestates,
1850 4792 1881 4848 ct
1893 4785 1989 4848 Ponti·

240 4851 433 4948 rootlerando
461 4859 620 4928 liberrime
645 4865 782 4948 increpet
808 4869 888 4946 vitia,
913 4874 1093 4949 praesertim
1139 4879 1225 4933 entus
1248 4870 1371 4944 Antoni,
1388 4875 1419 4933 et
1440 4877 1508 4950 post
1530 4886 1599 4934 cum
1623 4867 1767 4932 Eleazaro
1782 4869 1988 4943 collatosiuit,

240 4931 359 5010 Publlcl
387 4938 501 5023 RePam
518 4952 548 5007 et
571 4947 761 5027 Principum,
788 4958 818 5014 et
840 4955 1041 5034 populorum
1064 4965 1093 5019 et
1137 4959 1167 5018 et
1182 4953 1371 5032 Principotus
1387 4953 1496 5032 losoe3
1512 4952 1550 5015 ab
1565 4967 1603 5017 eo
1619 4959 1756 5030 tempore
1772 4966 1898 5032 semper
1909 4969 1988 5034 prae·

240 5027 389 5095 poenosa
416 5024 478 5088 lieo
504 5033 621 5108 paratas
638 5032 804 5110 praedicat.
827 5044 857 5098 et
877 5036 945 5115 ipse
972 5055 1095 5118 quoqne
1139 5037 1258 5114 positos
1271 5037 1325 5101 luit
1339 5033 1619 5115 Pontlberineipi
1636 5052 1644 5114 3
1661 5038 1694 5099 ut
1706 5050 1742 5100 en
1757 5033 1987 5099 libroiiomero·

238 5103 393 5176 censuris,
410 5111 582 5204 poenisque
597 5115 665 5180 olits
680 5123 820 5182 coerceat
832 5127 1048 5200 contumaees3
1065 5128 1095 5186 et
1139 5138 1204 5185 runt
1220 5125 1250 5183 ei
1264 5119 1355 5184 losoe
1370 5124 1471 5200 potest
1484 5117 1625 5198 intelligi.
1640 5117 1724 5182 ilatio
1741 5133 1812 5182 reto
1835 5117 1928 5185 buius
1943 5135 1988 5182 er·

238 5197 277 5247 eo
294 5187 384 5249 modo
399 5189 569 5272 drsperdat,
586 5205 615 5260 et
629 5199 763 5263 destruat
787 5210 910 5281 peecata
934 5204 1047 5284 degum
1065 5211 1094 5268 et
1139 5203 1301 5276 cellentioo
1313 5211 1370 5278 est,
1387 5203 1457 5278 qaia
1469 5201 1608 5266 Pontifex
1622 5208 1743 5281 praeest
1758 5202 1853 5265 rebus
1869 5204 1987 5278 divinis,

238 5268 439 5348 populorum:
455 5282 484 5336 et
499 5278 640 5360 aedilicet
652 5289 682 5345 et
697 5285 814 5361 plantet
829 5285 965 5350 rirtotes.
979 5305 1014 5350 ac
1031 5303 1093 5352 mo·
1139 5294 1169 5350 et
1184 5288 1330 5368 Princeps
1344 5283 1436 5350 rebus
1451 5285 1611 5364 bumaois;
1627 5284 1675 5350 coi
1688 5283 1779 5368 etiam
1792 5285 1862 5347 addi
1878 5289 1987 5363 potest,

238 5365 288 5446 ros
315 5351 426 5417 bonos.
454 5357 539 5435 Quod
565 5363 646 5428 idem
674 5367 786 5432 elarius
802 5367 935 5446 explicat
950 5367 1092 5434 Ezechiel
1139 5369 1221 5447 cuod
1233 5369 1376 5449 regiones
1390 5367 1564 5447 Principum
1578 5376 1674 5432 terrae
1687 5365 1833 5432 delinitae
1843 5375 1912 5431 sont
1927 5385 1987 5432 eer-

237 5433 357 5500 dreens.
371 5456 384 5500 t
397 5438 521 5537 Paetum
531 5449 707 5512 estrerbom
723 5451 840 5519 Domini
853 5453 892 5518 ad
906 5468 955 5515 rne
971 5455 1091 5532 dicens,
1140 5454 1178 5516 tis
1194 5452 1359 5532 provinciis
1373 5471 1381 5512 :
1397 5451 1482 5533 regio
1498 5452 1638 5516 subiecta
1653 5449 1790 5514 Pontiilci
1804 5451 1946 5529 marimo,
1959 5469 1985 5516 o·

240 5534 254 5577 a
271 5515 313 5580 iili
330 5518 476 5600 bornrnrs,
493 5531 718 5605 speculatorem
737 5534 807 5596 dodi
825 5543 853 5598 te
869 5535 1092 5603 domoilsroel.
1140 5552 1227 5599 mnes
1243 5531 1431 5614 provincias,
1454 5540 1485 5600 et
1499 5537 1600 5598 omnia
1623 5533 1727 5616 Regna
1744 5533 1928 5598 christianis
1943 5553 1985 5599 so·

236 5614 250 5660 n
265 5606 294 5663 et
308 5603 416 5669 audies
431 5608 469 5673 de
482 5623 534 5674 ore
552 5627 618 5676 meo
636 5616 774 5694 terbum,
788 5622 818 5683 et
830 5620 1031 5684 annunciabis
1045 5620 1097 5688 eis
1140 5618 1239 5684 biecta
1255 5617 1468 5700 complecitur.
1483 5617 1561 5682 Hinc
1573 5617 1626 5683 itio
1641 5618 1712 5682 Pius
1723 5615 1900 5699 Episcopus
1910 5618 1984 5684 Pata·
