4048 6242
752 279 898 342 GRADUS
917 276 1107 338 SECUNDUS
1673 283 1726 344 ult

31 416 68 471 el
89 409 229 490 liquidas
242 456 250 486 ,
273 415 303 474 et
317 409 432 476 solidos
446 410 697 486 consolationes,
720 417 753 476 ut
768 429 838 476 cum
853 412 901 478 ets
945 417 1095 487 mutesco,
1107 415 1138 472 et
1151 410 1256 476 subito
1269 411 1359 492 [octa
1373 419 1418 480 est
1432 414 1652 496 tranquillitos
1662 429 1798 494 monuo,

31 494 226 568 temporalia
243 493 352 574 quodie
367 495 537 573 comparari
554 495 639 558 nollo
661 493 752 558 modo
767 497 900 576 possint.
947 491 1006 554 nist
1022 492 1161 556 Ctrrlstus
1178 511 1267 558 ueros
1282 493 1391 562 Densi
1411 497 1483 575 ipae
1499 507 1599 560 autent
1614 497 1720 568 Deus,
1744 501 1798 576 qui

30 575 92 637 ttta
110 575 218 656 igitur,
235 578 347 646 enimn,
364 580 405 640 sit
420 578 500 657 apud
516 582 546 640 te
560 577 647 640 llrme‘
660 580 832 640 conclusio:
846 581 897 658 qul
947 591 1007 637 non
1025 577 1117 650 babet
1131 576 1169 640 ub
1185 578 1244 640 ulio
1260 580 1399 642 uirtutem
1415 590 1446 642 ct
1461 583 1639 658 putentium,
1656 582 1712 644 sed
1729 582 1797 644 elus

28 657 159 722 inuenit
174 658 272 721 Deum
288 704 298 735 ‚
316 660 434 723 inuenit
447 661 573 724 omnia:
590 664 643 736 qui
671 660 772 742 perdit
787 662 898 739 Deum,
945 657 1088 721 roluutus
1100 659 1234 738 potentia
1246 667 1339 738 est‚et
1351 665 1485 741 potentia
1497 663 1547 728 eoi
1560 663 1635 727 uthit
1651 666 1799 728 resistcre

28 741 146 820 perdit
160 741 275 804 omnla.
945 743 1069 818 potcst;
1093 746 1159 822 ipsc
1176 743 1323 806 inunitam
1340 749 1505 823 potentiam
1523 746 1636 821 hubct,
1664 751 1695 808 et
1716 761 1799 808 sem·

79 825 231 903 Sequitur
245 839 341 901 nunc,
359 828 392 888 ut
406 843 441 888 ex
457 825 585 898 virtute,
601 841 691 904 quum
708 827 792 890 bens
807 825 901 890 rebus
944 839 1001 904 per
1015 824 1130 899 hahet,
1158 833 1188 888 οι
1203 827 1319 904 ubique
1335 828 1438 892 hobel.
1455 829 1490 890 lb
1512 831 1613 900 omnis
1640 829 1801 891 homiuum

30 911 157 970 urentis
172 907 332 977 uttrihuit,
359 908 397 970 ad
413 909 562 970 inlinitum
580 906 732 972 Creatoris
757 912 898 973 virtutem
944 913 1093 985 poteslas,
1110 921 1178 970 oonr
1194 909 1247 972 ilci
1264 917 1412 986 potestate
1429 919 1614 989 comparata,
1629 925 1688 974 non
1707 927 1796 989 parvo

30 989 276 1070 intelligendum
292 997 507 1054 ascendamus.
522 991 608 1055 ,Nulla
625 992 752 1054 omnino
773 1009 823 1056 res
838 1000 898 1066 est,
945 994 975 1050 et
990 989 1113 1068 otique,
1129 993 1184 1052 scd
1199 993 1281 1054 nullu
1295 993 1420 1056 omuino
1433 1000 1491 1062 est,
1507 997 1552 1058 sle
1564 994 1647 1058 caim
1663 995 1798 1073 loquitur

31 1090 121 1150 quac
139 1072 351 1136 admirabilem
368 1074 530 1147 uirtutem,
557 1073 623 1137 siro
638 1077 816 1152 polemium,
834 1076 900 1140 siue
947 1067 1064 1134 tsalas:
1089 1069 1201 1136 omues
1215 1077 1323 1153 quates
1339 1077 1436 1154 quusi
1458 1092 1526 1140 uun
1539 1078 1627 1153 siut,
1654 1077 1701 1140 sic
1722 1082 1800 1140 sunt

31 1155 256 1220 ‹aenieacilatem
274 1171 336 1220 non
353 1156 474 1219 haheat.
487 1157 657 1229 Terrusire
674 1157 752 1235 lapis
766 1165 897 1230 terreos,
944 1161 1163 1225 curameque
1184 1160 1281 1236 quasi
1304 1159 1447 1223 uitulum
1461 1164 1491 1222 et
1505 1161 1608 1224 inune
1628 1165 1801 1238 reputatae

32 1243 60 1298 si
80 1241 123 1302 oh
141 1241 201 1302 ulto
216 1240 396 1312 descendat,
414 1256 476 1315 qun
499 1243 613 1317 impeto
630 1241 717 1302 ruiti
738 1242 812 1319 quid
837 1258 897 1304 non
942 1245 1019 1298 suut
1033 1237 1075 1299 ci.
1091 1235 1197 1300 Nonne
1214 1242 1305 1318 iqitur
1319 1247 1403 1302 stulti
1419 1255 1512 1314 sunl,
1540 1246 1591 1322 qui
1615 1243 1723 1304 timent
1745 1257 1797 1304 res

30 1322 181 1400 irunqitt
202 1322 275 1399 quid
293 1325 320 1384 ai
337 1321 476 1386 resistit?
492 1338 560 1385 com
577 1323 670 1386 uellet
684 1323 817 1401 Spiritus
830 1341 900 1387 san·
944 1331 1063 1382 oreatus
1079 1328 1108 1380 et
1123 1317 1221 1382 Deum
1232 1323 1473 1402 omnipotentem
1488 1341 1547 1388 uon
1564 1325 1686 1388 timenti
1697 1323 1734 1386 Et
1745 1323 1800 1402 qui

31 1412 107 1466 ctus
126 1409 157 1464 in
170 1406 354 1486 Apocalypsi
368 1406 544 1468 describere
557 1407 703 1482 impetum
721 1410 897 1486 maximnm,
945 1403 1104 1466 corrbdont
1117 1405 1146 1464 in
1164 1407 1273 1466 uirtute
1286 1423 1353 1478 sou,
1367 1416 1417 1470 aut
1430 1409 1597 1471 amicorum
1614 1423 1751 1478 suorum,
1769 1411 1801 1470 ct

31 1505 100 1564 quo
116 1487 255 1568 Bahqton
273 1489 434 1566 magnuid
445 1496 505 1560 est,
523 1487 707 1552 universitas
720 1487 898 1569 impiorum,
943 1484 974 1546 ln
990 1483 1055 1548 Deo
1070 1489 1280 1564 omnipotente
1297 1492 1357 1550 ndu
1375 1489 1495 1552 illiont?
1518 1489 1555 1554 Si
1568 1489 1653 1555 Deus
1668 1505 1727 1570 pro
1741 1505 1800 1552 uo·

33 1571 67 1632 in
86 1571 141 1634 die
158 1569 262 1649 iudioij
277 1571 306 1634 in
323 1571 505 1650 protundum
522 1569 625 1650 abyssi
637 1573 897 1652 praecipitabitur,
944 1567 1002 1644 bis,
1017 1569 1090 1647 quta
1106 1576 1219 1630 contro
1234 1569 1320 1634 noel
1336 1571 1410 1634 Etsi
1426 1573 1511 1636 Duos
1525 1582 1630 1636 contre
1644 1589 1713 1648 nos,
1730 1574 1801 1650 quis

31 1652 83 1714 stc
100 1654 169 1715 ait:
191 1653 231 1716 ut
244 1653 377 1716 sustulit
391 1669 480 1716 uuus
496 1651 636 1733 lupello
649 1653 741 1732 sortia
756 1656 900 1735 lapidem
945 1661 1002 1710 eru
1017 1651 1208 1729 pronubis?

32 1738 139 1815 quusi
152 1739 310 1799 mousom
324 1749 493 1816 moqnum,
509 1744 538 1798 ct
552 1731 639 1801 misit
653 1739 691 1801 iu
711 1753 824 1814 mare,
850 1739 899 1802 de·-
985 1731 1079 1812 Ergu,
1093 1733 1194 1796 anima
1211 1751 1291 1810 mea,
1307 1735 1333 1798 si
1348 1736 1455 1816 sapia,
1479 1737 1655 1800 leumiiiorc
1669 1735 1730 1801 ouh
1743 1751 1800 1814 ρο·

33 1833 115 1882 cens
131 1835 142 1881 ι
165 1819 232 1883 linc
245 1820 368 1899 impetu
382 1822 525 1882 mtuctur
536 1819 685 1902 Bohptou
705 1822 819 1886 ciuitas
838 1822 900 1885 tila
930 1817 1024 1892 ,teuu
1038 1833 1142 1880 mono
1155 1815 1225 1895 Dei,
1242 1819 1368 1882 inhaere
1383 1819 1427 1883 itti
1443 1836 1499 1902 per
1514 1835 1614 1883 acram
1631 1817 1775 1898 pictatem
1789 1858 1802 1898 ,ι

33 1919 177 1982 meque,
195 1910 225 1963 ct
235 1901 324 1964 uitro
338 1903 407 1966 iem
421 1918 489 1964 non
501 1905 697 1968 inuenietur.
713 1905 798 1982 thoa
813 1919 898 1980 rore,
944 1905 976 1961 ct
989 1914 1053 1961 non
1067 1901 1190 1963 timebis
1205 1901 1280 1980 quid
1295 1901 1384 1966 lactat
1398 1905 1452 1966 tibi
1469 1904 1574 1974 bomo,
1591 1903 1639 1966 rel
1654 1903 1798 1978 daemon,

34 2003 120 2060 quae
138 1986 242 2046 mollis
257 1991 288 2046 et
310 1984 420 2048 blanda
443 1985 554 2048 leuiter
577 1983 645 2048 llnit
670 2002 767 2066 super
790 1986 898 2052 taciem
944 1982 1231 2047 lelcreotoraalia.
1248 1984 1444 2050 sensitque
1465 2003 1482 2048 a
1507 1987 1618 2064 pietate
1634 1986 1801 2059 excidisti,

36 2075 156 2142 terroe,
173 2066 297 2146 quando
314 2071 455 2129 irascitur
481 2075 512 2129 et
527 2068 709 2145 intumescit
721 2073 750 2132 io
765 2069 900 2133 llumiol·
942 2070 973 2128 et
986 2062 1084 2128 Deum
1101 2071 1185 2128 tuom
1201 2070 1237 2148 eq
1255 2068 1444 2132 iracundiam
1459 2067 1645 2149 provocasti,
1663 2084 1725 2130 nou
1742 2068 1800 2130 des

36 2151 112 2220 bus,
131 2152 181 2213 ret
199 2150 398 2219 torrentibus,
412 2150 505 2212 obuia
517 2166 657 2228 queeqoe
673 2153 852 2230 prosternit,
869 2160 900 2218 et
947 2149 1086 2225 requiem
1103 2149 1293 2227 temporibus
1308 2151 1391 2220 tuis,
1414 2152 1517 2232 ,donec
1532 2151 1672 2216 bucculas
1690 2165 1800 2228 pooem

36 2235 198 2308 destrott3
223 2249 281 2296 neu
296 2234 397 2295 sotum
414 2249 503 2296 casus
517 2235 714 2304 rusticorum.
737 2235 898 2300 sedetiam
944 2231 1103 2292 attomtuc
1115 2232 1283 2294 tuocnimis
1296 2233 1378 2295 euim
1387 2232 1587 2298 uouendum
1598 2233 1802 2298 estiucidcre

37 2324 150 2394 portus
167 2323 197 2379 ct
212 2318 333 2378 moenie
350 2315 516 2386 ctutntum,
533 2322 563 2380 et
577 2323 686 2396 pontes
711 2335 899 2382 marmoreos
941 2313 980 2376 iu
995 2327 1114 2377 mortus
1127 2311 1187 2376 liei
1199 2315 1345 2378 uiuentis.
1785 2363 1790 2372 .

36 2399 181 2462 diruisse
194 2399 339 2461 uidimus.
356 2397 450 2461 Porro
471 2399 565 2472 renti,
583 2401 633 2478 qui
650 2400 815 2480 aliquando
831 2418 900 2465 soa·
985 2393 1090 2457 Reslnl
1103 2403 1134 2459 ut
1147 2396 1407 2477 pulchritudinem
1430 2413 1534 2462 rerum
1560 2402 1731 2460 creatorum
1756 2396 1802 2459 in·

35 2483 172 2544 russone
188 2479 327 2559 spirant,
352 2497 445 2542 uures
460 2483 604 2544 maximas
620 2483 657 2545 ad
673 2483 818 2562 scopulos
834 2483 898 2547 atti·
943 2477 1122 2553 spiciamus,
1140 2481 1180 2541 ue
1204 2495 1263 2556 ooo
1278 2480 1353 2543 dixit
1368 2480 1541 2560 propulere:
1563 2481 1736 2545 Delectant
1750 2496 1802 2543 me

34 2567 128 2638 uum,
147 2572 180 2626 et
194 2579 329 2626 unnosas
344 2579 477 2642 quercus
492 2566 672 2639 eradicent,
700 2571 731 2627 et
745 2570 896 2631 evertunt.
942 2557 1079 2624 Domine
1092 2559 1130 2624 iu
1142 2561 1272 2640 suetoso
1283 2569 1353 2628 tuo.
1368 2563 1511 2636 illocale,
1525 2579 1604 2640 quae
1620 2565 1691 2628 tecit
1702 2563 1802 2638 Dens,

33 2647 108 2708 l'idi
126 2662 211 2725 eqo,
239 2646 322 2722 quod
351 2648 409 2710 nisi
426 2647 572 2710 vidissem
600 2664 661 2711 non
679 2647 858 2727 crederem,
882 2667 898 2712 a
945 2649 976 2705 ut
993 2645 1070 2716 hona
1083 2643 1285 2721 suotomnie,
1297 2646 1445 2710 sicotiam
1459 2648 1585 2726 pulchre
1599 2647 1799 2718 suntomnia,

34 2729 319 2792 vehementissimo
334 2737 425 2790 centn
441 2727 585 2793 effossum
612 2729 769 2808 ingentem
798 2739 897 2795 terrae
944 2727 970 2786 si
986 2735 1069 2788 tectu
1084 2726 1331 2810 considerentur.
1345 2727 1406 2793 Seli
1418 2729 1548 2792 ,omissis
1564 2728 1644 2806 elilS,
1658 2727 1801 2792 conside·

39 2810 172 2886 molem,
186 2827 317 2890 eamque
330 2811 461 2875 oetatem
487 2828 582 2892 super
593 2829 705 2895 papum
721 2814 898 2891 quemdam:
942 2821 1048 2870 remus
1064 2823 1122 2886 ca,
1149 2827 1229 2890 qoee
1243 2811 1383 2875 omnium
1397 2811 1512 2894 iudicio
1528 2820 1557 2874 el
1572 2812 1796 2890 approbatione

36 2903 68 2958 ul
83 2893 176 2958 lorce
191 2894 340 2958 altissima
356 2895 598 2972 conspiceretur,
622 2896 703 2958 undo
720 2904 798 2960 terra
814 2905 899 2962 eruto
944 2898 1016 2952 nnn!
1030 2891 1170 2970 noluitn-
1186 2893 1275 2956 Corte
1297 2911 1406 2972 meque
1424 2900 1471 2958 ost
1487 2895 1683 2974 pulchritudo
1699 2897 1801 2957 niren-

38 2979 151 3048 tuerat,
169 2984 201 3040 et
216 2994 315 3056 paqos
331 2983 411 3040 totus
426 2985 589 3057 coopertos
604 2984 635 3041 ct
656 2979 744 3056 quusi
758 2981 900 3057 sepultus
944 2971 982 3034 tls
998 2974 1095 3050 preti,
1121 2975 1199 3037 horti
1216 2976 1297 3039 hene
1313 2975 1398 3049 cotti,
1416 2976 1654 3042 amoenissimae
1670 2978 1774 3057 syllae
1790 3023 1799 3054 ,

39 3061 213 3130 rnunscrit,
241 3064 277 3120 ud
294 3077 385 3139 quenl
404 3067 481 3124 terro
498 3060 549 3122 itte
564 3065 741 3125 deleuerat.
758 3061 837 3138 Quid
859 3061 900 3126 de
943 3055 1036 3132 meris
1051 3058 1217 3135 tranquilli,
1234 3061 1338 3124 sereni
1355 3062 1446 3136 aeris,
1466 3061 1605 3136 lontium,
1622 3060 1799 3133 lloriorum,

39 3145 113 3222 igne
130 3143 302 3206 dicemust
324 3161 382 3221 qna
399 3143 559 3205 uelocitate
575 3144 716 3206 modicos
738 3147 819 3224 ignis
834 3161 900 3209 orc-
945 3141 1091 3215 urbium,
1118 3142 1194 3204 coeli
1212 3141 1374 3213 mininis,
1402 3151 1493 3222 niune
1515 3142 1802 3208 innumerabilibus

39 3227 98 3288 scit
114 3225 147 3288 in
165 3225 320 3288 flammam
336 3231 461 3298 tuntum,
478 3234 510 3288 ut
525 3228 634 3290 domos
650 3232 681 3289 ot
695 3229 796 3308 sylvas
811 3230 898 3301 quasi
943 3220 1053 3296 stellis.
1071 3225 1159 3300 quasi
1185 3226 1317 3302 gemmis
1332 3226 1483 3290 distincti.
1507 3225 1626 3288 Deinde
1642 3242 1732 3303 quam
1750 3226 1803 3288 dn·

41 3315 200 3371 momento
217 3303 363 3389 temporis
378 3308 528 3382 decoret,
553 3315 583 3372 ct
598 3309 784 3373 consumet?
805 3310 897 3384 Ecce,
942 3303 1034 3367 lactat
1050 3307 1247 3382 pulchritudo
1262 3307 1383 3370 arboris
1397 3307 1528 3372 floribus
1544 3308 1736 3384 restitueret
1747 3323 1802 3385 po·

40 3393 141 3462 inquit
155 3389 191 3453 S.
209 3389 515 3470 lacohns‚quontum
528 3391 615 3472 iqnio
629 3407 729 3474 quom
742 3408 901 3474 nunquam
944 3389 1001 3450 ruis
1029 3389 1187 3450 onustae?
1215 3391 1450 3470 quadrupedum
1480 3391 1632 3455 veriorum
1659 3391 1799 3466 formae,

40 3475 171 3556 spiam
184 3473 348 3537 incendit.
366 3473 399 3536 ln
416 3475 523 3538 herbis
548 3491 637 3554 quam
654 3475 842 3556 multiplices
857 3476 901 3538 la·
946 3472 1053 3536 atium,
1074 3470 1212 3545 collitus,
1239 3473 1371 3550 piscium
1398 3474 1513 3537 lususl
1533 3474 1608 3554 quid
1634 3474 1736 3535 diuum
1763 3473 1803 3536 do

43 3564 105 3618 leur
122 3556 283 3619 rirlutest
303 3555 339 3618 tu
362 3555 541 3636 lapidibus,
567 3573 603 3620 uc
629 3559 809 3632 pracsertim
837 3575 900 3621 ma·
945 3549 1174 3629 pulchritudino
1190 3555 1586 3636 incitamentumque
1602 3555 1800 3633 potisalmum

42 3645 133 3713 pnela
149 3644 185 3700 et
197 3643 347 3715 succino,
375 3657 465 3717 quent
481 3639 671 3703 admirabilis
686 3645 780 3704 rtrtos
801 3643 900 3706 corui·
944 3635 983 3698 do
999 3635 1105 3698 iubare
1120 3635 1174 3698 illo
1188 3636 1271 3700 Solis
1294 3639 1425 3702 monimo
1451 3644 1482 3705 ot
1496 3638 1667 3703 clarissimo
1684 3685 1690 3712 ,
1717 3640 1801 3717 quod

42 3721 115 3784 tur?
136 3721 235 3784 Porro
250 3723 281 3784 in
297 3721 482 3786 animalibus
507 3723 565 3786 alia
590 3723 801 3788 robustissima
828 3740 900 3788 csso
945 3723 1064 3782 exortu
1079 3733 1137 3780 snt>
1158 3721 1308 3784 mnndum
1334 3722 1481 3786 cabilloni
1508 3720 1712 3786 uniuersum?
1739 3722 1801 3784 Sed

41 3805 209 3876 ridemus,
225 3811 257 3868 ul
275 3805 404 3873 leones.
421 3821 532 3880 orsos,
551 3813 676 3884 tauros,
692 3807 899 3888 elephantes3
944 3799 1098 3868 homiues,
1113 3801 1151 3863 ud
1163 3817 1242 3880 quos
1255 3803 1448 3882 potissimum
1464 3806 1631 3883 loquimur,
1644 3803 1721 3867 nihil
1736 3821 1800 3865 mo·

42 3888 96 3949 atio
114 3885 384 3966 ingeniosissima,
400 3889 540 3966 quamuis
560 3889 780 3967 minutissima,
794 3897 828 3953 ut
841 3890 901 3954 lor·
943 3885 991 3963 ltin
1006 3899 1098 3963 quem
1113 3901 1167 3945 sno
1183 3884 1320 3964 ipsorum
1344 3895 1490 3952 uenustus
1512 3890 1697 3966 speciesque
1715 3886 1802 3949 dolc-

42 3971 150 4042 micus,
167 3985 308 4044 araneos,
325 3986 412 4048 apes,
430 3970 704 4037 mirmicoleooeor.
720 3971 832 4037 Omitto
847 3988 900 4050 po·
945 3971 1016 4030 nini·
1033 3967 1314 4048 l’roptorspcciem
1327 3970 1505 4034 mulierum
1515 3971 1611 4034 multi
1621 3970 1803 4049 perierunt,

42 4053 165 4116 lentim
182 4051 382 4131 ungulorum,
399 4052 540 4116 uirtutem
564 4053 658 4128 Solis,
674 4062 705 4119 et
719 4055 899 4130 stellarum,
944 4049 1045 4128 iuquit
1057 4049 1307 4115 Ecclesiasticus.
1320 4051 1459 4116 Vidimus
1470 4070 1576 4136 saepe,
1590 4061 1621 4116 et
1633 4053 1801 4129 doluimus,

44 4153 122 4211 quae
138 4138 249 4214 procul
271 4153 286 4196 u
311 4138 406 4200 nohis
432 4136 565 4208 absunt,
593 4135 683 4216 quale
708 4137 830 4202 landem
854 4145 902 4204 esi
944 4132 1025 4196 titos
1051 4131 1165 4210 alioqui
1179 4135 1454 4214 sepiuniissitttos‚
1479 4134 1682 4199 [deminutum
1706 4152 1801 4201 renu-

43 4219 203 4298 inqenium
221 4219 391 4296 hominurn,
409 4235 470 4293 quo
486 4223 529 4281 tot
542 4225 624 4282 artes
646 4219 787 4284 iuuentae
802 4228 897 4296 sont,
943 4222 1023 4278 state
1038 4219 1121 4278 tanto
1137 4233 1241 4280 umore
1257 4223 1363 4296 coptos
1379 4265 1386 4286 .
1414 4225 1570 4302 utcontra
1587 4220 1678 4281 etium
1695 4218 1801 4282 locoti-

43 4307 74 4364 ot
85 4316 185 4378 saepe
200 4299 389 4378 dubitemus,
407 4309 510 4364 utrum
526 4305 581 4364 arti
598 4309 717 4378 natura,
740 4321 779 4368 an
796 4304 899 4385 potius
945 4309 1000 4359 uos
1012 4313 1120 4376 graues
1136 4307 1165 4362 et
1181 4302 1345 4362 honoratas
1357 4302 1394 4364 ad
1411 4316 1478 4364 eunt
1495 4301 1644 4366 insaniam
1659 4303 1803 4365 reductas

42 4401 87 4445 crs
104 4390 236 4446 naturae
252 4385 383 4462 palmam
399 4385 571 4450 concedat?
943 4381 983 4446 oh
1000 4382 1130 4443 uirorum
1148 4383 1423 4460 pulchritudinem,
1438 4381 1546 4447 utrem
1564 4383 1755 4454 tamitiarem,
1772 4388 1805 4447 et

79 4464 195 4529 tttollc
211 4481 304 4538 nuuc,
321 4465 434 4534 auium,
451 4469 561 4530 ocutos
576 4468 688 4531 mentis
703 4468 741 4532 ed
756 4469 902 4544 neumel
945 4462 1137 4543 dignitatern,
1153 4482 1190 4526 uo
1206 4465 1296 4543 illine,
1312 4483 1347 4528 ec
1363 4475 1529 4545 parentes,
1557 4472 1588 4530 ct
1603 4469 1693 4528 ettam
1710 4465 1801 4528 ultum

45 4550 141 4628 cogito
158 4556 272 4626 quauta
289 4550 404 4625 uirtus,
434 4558 545 4629 quanta
569 4549 758 4626 efficacitas,
784 4557 899 4632 quauta
945 4545 1054 4626 ipsam,
1072 4543 1151 4608 addo
1166 4547 1257 4611 eliam
1274 4555 1427 4612 ueternum
1445 4550 1575 4613 sulutem
1592 4550 1687 4612 amori
1704 4548 1805 4611 horni-

46 4631 178 4706 potentiu
195 4633 225 4694 in
243 4631 373 4694 nomino
389 4633 451 4696 beo
468 4639 519 4694 tuo
535 4633 585 4703 sit,
603 4634 653 4696 cui
669 4652 684 4694 a
701 4635 900 4698 veracissime
945 4644 1018 4690 nucn
1035 4629 1235 4694 lormosorurn
1253 4632 1513 4710 posthabuerinti
1535 4633 1608 4696 Note
1631 4637 1706 4694 sunt
1720 4647 1803 4712 quae

46 4715 199 4798 Scriptnqa
213 4713 335 4778 dicitur:
352 4712 427 4792 Quis
438 4716 553 4779 similis
569 4716 617 4780 tui
629 4717 667 4778 iu
680 4715 826 4794 sortibus,
840 4717 899 4780 lio·
945 4711 983 4773 dc
1005 4709 1142 4784 barido,
1169 4715 1355 4786 Salomone,
1373 4715 1545 4794 sampsone
1571 4720 1601 4776 ln
1629 4714 1800 4790 Scripturls

48 4801 159 4861 niue?
182 4806 223 4872 et,
242 4795 303 4874 Qui
317 4797 395 4876 facit
410 4799 577 4862 mirabilia
592 4801 833 4878 uroqunaoius,
857 4806 898 4870 et,
944 4797 1060 4856 sanctis
1074 4793 1232 4874 leguntur,
1255 4798 1366 4878 plenae
1389 4806 1461 4862 sont
1483 4799 1629 4862 historice
1652 4796 1802 4861 similium

47 4881 170 4948 heutua,
189 4887 218 4941 et
233 4881 321 4943 sotus
334 4889 459 4959 potens,
475 4881 547 4944 licor
559 4897 685 4959 sepum,
699 4889 727 4942 ot
746 4882 901 4946 Dominus
944 4878 1169 4954 exemplorum.
1637 4889 1640 4894 ⁴

48 4964 302 5026 dominantium.
319 4965 472 5041 Quicquid
488 4968 570 5028 enim
589 4965 695 5026 ririuru
713 4981 763 5027 res
778 4973 900 5029 creatae
985 4959 1088 5042 Ergo.
1115 4961 1216 5024 onima
1234 4980 1326 5035 mea,
1351 4963 1376 5026 si
1396 4971 1473 5025 larun
1492 4967 1538 5026 cst
1554 4961 1753 5045 pulchritudo
1769 4962 1799 5025 iu

48 5047 168 5122 trahent,
186 5063 201 5106 a
218 5045 281 5107 [ico
297 5047 434 5108 habent:
458 5054 489 5108 ct
506 5047 618 5108 tamdiu
635 5045 772 5119 hahent,
794 5065 900 5121 quern·
945 5058 995 5107 ros
1010 5052 1127 5124 creatus
1142 5058 1159 5108 a
1175 5046 1334 5108 conditore
1350 5045 1412 5110 Deo
1429 5047 1539 5116 ulline,
1557 5054 1670 5124 quanta
1688 5053 1801 5123 potus,

48 5129 91 5190 diu
109 5129 215 5207 placet
230 5127 318 5201 lieo,
347 5136 378 5191 ot
394 5127 538 5191 babeant.
555 5129 630 5204 Quis
653 5129 736 5194 enirn
752 5129 820 5192 tecit
837 5177 845 5208 ,
869 5136 902 5193 ut
945 5134 1079 5205 etquam
1095 5126 1284 5202 admirabilis
1300 5135 1348 5191 est
1376 5129 1570 5207 pulchritudo
1598 5127 1802 5207 pulcherrimi

47 5209 136 5274 lonae
153 5212 185 5273 in
202 5217 309 5273 neutro
323 5210 388 5276 Coti
405 5213 551 5274 concluso
567 5227 669 5288 neque
684 5211 778 5274 meris
790 5230 900 5293 aquae,
946 5209 1137 5271 conditoris?
1154 5225 1244 5274 nemo
1259 5211 1341 5274 enim
1359 5215 1432 5275 dare
1445 5215 1655 5291 potest,'qood
1674 5228 1735 5274 non
1749 5214 1803 5272 ho·

47 5307 142 5372 neque
158 5293 269 5357 dentes
284 5291 351 5358 (leti
368 5303 525 5366 nocerent,
541 5293 598 5357 nisi
616 5295 721 5356 bens?
737 5295 810 5369 Quis
827 5312 900 5360 con·
945 5291 1008 5368 hel,
1022 5301 1051 5355 et
1062 5293 1087 5353 si
1101 5293 1182 5356 Sulis
1197 5311 1232 5356 ac
1247 5294 1403 5357 stellarum
1420 5297 1527 5374 specie
1543 5295 1685 5357 delectati
1704 5297 1803 5358 hotot·

49 5377 137 5440 closis
153 5393 208 5441 ora
225 5376 361 5441 Leonum
380 5377 603 5455 lameticorulo,
617 5381 650 5440 ut
663 5377 819 5440 Danielem
838 5395 899 5442 non
945 5391 1002 5438 ncs
1018 5378 1167 5437 luminoso
1185 5376 1234 5439 ilia
1250 5389 1377 5454 corpora
1394 5377 1473 5441 Deos
1488 5377 1804 5456 putaueruntunqott

50 5464 243 5542 attingerent,
262 5459 319 5523 nisi
337 5459 447 5522 Densi
462 5459 537 5534 Quis
553 5469 615 5523 tres
632 5477 744 5540 pueros
760 5462 791 5523 in
807 5463 900 5524 cami·
945 5457 1077 5535 Sapiens
1091 5503 1099 5533 ,
1125 5458 1231 5522 seiont
1246 5469 1367 5539 quoutn
1389 5463 1577 5524 donuiuotor
1593 5473 1705 5522 coruom
1730 5475 1804 5538 spe·

50 5557 80 5604 uo
94 5543 180 5622 ignis
196 5542 332 5606 ardentis
349 5543 474 5606 illaesos
486 5542 626 5617 servarit,
642 5545 701 5606 uisi
714 5544 814 5608 Deus?
828 5547 898 5623 qnts
943 5543 1060 5604 ciosior
1073 5547 1140 5610 cet,
1163 5546 1283 5620 speciei
1297 5545 1384 5606 eloim
1398 5551 1569 5621 pelleretur
1590 5543 1670 5604 lroeo
1687 5544 1802 5607 omnio

51 5627 115 5688 dixit
127 5632 222 5691 lento
238 5625 412 5703 lorentict
423 5627 499 5689 muri
516 5626 703 5716 insanienti:
730 5627 819 5706 Tocc,
844 5629 898 5694 oh·
942 5625 1119 5690 coust-ituit.
1136 5625 1253 5702 Quanto
1270 5633 1371 5690 autern
1388 5631 1427 5690 sit
1443 5623 1642 5708 pulchritudo
1658 5624 1728 5703 lici,
1742 5643 1802 5690 uon
