4044 6256
276 273 329 334 tut
445 267 450 276 ’
951 271 1029 330 tint
1049 272 1079 332 S.
1099 271 1260 332 EDUthll

126 395 132 406 '
208 413 291 472 ctum
318 405 509 470 Eduardum.
538 403 635 482 Quem
663 420 731 466 cum
758 405 894 487 propriis
919 405 1065 469 monibus
1109 413 1140 470 et
1155 403 1343 482 custodieris
1358 417 1419 475 me,
1438 409 1470 467 et
1483 401 1644 468 reduxeris
1659 417 1712 464 me
1725 401 1757 464 tn
1770 409 1967 480 regnumne

208 491 375 567 anastatus
390 495 607 552 consecrasset
621 492 650 550 et
663 487 805 552 unxisset
816 491 845 552 iu
859 490 986 570 ltegem,
1000 505 1065 553 mo·
1107 490 1165 552 tris
1180 490 1241 552 mei
1256 507 1265 565 3
1281 490 1344 550 eris
1360 493 1392 550 tu
1409 486 1485 549 mihi
1501 502 1623 566 semper
1637 486 1669 548 in
1685 485 1801 556 ileum,
1822 479 1966 576 etberto

207 573 271 636 nita
287 574 398 636 salutis
414 573 538 644 adiecit,
557 571 787 651 praecipueque
805 573 957 636 caelibem
973 575 1064 634 vitam
1109 573 1218 635 Petrus
1230 570 1399 651 Apostolus
1412 572 1442 633 ιι
1457 568 1734 650 patronum,cuius
1745 569 1966 630 secretissima

206 659 526 735 commendens‚qaot
538 652 722 716 essetonnis
735 662 919 736 regnaturus
930 655 1062 733 aperuit.
1108 656 1257 734 reliquias
1273 657 1303 716 in
1319 653 1401 716 Urbe
1418 653 1526 728 Roma,
1545 658 1574 714 te
1588 658 1758 724 annuente,
1780 657 1812 712 ιι
1837 651 1967 724 regente.

207 737 448 818 Obstupeiactus
462 737 586 817 praesul
604 737 677 797 tenti
694 737 833 801 miraculi
849 739 993 811 novitate,
1011 753 1065 816 pe·
1111 745 1141 800 te
1155 738 1334 812 comitante,
1349 737 1540 800 visitaturum
1554 752 1605 798 mo
1617 735 1776 814 promitto.
1791 729 1923 794 Exhinc
1933 743 1968 790 uu

207 821 241 883 tit
259 823 321 886 sibi
337 840 353 885 a
369 827 476 884 sancto
491 820 585 881 huius
600 817 728 882 visionis
744 824 924 900 mysterium
949 822 1064 884 revela·
1110 829 1170 884 tem
1187 821 1286 883 taetus
1301 818 1362 882 tide
1377 819 1545 895 robustior,
1562 832 1619 897 spe
1634 817 1779 890 aiacrior,
1806 817 1969 892 expectans

206 905 245 966 ri:
263 907 302 966 de
318 911 397 968 statu
414 908 542 981 insuper
557 903 657 980 regni,
675 909 705 964 et
720 902 758 965 de
774 905 917 966 instantis
932 903 1064 983 periculi
1109 903 1280 981 expectavit
1293 901 1471 964 Dominum.
1583 939 1586 948 ,

206 987 269 1050 ιιιι
284 987 493 1066 ιριιιιιιιιιι
511 984 614 1064 exegit
629 983 798 1049 oraculum.
815 986 902 1049 Tunc
918 987 1064 1066 placitum
1153 985 1271 1048 Canuto
1293 991 1395 1048 autem
1418 984 1503 1064 Rege
1526 982 1621 1046 rebus
1645 982 1793 1048 humanis
1818 980 1971 1068 exempto.

205 1071 290 1133 rultn
309 1070 437 1132 intuitus
453 1069 623 1130 intuentem
640 1083 687 1143 se,
705 1071 767 1130 ait:
784 1069 927 1144 Domini,
945 1085 962 1132 a
978 1084 1067 1148 prae·
1110 1069 1184 1145 illlis
1198 1071 1268 1131 aius
1283 1069 1445 1132 immatura
1461 1071 1560 1129 morte
1574 1064 1760 1145 praereptis,
1779 1061 1878 1141 Angli
1894 1059 1971 1122 Dant·

205 1153 268 1226 sul,
286 1160 332 1216 est
345 1166 496 1231 rcqnurn,
514 1151 624 1228 etipse
636 1150 911 1216 dominabiturin
920 1150 998 1232 filiis
1010 1151 1065 1214 ho·
1111 1168 1147 1214 oo
1163 1151 1236 1232 iuge
1252 1151 1386 1222 liberati,
1403 1148 1580 1212 Eduardum
1604 1149 1634 1210 in
1658 1146 1774 1228 Regem
1800 1145 1972 1222 elegerunt.

206 1238 347 1299 minam.
365 1236 436 1313 lpse
452 1232 733 1310 transferensque,
751 1240 780 1295 at
791 1239 896 1298 mutat
910 1237 1064 1314 irnperio,
1112 1242 1143 1296 et
1157 1251 1227 1298 curn
1243 1233 1377 1296 maximo
1393 1232 1512 1295 bonore
1527 1233 1704 1294 consecrari
1720 1238 1751 1292 et
1766 1226 1891 1306 inungi
1905 1225 1974 1286 lece·

210 1325 239 1381 et
252 1333 394 1396 repnore
404 1317 484 1394 facit
497 1316 704 1396 hypocritam
718 1325 851 1396 propter
865 1322 1001 1395 peccota
1011 1334 1065 1396 po·
1111 1325 1194 1380 runt.
1210 1317 1298 1380 Tunc
1313 1317 1494 1379 sacerdotes
1510 1313 1661 1392 sapientie
1678 1319 1708 1376 et
1731 1311 1907 1376 sanctitate
1927 1305 1972 1368 ιιι-

204 1401 291 1478 poti.
307 1400 471 1462 Peccatum
489 1397 629 1477 peccavit
643 1400 777 1477 populus
795 1408 864 1462 tuns
879 1400 1024 1474 Domino,
1037 1405 1068 1463 et
1111 1399 1237 1480 gabant,
1255 1397 1442 1462 monasterie
1457 1400 1541 1460 omui
1556 1395 1709 1474 religione
1723 1393 1972 1474 pollebantnqr·

207 1481 332 1545 tradidit
347 1498 403 1546 eos
420 1483 450 1544 in
468 1481 611 1543 manibus
627 1488 777 1560 pestium,
793 1491 822 1544 et
833 1479 1068 1546 dominati-sunt
1111 1484 1163 1545 bat
1178 1484 1281 1545 clerus
1297 1481 1327 1544 in
1344 1481 1447 1544 officio
1463 1497 1533 1556 suo,
1546 1478 1683 1559 populus
1698 1479 1803 1540 stabnt
1828 1477 1864 1536 in
1889 1473 1970 1553 prada

209 1580 318 1627 eurum
336 1564 389 1642 qui
404 1565 538 1642 oderunt
553 1580 620 1626 eos.
638 1563 698 1626 Sed
716 1581 778 1627 non
795 1566 996 1629 obliviscetur
1011 1567 1066 1626 rni-
1111 1581 1181 1628 suo.
1198 1565 1366 1629 Videbatur
1388 1566 1480 1626 etiam
1496 1568 1577 1626 terra
1600 1559 1799 1636 foecundior,
1825 1573 1886 1620 ser
1907 1557 1971 1617 sala·

206 1649 304 1711 sereni
322 1649 417 1719 [teus.
434 1665 494 1709 nec
510 1647 682 1709 continebit
698 1648 728 1709 in
746 1649 789 1710 ira
813 1666 867 1710 sua
891 1649 1066 1711 misericor·
1111 1649 1207 1726 brier,
1226 1650 1320 1712 maris
1335 1648 1416 1712 unda
1434 1646 1581 1726 pacatior.
1599 1644 1699 1725 tleges
1714 1645 1803 1707 enim
1821 1645 1857 1704 et
1871 1639 1972 1702 Princi-

204 1729 273 1793 dias
289 1747 374 1793 suos.
393 1729 458 1792 Erit
474 1731 555 1793 enim
573 1745 643 1790 cnm
659 1731 823 1794 dormieris
837 1747 907 1794 cnm
929 1731 1068 1810 patribus
1110 1747 1168 1812 pes
1185 1747 1239 1810 pro
1256 1738 1338 1793 tanta
1353 1745 1455 1794 rerum
1476 1729 1657 1798 mutatione,
1674 1724 1893 1790 admiratione
1918 1737 1971 1800 per·

208 1815 281 1884 tuis,
300 1813 434 1876 visitabit
451 1813 603 1876 Dominus
625 1814 773 1891 poputum
798 1831 901 1887 suum,
926 1822 956 1878 et
977 1814 1069 1876 iaciat
1112 1814 1205 1890 culsi,
1221 1830 1291 1876 curn
1307 1820 1392 1877 tauto
1407 1827 1481 1892 rege
1494 1810 1607 1875 foedus
1620 1809 1713 1883 inire,
1730 1808 1898 1872 amicitias
1913 1809 1969 1866 iun·

209 1896 360 1958 hominus
376 1898 623 1975 redemptionem
642 1896 743 1973 plebis
758 1912 846 1958 suae.
863 1895 964 1975 Elegit
984 1896 1067 1958 enim
1113 1913 1199 1972 pere,
1215 1913 1324 1974 peecm
1345 1909 1534 1971 componere
1557 1894 1654 1973 gavisi
1675 1899 1761 1956 sunt.
1779 1891 1861 1956 Sota
1883 1893 1971 1950 ιιιιι

207 1978 269 2040 sibi
287 1980 385 2041 virum
403 1981 574 2040 secundum
593 1995 763 2048 corsuum,
780 1981 831 2055 qui
848 1977 936 2043 iaciat
959 1994 1069 2056 amnes
1113 1980 1452 2057 llaniaadhuospirans
1464 1985 1495 2060 et
1507 1971 1971 2050 anhelanscaeuestagtoma

209 2063 385 2124 voluntates
401 2077 486 2134 suns
505 2059 557 2138 qni
579 2076 629 2122 me
652 2063 821 2140 opitulante
844 2078 973 2141 regnum
997 2063 1069 2124 ade·
1113 2063 1270 2128 interitum
1288 2063 1472 2125 minabatur.
1487 2059 1522 2123 In
1538 2060 1588 2120 bis
1603 2057 1813 2122 omnibusvir
1827 2055 1970 2118 beatusiu

209 2149 281 2222 ptus
295 2142 477 2222 bogiorum,
496 2143 610 2205 Eanico
626 2143 720 2205 iurari
733 2143 826 2206 finem
841 2147 991 2224 imponet.
1006 2143 1070 2206 Erit
1113 2145 1242 2222 gloriam
1258 2161 1320 2208 non
1337 2149 1385 2206 est
1400 2143 1500 2208 elatus
1522 2144 1701 2214 humanam,
1725 2140 1783 2218 sed
1811 2139 1898 2202 banc
1919 2136 1969 2197 sibi

208 2227 292 2288 enim
311 2226 550 2304 acceptusltao,
578 2235 683 2304 gratus
706 2227 898 2304 hominibus,
924 2226 1070 2290 terribilis
1114 2229 1236 2292 vivendi
1263 2227 1390 2294 termam
1418 2239 1610 2309 proponens,
1636 2226 1704 2288 suis
1728 2238 1766 2286 sa
1793 2221 1971 2312 domesticis

211 2308 368 2380 hostibus,
385 2309 527 2370 amabitis
543 2309 676 2385 civibus,
701 2310 785 2370 utilis
807 2310 981 2386 Ecclesiae,
1005 2306 1071 2372 lau·
1116 2310 1284 2389 praebebat
1298 2309 1473 2388 aequalem,
1489 2303 1972 2382 sacerdotibushumilem,ptebv

209 2391 407 2468 debilemque
423 2394 513 2452 vitam
530 2401 640 2454 sancto
657 2391 717 2454 line
740 2394 918 2454 concludet.
937 2395 1022 2468 Quae
1037 2409 1069 2455 o·
1115 2399 1248 2470 qratiam,
1265 2394 1505 2471 compatientem
1523 2391 1659 2463 miseris,
1676 2397 1703 2451 et
1719 2391 1847 2467 largum
1865 2387 1973 2464 egenis,

210 2475 340 2534 orniain
358 2477 446 2536 heato
461 2474 606 2538 Eduardo
623 2477 787 2550 completa,
805 2477 848 2537 rei
865 2477 965 2538 exitus
989 2491 1071 2538 com·
1115 2476 1201 2538 ltulla
1217 2477 1298 2552 capud
1315 2491 1384 2540 eunt
1403 2489 1604 2553 personarunt
1622 2473 1775 2549 acceptio,
1789 2471 1852 2533 sed
1871 2469 1971 2531 indica·

213 2555 364 2630 prohnvit.
390 2557 464 2619 dum
492 2565 594 2618 autern
621 2555 798 2634 Episcopus
824 2557 863 2620 de
890 2561 1071 2634 posteritate
1116 2557 1215 2622 botin
1232 2559 1346 2622 iustitia
1363 2573 1532 2636 pauperes,
1548 2554 1746 2634 eterpuebet
1770 2561 1803 2616 tn
1829 2554 1971 2630 aequitate

208 2638 342 2701 Eduardi
360 2645 535 2715 quaereret,
551 2643 714 2718 respondit
729 2640 862 2704 Sanetus
878 2641 1000 2720 Petrus;
1014 2641 1071 2703 ile-
1115 2657 1173 2719 pro
1190 2642 1357 2704 mansuetis
1374 2647 1485 2704 terrae.
1502 2640 1637 2716 Eratque
1649 2644 1737 2718 pater
1750 2636 1970 2716 orphanorum.

208 2737 303 2800 gnum
321 2721 502 2800 bogiorum,
520 2738 651 2798 regnum
667 2723 722 2784 Dei
740 2723 884 2788 est-Post
897 2727 988 2786 istum
1002 2740 1072 2802 pro·
1116 2733 1147 2788 et
1162 2715 1255 2790 indari
1270 2725 1443 2788 viduarum.
1461 2724 1491 2786 Si
1508 2721 1675 2801 quicquam
1700 2720 1884 2800 petebatur,
1901 2733 1971 2792 llll·

211 2801 329 2864 videbit
344 2820 447 2886 regern
465 2805 501 2866 ud
517 2804 664 2882 placitum
681 2822 785 2868 sunm.
1116 2807 1233 2870 hebet:
1256 2808 1283 2870 si
1305 2806 1528 2884 accipiebatur,
1554 2803 1687 2868 tacebat.
1709 2802 1828 2866 Nullus
1851 2817 1970 2878 unquam

252 2885 358 2948 Stabat
372 2887 474 2946 odlruc
490 2887 617 2962 spiritus
634 2888 800 2964 procellae,
818 2895 848 2952 et
864 2889 984 2951 exaltati
999 2896 1072 2950 sont
1116 2907 1188 2952 eum
1204 2893 1346 2953 viduant
1363 2889 1503 2952 inflatum
1516 2887 1737 2964 superbiant
1749 2885 1796 2948 ire
1810 2883 1969 2948 alteratum.

207 2966 325 3030 fluctus
342 2969 422 3044 eius,
439 2971 639 3040 externisque
656 2972 745 3030 matis
761 2975 895 3032 accessi-t
912 2971 1011 3033 civilis
1027 2973 1072 3034 di·
1117 2975 1249 3052 aut-gula
1262 2972 1623 3047 dehonestatamsrrpra
1639 2970 1813 3032 humanum
1828 2970 1909 3030 enim
1921 2981 1970 3028 ruo

209 3050 335 3112 scordia
350 3069 358 3128 3
375 3055 454 3112 adeo
482 3063 514 3111 ιιι
540 3051 611 3125 quis
638 3055 685 3112 rui
714 3055 827 3113 montis
850 3071 925 3116 suae
948 3063 1069 3116 secrete
1118 3058 1189 3116 dum
1206 3055 1358 3135 pecuniae
1374 3061 1581 3132 contemptor,
1596 3067 1654 3115 neo
1669 3051 1701 3114 in
1718 3067 1830 3114 aarum
1848 3050 1971 3112 amissio·

206 3135 428 3208 committeret,
447 3133 632 3196 nesciretur.
657 3135 749 3197 Plena
772 3142 836 3196 erat
859 3136 1071 3215 proditoribus
1118 3153 1158 3200 ne
1173 3139 1301 3210 tristior,
1320 3155 1378 3202 nee
1395 3141 1425 3200 in
1441 3137 1610 3214 adeptione
1625 3135 1792 3202 videbator
1806 3132 1945 3198 hilarior.

207 3215 308 3302 insuta
324 3233 332 3275 :
350 3232 503 3292 nusquam
521 3224 581 3277 tnta
598 3215 688 3285 tides.
707 3234 859 3294 nusquam
876 3221 945 3280 sine
968 3225 1070 3295 suspi·
1159 3221 1374 3284 Recumbentc
1388 3221 1555 3297 aliquando
1571 3219 1665 3296 qratia
1681 3217 1875 3296 quiescendi
1897 3213 1968 3290 linge

206 3299 298 3359 eianc
310 3313 406 3370 amor,
418 3314 521 3362 sermo
534 3300 603 3362 sine
617 3297 967 3364 simulationutmdam
981 3318 1071 3364 eous·
1119 3304 1292 3380 inle'ctuto,
1310 3305 1500 3367 camerarios
1515 3302 1650 3364 accessit
1663 3301 1701 3364 ad
1718 3302 1861 3370 thecam,
1877 3297 1907 3360 in
1923 3311 1970 3374 que

206 3393 267 3458 que
284 3379 419 3458 proditio
436 3383 548 3450 civilis,
572 3388 603 3442 et
625 3383 735 3444 astutia
757 3387 913 3462 processit
934 3386 1070 3460 trostrtis,
1118 3403 1172 3448 aes
1188 3387 1308 3466 regium
1324 3385 1516 3460 serrabatur,
1533 3391 1566 3448 et
1579 3385 1716 3458 reposito
1732 3381 1822 3446 intus
1838 3381 1919 3458 quod
1933 3393 1971 3440 vu·

207 3468 239 3524 nt
255 3463 404 3524 defuncto
419 3462 503 3542 Rege
518 3464 699 3536 Ethetredo,
717 3482 827 3546 magna
844 3483 915 3541 pars
938 3467 1070 3540 insulae,
1118 3470 1212 3534 lebat.
1238 3475 1269 3531 et
1291 3468 1372 3531 illem
1397 3469 1543 3533 claudere
1564 3466 1692 3541 obiitus,
1723 3465 1810 3528 lorus
1835 3475 1972 3543 egressor

204 3544 358 3622 lcqttimis
370 3547 560 3609 haeredibus
572 3546 735 3620 abdicatis,
747 3548 863 3611 canuto
876 3551 928 3626 qui
942 3567 1071 3628 regnum
1117 3560 1177 3614 est.
1194 3553 1418 3617 Animadvertit
1429 3553 1489 3615 boa
1502 3551 1639 3629 quidam,
1653 3558 1683 3613 et
1694 3549 1858 3612 accedens
1869 3547 1905 3608 ad
1920 3544 1973 3605 tho·

205 3627 376 3704 inuaserat,
395 3645 506 3690 manus
522 3633 647 3692 dorent:
666 3638 891 3710 peremptoque
907 3634 1074 3696 invictissi-
1118 3653 1198 3710 cam,
1217 3635 1381 3712 pecuniam
1398 3651 1460 3698 non
1478 3633 1631 3697 modicam
1654 3634 1686 3694 in
1701 3633 1809 3695 sinum
1832 3628 1971 3700 recondit,

209 3724 259 3771 rna
274 3709 358 3790 Rege
375 3711 550 3786 Edrnundo,
569 3715 659 3775 etiarn
673 3712 847 3789 filiuseius,
862 3715 1007 3778 adhucin
1021 3734 1073 3777 cu·
1120 3725 1150 3780 et
1171 3718 1336 3782 abscedit:
1359 3719 1514 3782 Reuersus
1536 3718 1652 3790 denuo,
1675 3729 1749 3794 rege
1772 3713 1971 3794 inspectante.

211 3793 261 3852 nis
278 3799 420 3869 agentes,
437 3794 581 3855 Barbaria
593 3795 748 3858 mitterent
762 3796 963 3859 occidendos.
979 3800 1075 3860 Attre·
1118 3803 1240 3864 tacinus
1254 3802 1385 3864 iteravit.
1403 3801 1490 3873 Quod
1507 3816 1577 3863 cum
1594 3800 1684 3862 tertio
1700 3800 1898 3872 atteanssaq
1912 3807 1971 3854 cer·

211 3876 271 3935 atus
288 3878 412 3936 demum
429 3875 563 3938 Eduardi
579 3878 671 3939 trater
684 3885 713 3939 in
727 3879 867 3960 angliam
883 3889 1075 3943 transvectus
1118 3901 1199 3947 nens
1211 3899 1264 3946 ιιι
1275 3883 1307 3946 ιι
1322 3885 1434 3961 spiritu
1449 3884 1663 3956 thesaurorum
1676 3879 1971 3944 adesseonstodetu.

210 3954 242 4018 in
261 3958 364 4018 audita
382 3961 565 4020 crudelitate
580 3960 618 4022 ab
635 3959 791 4034 hostibus,
816 3963 998 4040 civibusque
1022 3979 1074 4040 pe·
1118 3968 1171 4030 ait:
1189 3967 1368 4044 importune
1384 3967 1462 4044 apis,
1479 3982 1497 4030 o
1514 3967 1619 4039 homo,
1634 3966 1661 4028 si
1680 3963 1756 4027 mihi
1773 3963 1888 4034 credis,
1901 3956 1970 4020 tolle

210 4038 346 4101 rinritur.
362 4038 449 4102 Tunc
465 4039 627 4104 Eduardos
642 4046 724 4104 omni
750 4045 885 4106 humanu
907 4047 1074 4110 destitutus
1117 4050 1199 4127 quod
1216 4049 1325 4119 habes,
1343 4055 1373 4111 et
1389 4050 1472 4125 lupe,
1489 4048 1634 4124 quoniam
1657 4047 1684 4110 si
1707 4047 1831 4110 venerit
1851 4040 1970 4121 uagati·

210 4122 338 4216 auxilio,
357 4124 426 4184 exul
445 4123 573 4200 patriae,
589 4127 690 4203 regni,
714 4131 745 4188 et
767 4127 908 4204 honoris,
930 4128 1071 4191 vivebat:
1117 4149 1177 4194 nus
1193 4128 1273 4215 (hoc
1288 4132 1371 4194 anim
1388 4131 1569 4198 cubicularii
1588 4145 1702 4192 nornen
1715 4125 1801 4210 eret)
1814 4137 1971 4190 necunuu

211 4219 378 4282 nnprarunr
395 4204 525 4267 insidias
544 4207 681 4284 timebat,
695 4216 725 4270 et
741 4225 779 4271 ne
796 4227 811 4270 o
836 4208 902 4272 suis
926 4210 1074 4286 prodere·
1116 4215 1171 4276 tibi
1188 4229 1349 4278 nummum
1366 4213 1770 4293 relinquet.1lupitilto,et
1788 4209 1843 4274 vix
1865 4209 1967 4286 peden

214 4291 274 4358 tur,
290 4286 337 4349 vel
354 4287 392 4350 ab
408 4288 551 4350 hostibus
567 4289 604 4352 ad
629 4299 758 4354 mortem
783 4299 953 4368 emeretur,
977 4293 1073 4369 pluri·
1118 4297 1280 4374 extulerat,
1298 4304 1329 4362 et
1344 4312 1419 4362 ecce
1434 4297 1577 4362 minister
1593 4295 1678 4373 regis
1699 4294 1844 4368 rediens,
1868 4299 1899 4354 et
1918 4289 1971 4350 the·

215 4385 298 4431 mum
317 4371 512 4432 tormidabat.
529 4369 1073 4452 Inventaautemconsitiosatutari,
1119 4396 1244 4443 snorum
1272 4379 1406 4444 ablatum
1435 4381 1608 4456 reperiens,
1639 4377 1757 4442 timore.
1790 4383 1825 4438 et
1853 4382 1972 4437 tremore

211 4450 278 4514 Deo
295 4454 512 4529 prosternitur.
528 4455 596 4514 talia
615 4461 857 4534 prosequendo:
874 4456 954 4520 Ecce
970 4458 1074 4520 Domi·
1119 4463 1306 4540 concutitur,
1320 4462 1404 4526 unde
1421 4476 1482 4524 non
1499 4464 1601 4524 solum
1614 4459 1789 4538 angustiam
1801 4457 1972 4527 condisse·

217 4550 269 4610 ne,
286 4551 355 4598 non
372 4543 417 4596 ast
431 4535 516 4599 milri
528 4537 698 4600 cumdium
712 4541 750 4602 in
765 4556 826 4614 nte,
844 4544 874 4602 ιι
889 4541 1074 4604 necessarii
1117 4561 1185 4607 rum
1201 4544 1294 4608 etiam
1308 4550 1339 4608 et
1352 4545 1487 4608 iurarem
1502 4545 1628 4614 montis,
1645 4544 1774 4616 eternor,
1792 4547 1828 4603 ct
1850 4535 1971 4616 suspiria

213 4617 281 4678 anet
294 4625 497 4681 recesserunt
518 4635 539 4680 o
561 4635 623 4682 nac.
646 4617 848 4688 amiciendi.
872 4629 902 4684 et
925 4624 1074 4701 proximi
1118 4627 1335 4703 prodiderunt.
1349 4627 1500 4697 Surrexit,
1512 4634 1544 4689 et
1556 4625 1645 4704 quasi
1657 4625 1802 4688 nesciens
1818 4624 1896 4701 quid
1909 4621 1973 4682 acci·

219 4701 285 4760 anet
299 4701 475 4764 aduersam
490 4718 541 4764 rna
557 4705 921 4784 appropinquaverunt,
939 4710 969 4768 et
983 4712 1073 4768 stete·
1119 4710 1208 4785 derit,
1222 4709 1466 4788 perturbationis
1482 4710 1576 4772 buius
1591 4723 1716 4772 eausam
1729 4707 1877 4785 inquirit.
1888 4703 1973 4780 Quen

206 4784 302 4876 runt..
320 4781 409 4844 Pater
425 4801 513 4846 meus
530 4793 598 4860 post
615 4793 729 4848 mettas
753 4788 877 4851 labores
899 4787 996 4850 rebus
1017 4789 1074 4852 hu·
1118 4809 1188 4856 cum
1205 4792 1381 4861 didicisset.
1403 4792 1466 4855 ait:
1490 4793 1580 4862 l’aoe,
1606 4793 1684 4854 torte
1707 4789 1762 4852 ille
1784 4790 1843 4868 qui
1867 4783 1972 4860 eoepit.

214 4877 315 4925 manis
331 4871 479 4940 excessit,
505 4865 614 4930 tratres
637 4885 724 4930 meos
747 4871 916 4932 crudelitas
937 4872 1074 4946 prodito·
1118 4875 1190 4953 plus
1205 4876 1297 4938 nobis
1319 4875 1466 4953 indiguit.
1491 4874 1610 4940 llaheet
1635 4871 1720 4936 sibi:
1747 4871 1849 4935 nobis
1876 4865 1975 4934 suunt

210 4961 279 5010 rum
294 4945 470 5026 absorbuit,
488 4957 620 5028 nepotas
636 4953 666 5012 in
683 4951 808 5016 exilium
826 4956 885 5016 acti
902 4961 986 5030 suot,
1010 4971 1074 5019 ma·
1119 4957 1201 5036 quod
1216 4957 1378 5022 remansit.
1524 4999 1527 5011 ·

210 5032 259 5091 ter
274 5029 388 5092 aemuli
406 5031 504 5094 nostri
520 5032 638 5110 nuptiis
655 5030 763 5098 tradite
779 5041 838 5100 est.
854 5033 898 5096 lta
915 5035 1003 5099 sotus
1025 5053 1073 5100 re·
1160 5041 1311 5104 tracones
1323 5046 1425 5103 autem
1441 5045 1542 5106 terrae
1557 5039 1597 5104 de
1612 5036 1823 5102 successione
1846 5033 1974 5102 scilicit.

206 5111 302 5206 lictus
318 5127 400 5187 sum,
418 5119 451 5209 et
470 5123 623 5193 quaerunt
643 5119 777 5180 animarn
801 5133 913 5181 meam.
931 5119 991 5181 sad
1015 5119 1072 5182 tibi
1118 5136 1224 5201 regem
1240 5124 1280 5187 de
1296 5138 1391 5187 uxore
1408 5123 1550 5190 ducendo
1562 5121 1770 5188 ‚conveniunt
1787 5119 1905 5198 Stupet
1919 5135 1970 5189 ren

205 5192 340 5258 Domana
355 5193 524 5260 derelictus
540 5214 609 5260 sum
636 5213 779 5279 pauper:
807 5201 927 5280 pupilio
954 5209 985 5263 tu
1007 5201 1071 5268 eris
1119 5205 1263 5270 thesauro
1278 5211 1422 5272 metuens
1437 5221 1507 5276 suo.
1524 5205 1576 5281 qni
1593 5203 1681 5268 dctili
1697 5219 1772 5268 vase
1786 5203 1973 5266 reconditos.

206 5275 344 5373 adiutor.
359 5275 403 5340 'lu
418 5281 573 5356 quondam
589 5281 762 5346 Ednrinum
779 5288 867 5346 morti
882 5284 1069 5360 expositum,
1119 5286 1209 5352 ιιιιιι
1225 5293 1344 5366 poterut
1360 5289 1463 5352 calore
1478 5285 1620 5352 dissolvi.
1631 5286 1700 5350 scd
1716 5285 1795 5364 quid
1811 5292 1933 5365 ageret,
1952 5281 1972 5344 si

206 5359 344 5422 mirabili
361 5359 466 5436 modo,
483 5369 514 5424 et
535 5365 614 5428 vitae
637 5367 817 5442 reservasti,
840 5372 870 5429 et
891 5382 1001 5444 raquo.
1025 5367 1071 5432 Tu
1118 5369 1294 5434 obstinatus
1309 5368 1619 5444 resisteret,ttmebut
1632 5385 1672 5432 ne
1685 5369 1844 5447 propositi
1857 5369 1973 5442 suipro

206 5439 283 5504 ittud
297 5441 428 5522 nuptiae
442 5442 553 5516 decus,
570 5445 716 5510 Sanctum
734 5449 902 5514 Osnaldom
919 5465 955 5512 ιι
979 5449 1069 5514 exule
1118 5452 1244 5519 deretur
1259 5453 1352 5518 dotoe
1366 5457 1539 5516 secretum:
1556 5452 1583 5518 si
1601 5451 1809 5514 suadentibus
1822 5451 1974 5530 praebeo

205 5521 325 5603 lienem
340 5527 466 5622 lactum,
484 5544 540 5605 per
555 5529 678 5608 signum
696 5531 798 5596 crucis
814 5531 977 5598 reddidisti
993 5549 1070 5596 cun·
1116 5550 1295 5612 assensum,
1309 5536 1503 5614 naulraqium
1517 5533 1685 5614 pudicitiae
1696 5534 1902 5597 formidabat.
1913 5534 1973 5594 ιιι

210 5605 269 5670 ιιιι
284 5605 430 5674 hostibus
445 5606 618 5678 tortionem.
640 5611 672 5676 Si
696 5611 909 5694 tqiturtueria
931 5629 1067 5692 ιιιιιιιι,
1116 5617 1191 5688 deta
1204 5616 1744 5698 inponeratnaiuanrtbaacaoam
1765 5615 1871 5682 tatius
1891 5623 1972 5690 ratus
