4054 6246
282 284 332 342 tio
903 261 1076 322 bottonis
1091 260 1267 320 CRiSTldNi

292 414 413 478 Infirma
430 407 524 472 nostri
542 402 679 484 corporis

291 499 406 559 Virtute
422 494 545 554 firmans
560 488 692 564 perpeti.

332 580 456 642 Hostem
473 572 608 653 repellas
622 568 766 646 longius,
871 623 875 630 ,

291 665 464 738 Pacemque
477 659 574 720 danes
587 651 726 733 protinas

292 746 427 809 doctore
442 742 481 802 sit
495 745 524 802 te
538 738 672 816 praevio,
703 769 705 778 ·
724 777 726 782 ,

291 818 689 890 vitemusomaeaoriam.
825 827 827 834 ‘

333 911 391 975 Per
407 917 436 970 te
452 907 585 968 sciamus
601 901 637 960 da
655 899 773 960 Patrem

289 994 458 1056 Nosaamas
474 992 565 1066 atque
577 982 699 1051 Fitiam,

289 1080 393 1154 tenue
409 1075 569 1148 utriusque
585 1065 742 1143 Spiritum,

289 1160 456 1222 Credamus
471 1152 553 1216 omni
571 1154 720 1223 temporo.
747 1175 749 1186 ι

328 1244 394 1306 Dea
410 1238 485 1300 Patri
501 1235 541 1299 sia
555 1231 654 1295 Gloria

288 1327 324 1389 Et
339 1325 418 1388 Filio
432 1321 483 1401 qui
499 1337 516 1382 e
531 1315 661 1378 mortuis

287 1406 434 1476 Surrexit,
452 1421 486 1464 ae
502 1397 661 1463 Paractito.

170 1519 182 1544 ·
289 1493 324 1553 Iu
343 1488 535 1554 saeculoram
551 1480 687 1545 saccula.
705 1476 814 1551 Aaron.

246 1580 275 1649 i.
295 1575 404 1636 Emitte
419 1569 557 1649 spiritam
575 1572 658 1626 taam
675 1571 705 1624 et
720 1560 916 1622 creabantur.

247 1665 277 1733 ti.
297 1655 332 1721 Et
347 1651 510 1720 renovabis
525 1649 634 1711 taciem
650 1651 759 1708 terrae.

572 1813 703 1877 dromus

245 1995 328 2058 ocus
343 1989 394 2070 qui
410 1985 500 2050 corda
516 1939 655 2046 idolium
667 1977 769 2044 Sancti
785 1971 912 2056 spiritus
927 1974 1054 2038 iliustra-
1143 1969 1173 2039 i.
1191 1962 1250 2028 Ora
1267 1979 1323 2042 pro
1340 1961 1431 2030 nabis
1446 1961 1479 2026 B.
1495 1961 1619 2041 Ignatii.
1635 1968 1667 2038 d.
1682 1962 1720 2025 Ut
1732 1965 1817 2044 digni
1832 1971 1893 2029 eac,

204 2079 288 2141 tiano
302 2071 447 2145 docuisti,
465 2070 502 2132 da
518 2066 609 2128 nobis
624 2065 654 2125 io
672 2063 781 2125 eodem
795 2059 903 2135 spiritu
918 2061 995 2120 recta
1009 2074 1054 2118 sa·

203 2177 290 2241 pere,
304 2165 334 2221 et
349 2158 388 2219 de
404 2153 472 2234 eius
487 2165 611 2228 semper
622 2143 833 2209 consolatione
844 2140 987 2220 gaudere.
999 2141 1054 2202 Per

204 2243 358 2306 Christum
377 2239 539 2301 Dominum
556 2240 708 2294 nostram.
724 2226 834 2289 Amen.
957 2277 959 2282 ,

341 2445 450 2510 Sotmo
466 2442 523 2506 cire
538 2442 567 2504 ai
581 2441 652 2503 dice
668 2425 802 2518 quondo
816 2447 921 2498 suono

506 2523 587 2600 t’oro
601 2524 636 2586 di
649 2525 748 2586 notio.

242 2736 287 2798 Do
303 2731 464 2815 profundis
481 2729 608 2794 clamavi
625 2728 660 2788 ad
678 2731 707 2788 te
727 2723 858 2786 Domine
874 2765 883 2796 ,
897 2719 913 2752 ¹
928 2717 1053 2781 Domine

202 2819 313 2880 oxarudi
331 2831 435 2880 vocem
452 2829 564 2877 meam.
718 2863 719 2866 ,
974 2847 976 2854 -

242 2901 331 2963 tiana
345 2916 436 2966 aures
453 2904 522 2961 tuae
534 2893 743 2968 intendentes,
757 2888 774 2922 ⁴
785 2890 816 2951 ia
827 2901 933 2962 rocem
947 2883 1051 2964 depre-

199 2983 330 3047 cationis
345 2999 445 3046 meae.

242 3065 273 3162 Si
290 3068 468 3147 iniquitates
480 3056 712 3135 observaveris,
729 3053 858 3118 bomine
881 3050 948 3129 quis
963 3049 1050 3113 susti·

200 3151 316 3307 ”ebbio
331 3231 413 3310 apud
430 3237 459 3292 te
474 3218 753 3314 propitiaaioest,·
769 3190 936 3300 eapropter
952 3214 1048 3295 tegam

199 3324 283 3380 taam
297 3312 429 3378 sustinui
446 3318 475 3376 te
489 3310 634 3374 Domine.
867 3327 870 3332 ·

241 3399 394 3462 Sustinuit
408 3399 507 3457 anima
523 3409 591 3455 mea
607 3391 638 3452 in
655 3388 751 3452 verbo
767 3385 835 3465 ojus
849 3383 867 3419 ¹*
879 3381 1005 3462 sperarit
1019 3397 1063 3474 ³¹..

202 3481 285 3544 nima
301 3496 366 3542 area
383 3481 414 3542 ia
430 3479 576 3541 Domino.
630 3541 631 3546 ,

242 3565 263 3626 Α
282 3562 417 3626 custodia
434 3559 578 3623 anatatiaa
602 3569 703 3633 usqae
725 3553 762 3615 ad
787 3558 931 3623 noctem3
949 3553 1052 3624 speret

199 3648 295 3710 lsrael
312 3649 342 3707 ia
360 3647 501 3707 Domino.
809 3681 822 3692 ,,

241 3730 316 3806 Quia
333 3728 413 3808 apud
437 3723 598 3788 Dominam
622 3714 905 3782 misericordia*et
920 3712 1046 3792 copiosa

199 3814 279 3891 apud
296 3829 366 3874 oum
383 3808 566 3887 redemptio.

240 3895 277 3958 lit
291 3898 360 3972 tuse
376 3894 506 3957 redimet
520 3889 628 3963 tsraet,
641 3884 659 3920 ·
671 3899 709 3947 ex
723 3881 869 3947 omnibus
891 3878 1050 3958 inanitati·
1067 3885 1069 3888 ·

199 3979 436 4137 unsaramma]
453 4061 610 4120 aeternam
628 4051 710 4113 dona
727 4049 785 4124 eis,
799 4043 934 4113 Domine.
1003 4125 1005 4130 ,

241 4152 272 4219 a.
286 4144 323 4206 Ea
338 4145 391 4205 tua
406 4141 553 4220 perpetua
567 4138 671 4201 iaceat
685 4135 743 4197 eis.

240 4233 271 4302 i.
286 4227 310 4290 A
327 4230 411 4302 porta
429 4221 529 4285 interi.

216 4349 220 4354 -
240 4319 272 4387 ri.
288 4310 368 4372 Erae
382 4306 513 4370 Domine
528 4301 646 4367 animas
661 4316 781 4364 eoram.

241 4398 271 4467 i·
290 4392 495 4472 Requiescaat
511 4387 542 4450 ia
559 4403 648 4466 pace.

238 4475 415 4633 ijslAibnrbinae
437 4553 546 4618 excudi
569 4553 739 4614 orationem
763 4560 875 4610 meam.
893 4550 924 4620 ri.
943 4539 969 4606 it
984 4545 1045 4608 ola·

199 4659 266 4707 mor
281 4657 367 4728 meas
380 4641 417 4703 ad
433 4646 462 4702 te
476 4636 591 4700 reniet.

562 4798 693 4862 &emus

241 4971 393 5034 Fideiium
409 4969 492 5034 Deus
507 4967 644 5032 omnium
661 4963 803 5028 conditor
814 4964 845 5024 et
855 4959 1043 5036 redemtor,

200 5056 361 5119 animabus
373 5053 554 5116 tamaianam
567 5050 811 5124 famularumque
825 5041 1045 5106 taaramrtmis·

200 5141 320 5203 sionem
336 5144 514 5200 coactorum
538 5133 637 5196 tribue
659 5133 878 5210 peccatorum:
903 5133 935 5190 at
956 5125 1045 5189 indut-

200 5221 346 5300 geatiam,
362 5236 453 5299 qaam
468 5234 591 5295 seraper
606 5220 809 5294 optarerunt,
825 5211 885 5292 piis
900 5209 1045 5288 sandica·

202 5306 338 5370 tioaibas
354 5309 593 5381 consequantur.
610 5298 668 5376 Qui
685 5295 760 5358 airis
772 5301 803 5358 et
817 5309 929 5376 regnas
944 5297 1044 5355 iasae·

203 5390 270 5452 outa
287 5386 494 5450 saeculorum.
507 5383 616 5446 amen.

244 5471 391 5550 itoqaiear
407 5475 562 5532 aeternam
579 5467 660 5528 dona
676 5462 722 5526 eis
736 5461 879 5527 Domine.
901 5463 931 5533 i.
953 5457 977 5520 a
994 5459 1044 5520 tur

201 5550 585 5700 1alonaetaetaceatais.rt.
602 5548 810 5628 Requiescant
826 5545 856 5606 in
873 5557 959 5623 pace.
976 5557 996 5618 r„
1008 5540 1046 5602 Α·

235 5653 286 5701 aa.

1458 388 1610 456 irritatis

1124 557 1157 618 S.
1177 556 1300 634 ignatii
1311 517 1451 635 bogorus
1464 553 1627 616 societatis
1641 550 1717 614 dosa
1730 550 1929 627 fundatoris.

1226 719 1251 784 0
1268 701 1631 783 maximeim‘arcoetiaes

1168 845 1170 850 ·
1270 803 1380 882 Loyota
1396 806 1498 882 gentis
1511 803 1651 866 conditor

1201 897 1204 901 ·
1267 887 1309 948 ie
1327 902 1384 948 aos
1400 901 1563 964 precamur
1575 886 1736 965 supptices

1265 968 1484 1032 Praecaatibas
1499 967 1673 1032 inflectitor.

1222 1049 1296 1124 Quis
1313 1046 1341 1114 te
1358 1056 1515 1131 potentem
1533 1053 1649 1129 petiere

1265 1133 1483 1209 Quoscumque
1502 1149 1614 1197 numen
1632 1136 1752 1198 detinet

1207 1231 1209 1236 ’
1265 1217 1376 1279 Terrae
1393 1217 1451 1280 sab
1467 1217 1529 1278 imo
1545 1233 1667 1280 carcere

1266 1300 1341 1374 Quis
1356 1317 1417 1360 naar
1435 1298 1568 1362 libenter
1580 1300 1725 1363 tanaceti

1222 1381 1340 1459 Ubique
1355 1382 1493 1462 goarium
1507 1383 1622 1446 torrido

1263 1465 1379 1543 Agmea
1398 1472 1516 1527 tuorum
1533 1465 1669 1544 percolat

1263 1549 1332 1610 Tibi
1347 1547 1486 1626 flagranti
1503 1549 1534 1610 ia
1551 1553 1687 1625 uectore.

1263 1631 1321 1696 Gor
1336 1631 1435 1709 majas
1450 1630 1525 1697 orbe
1541 1631 1678 1710 palpitat.

1218 1715 1281 1778 oen
1298 1714 1428 1791 parenti,
1445 1720 1475 1775 et
1489 1713 1568 1776 artic

1261 1797 1319 1860 Per
1334 1803 1363 1858 ta
1379 1801 1515 1870 canatur,
1534 1803 1565 1858 ot
1579 1796 1728 1860 oaracttao

1262 1879 1297 1942 la
1313 1879 1506 1942 saeculorum
1525 1880 1660 1942 saecuta.
1673 1879 1781 1953 Amen,

1429 2127 1591 2192 'wambe
1710 2105 1754 2138 '⁴

1134 2303 1230 2378 Deus,
1247 2301 1299 2379 qai
1312 2300 1350 2364 ad
1367 2300 1513 2362 maiorem
1530 2298 1571 2362 toi
1588 2298 1722 2362 nominis
1737 2299 1865 2380 gloriam
1884 2317 1958 2380 pro·

1097 2385 1280 2464 aagendam,
1296 2400 1376 2447 noro
1392 2398 1448 2462 per
1459 2383 1491 2444 b.
1507 2380 1811 2460 ignatiamsabsidio
1823 2383 1960 2445 militan-

1098 2475 1158 2530 tem
1169 2468 1334 2532 ecclesiam
1350 2465 1512 2544 roborasti3
1528 2466 1687 2538 concede,
1706 2474 1739 2528 at
1753 2467 1823 2546 ejus
1835 2467 1953 2528 naratio

1097 2558 1127 2613 ot
1143 2551 1334 2623 miratione,
1358 2553 1513 2612 certantes
1528 2547 1558 2610 ia
1576 2547 1666 2611 terris
1680 2550 1857 2624 ,coronari
1883 2567 1956 2612 cam

1099 2634 1166 2714 ipso
1183 2649 1355 2696 mereamur
1370 2634 1400 2694 ia
1417 2631 1525 2694 caetis.
1543 2631 1598 2708 Qui
1614 2630 1702 2708 viris,
1720 2639 1750 2693 et
1766 2649 1877 2712 regnas
1892 2639 1956 2694 etc.

1422 2795 1596 2863 'Hiatus
1678 2816 1679 2819 ’

1209 2919 1243 2983 S.
1259 2919 1383 3002 Atoysii
1399 2919 1571 3002 doozogoc
1583 2921 1743 2984 societatis
1758 2919 1846 2984 icoo.

1218 3051 1364 3116 intensas
1379 3052 1477 3117 hostis
1493 3049 1609 3132 gloriae

1259 3135 1428 3213 Omnisque
1444 3135 1553 3214 calpae
1569 3133 1708 3210 nescius,

1258 3217 1297 3283 aa
1308 3219 1393 3282 motti
1408 3232 1481 3282 osor
1495 3216 1601 3279 curiae

1259 3301 1413 3368 baudetur
1426 3299 1570 3380 dicasius

1216 3382 1301 3446 Alma
1311 3385 1438 3466 iuvante
1454 3382 1593 3462 Virgine.

1260 3467 1304 3529 iix
1320 3473 1424 3530 aratris
1440 3467 1507 3528 atro
1524 3463 1659 3535 ducitur,

1260 3550 1420 3626 Simulque
1436 3563 1525 3611 sacro
1539 3546 1667 3609 flumine

1258 3631 1394 3696 Nesaeos
1410 3647 1487 3712 puer
1499 3628 1681 3694 renascitur.
1798 3691 1799 3698 χ

1217 3711 1632 3786 ffimbwmwmmm,

1259 3798 1329 3862 Piae
1344 3799 1488 3878 loquelae
1503 3797 1635 3864 semina.

1165 3934 1167 3940 .
1260 3882 1360 3946 Castis
1374 3881 1474 3944 tiarmt
1490 3877 1663 3943 tabettatis.

1213 3973 1214 3976 ’
1256 3964 1343 4042 Jesa,
1360 3972 1390 4028 et
1405 3963 1516 4027 Mariae
1531 3960 1670 4024 nomina.

1216 4048 1344 4111 Sammo
1359 4063 1447 4110 sacer
1460 4047 1522 4127 jam
1539 4042 1663 4108 damini

1258 4133 1352 4194 Caras
1366 4130 1511 4209 aroiaaas
1526 4127 1663 4200 abdicit,

1257 4211 1295 4278 Et
1309 4229 1344 4278 se
1358 4213 1510 4276 decennis
1523 4210 1641 4288 Virgini

1257 4297 1313 4362 Per
1327 4299 1495 4360 castitatem
1512 4294 1647 4356 dedicat.

1214 4379 1280 4443 Dea
1296 4386 1412 4443 trecate
1427 4379 1559 4442 coelitus
1573 4393 1593 4448 ς,

1226 4513 1228 4518 .
1255 4463 1306 4526 Sic
1322 4468 1425 4525 ruente
1440 4463 1539 4541 pergit
1554 4461 1668 4532 virere,
1810 4532 1812 4538 Ι

1256 4545 1293 4608 Ut
1309 4545 1412 4608 carnis
1426 4559 1538 4622 excors
1553 4540 1692 4622 spiritus,

1206 4695 1208 4698 .
1255 4627 1310 4691 Vei
1326 4629 1455 4707 angelos
1471 4643 1541 4689 cara
1558 4638 1701 4702 corpore.

1213 4711 1277 4775 aon
1290 4711 1374 4773 hunc
1388 4712 1524 4774 honores
1539 4706 1656 4770 saecuti

1164 4796 1168 4804 '
1255 4796 1317 4857 aon
1335 4811 1443 4872 magna
1461 4789 1728 4870 tangaat'aomina

1254 4876 1321 4941 Noa
1335 4877 1439 4952 aulici,
1454 4891 1514 4937 noa
1531 4871 1656 4945 serrati,

1194 4973 1195 4978 ’
1254 4960 1319 5024 Noa
1337 4975 1406 5022 cera
1421 4956 1523 5032 gentis
1539 4957 1675 5035 agmina.

1214 5043 1276 5108 Sed
1292 5044 1369 5106 iaaac
1385 5039 1696 5118 babeasdesaectai,

1254 5127 1418 5204 Sacrisoae
1432 5128 1538 5202 eaptus
1553 5122 1685 5200 gaudiis,

1254 5211 1425 5272 adiunctus
1439 5206 1519 5270 aimo
1534 5205 1636 5270 coetui

1256 5291 1366 5354 carisa
1383 5297 1479 5352 meret
1494 5289 1669 5365 stipendiis.

1215 5373 1272 5437 llio
1289 5373 1363 5436 aibii
1382 5372 1561 5452 perfectius,

1253 5455 1333 5521 arao
1349 5457 1404 5519 tait
1418 5456 1621 5529 constantius3

1256 5539 1344 5603 Omni
1362 5553 1471 5602 careas
1483 5534 1635 5602 auocata.

1253 5621 1302 5686 Fit
1315 5623 1482 5688 sauctitatis
1498 5620 1614 5702 regala.
