4048 6242
660 179 810 268 ¹cannes
830 205 1145 272 nectnnsrnnrrus
1663 209 1717 274 aes

14 335 108 412 tilia,
137 335 232 401 facile
247 339 372 418 species
386 341 563 408 animalium
578 345 692 408 multae
705 341 884 405 iamdudum
929 345 1008 408 Patri
1024 346 1056 408 in
1072 361 1106 409 re
1121 343 1259 408 omnium
1274 343 1415 420 maxima,
1431 350 1463 408 et
1483 343 1740 418 leboriosissima,
1755 342 1790 410 id

14 407 207 502 leriissent,
236 424 297 486 nisi
313 423 366 484 liei
383 429 532 504 sapientia
560 445 616 509 per
637 429 720 491 hunc
741 425 884 488 allectum
931 437 989 502 est,
1005 430 1035 491 in
1053 436 1152 492 morte
1167 430 1270 493 crucis
1285 428 1375 508 plena
1398 429 1526 504 doloris,
1543 435 1574 493 et
1588 429 1789 511 ignominiae.

14 506 249 567 tonscrrationi
266 515 295 569 et
310 513 523 590 propagationi
546 528 652 575 eorum
676 510 883 588 providisset,
929 514 1060 590 proinde
1075 512 1102 574 si
1118 513 1354 576 consideremur
1369 515 1534 576 eminentia
1560 527 1736 592 personae,
1759 519 1792 576 et

14 592 65 668 Led
84 590 109 648 si
128 595 235 651 tantus
249 607 335 651 amor
350 596 526 657 naturaliter
542 599 623 659 inest
636 597 667 657 in
683 593 828 679 ornuihos
843 594 886 656 ri·
929 597 1115 673 protundum
1132 595 1311 660 humilitatis
1328 603 1358 658 et
1373 596 1581 669 obedientiae,
1598 595 1673 658 nihil
1691 601 1792 672 potest

14 673 158 754 sentibus
176 689 247 752 erga
264 676 352 734 vitam
379 676 468 740 istam
496 679 644 754 brevem,
672 687 703 740 et
728 678 885 739 aerumnis
930 679 1058 756 cogitari
1076 682 1188 758 maius,
1205 681 1254 743 rel
1270 678 1369 760 magis
1385 681 1587 752 meritorium,
1604 679 1652 742 vel
1667 677 1793 742 honori·
1833 716 1838 728 ·

14 755 155 817 alenam:
174 763 307 832 quantus
323 775 393 820 esse
410 763 539 824 deberet
553 780 638 823 enter
655 763 685 822 in
701 761 792 822 nobis
808 763 882 840 erga
929 759 1072 824 licentius
1087 760 1175 839 Deo,
1192 781 1284 841 quam
1301 764 1428 826 humilis
1444 765 1494 826 illa
1513 762 1626 826 Christi
1641 761 1791 824 ohedien-

14 841 104 899 ritarn
123 839 258 916 beatam,
276 845 305 902 et
321 844 551 920 sempiternam.
569 843 594 908 0
609 850 742 908 coecitas
758 851 790 905 et
810 847 885 906 stul·

14 923 77 983 itia
93 921 221 1002 generis
238 927 374 992 humani,
393 943 442 990 res
457 945 566 991 ornnes
589 945 644 1005 pro
667 929 726 990 rita
741 926 883 989 brevissi·

14 1019 75 1082 pa,
93 1021 150 1081 pro
168 1005 276 1068 umbra
291 1011 491 1079 aeternitatis.
508 1014 651 1074 laborant
667 1028 760 1088 snpra
775 1013 880 1072 vires:

14 1095 43 1160 st
58 1089 156 1150 horno
172 1089 291 1152 ratione
305 1093 465 1169 praeditus
482 1112 536 1174 pro
553 1113 620 1157 vera
637 1095 816 1156 aeternitate
842 1093 883 1154 vi·

14 1187 64 1234 cte
81 1172 294 1244 felicissimae,
312 1191 373 1236 non
398 1177 541 1257 dignatur
555 1179 708 1252 laborare,
727 1194 787 1240 non
811 1176 882 1238 dico

14 1268 109 1334 supra
126 1255 221 1326 vires,
239 1259 294 1318 sed
312 1274 367 1336 pro
382 1261 687 1327 viribusresomnes
703 1277 740 1323 ex
757 1260 884 1322 naturali

14 1341 166 1402 ,nstinolu
183 1347 311 1402 mortem
338 1346 550 1421 temporariam
567 1347 703 1420 horrent,
721 1351 752 1405 ct
767 1343 885 1423 lugiunt

14 1423 232 1499 superomnia
249 1425 349 1486 maia:
374 1427 508 1490 ethome
524 1429 642 1491 ratione
658 1431 837 1500 instructus,
855 1435 885 1488 et

14 1493 78 1567 hde
93 1506 193 1567 dtrtna
211 1507 362 1576 edoctus,
390 1519 519 1572 murtena
546 1515 764 1588 sempiternam
783 1526 885 1586 neque

14 1587 145 1665 horret,
164 1605 266 1666 neque
281 1591 379 1669 legit,
403 1593 511 1656 saltem
527 1642 534 1662 ,
559 1602 591 1658 ut
607 1595 790 1672 temporaria
806 1594 884 1653 mala

14 1671 123 1752 lugere
139 1681 170 1734 et
185 1673 312 1735 horrere
328 1679 499 1739 consucvit.
517 1677 594 1742 Vere
621 1681 714 1757 igitur
738 1678 813 1739 dixit
827 1676 884 1738 Ec·

14 1755 204 1818 clesiastes:
230 1757 408 1820 Stultorum
423 1759 573 1836 rudoltus
588 1767 633 1824 est
647 1775 804 1824 uumerus
819 1806 827 1832 ‚
854 1766 885 1820 et

14 1855 90 1901 rere
106 1841 182 1902 dixit
208 1839 327 1903 Veritas
349 1843 378 1901 in
398 1842 587 1923 Evangelio:
615 1843 717 1921 Quom
743 1848 885 1921 angusto

14 1928 126 2006 porto,
143 1931 173 1985 et
188 1931 280 1988 urcio
294 1926 349 1987 cic
365 1929 420 2002 est,
437 1943 523 2006 quoe
539 1930 628 1992 ducit
643 1929 688 1991 cd
701 1930 824 2002 nitunt,
855 1931 884 1990 ei

14 2009 120 2114 ponci
133 2013 222 2084 stant,
240 2009 299 2088 gari
312 2010 486 2072 iunertc'uut
501 2029 587 2074 eom.

61 2092 123 2152 inm
140 2107 213 2156 vero
235 2093 364 2153 altitudo
382 2096 534 2170 practicae
550 2095 720 2172 sapientiae
735 2092 792 2156 Dei
814 2109 884 2171 pcr-

18 2175 151 2253 spicitur
167 2177 198 2238 in
214 2191 310 2253 opere
324 2178 561 2253 redemptionis.
578 2181 645 2242 dou
664 2178 823 2246 satiabor,
839 2177 886 2238 in·

20 2258 89 2334 onit
103 2273 130 2319 s.
147 2258 339 2337 Augustinus
354 2306 362 2331 ‚
390 2261 564 2324 dulcedine
579 2256 725 2326 mirabili
739 2262 884 2324 couside-

20 2357 98 2404 rurc
113 2341 323 2405 altitudinem
338 2344 468 2405 consilii
490 2347 539 2406 tui
552 2361 651 2424 super
672 2346 811 2408 satutem
831 2361 883 2422 pe-

19 2426 110 2487 cteris
125 2425 276 2489 humani.
292 2425 483 2488 ditissimum
494 2443 566 2490 vere
578 2430 743 2491 consilium
757 2427 813 2489 luit
829 2443 884 2501 per

20 2509 223 2585 ignominiam
247 2507 349 2569 crucis
370 2513 522 2572 resarcire
538 2513 640 2573 omnia
656 2515 765 2574 damna
781 2558 789 2582 ,
806 2526 885 2586 quac

22 2593 132 2652 astutia
156 2593 270 2655 diaboli
295 2607 351 2668 per
366 2599 526 2669 peccatum
548 2597 637 2674 primi
655 2594 789 2657 hominis
806 2594 886 2656 lece·

24 2681 81 2746 rat,
91 2682 121 2735 el
132 2675 172 2736 ila
186 2675 350 2749 resarcire,
361 2683 393 2735 nt
403 2677 563 2754 pulchrius
575 2679 666 2741 tuerit
677 2695 757 2755 opus
769 2676 885 2738 instan-

23 2763 132 2832 utum,
150 2775 240 2836 qoam
257 2758 368 2820 luisset
383 2765 546 2836 antequam
569 2763 793 2823 restauratione
808 2760 886 2820 indi·

23 2855 93 2920 gere
109 2842 278 2918 coepisset.
295 2841 430 2918 Quatuor
446 2845 523 2905 raaia
539 2851 606 2905 nata
621 2852 692 2905 sunt
707 2860 745 2906 ex
760 2852 887 2922 peccato

25 2925 111 3002 primi
129 2925 288 2996 hominis,
315 2927 425 2987 iniuria
442 2925 496 2987 Dei
514 2943 551 2990 cx
573 2929 718 3005 snperbia
735 2931 765 2988 et
778 2927 887 2988 inobe-

26 3009 275 3086 dientia‘Adanii3
289 3023 387 3086 poena
405 3010 494 3086 primi
510 3008 659 3088 hominis,
678 3018 708 3070 et
724 3013 816 3073 totius
832 3011 888 3072 hu·

25 3092 105 3152 mani
122 3097 256 3171 generis.
274 3093 304 3154 id
323 3099 380 3162 est,
405 3093 533 3168 privatio
546 3095 661 3172 gratiae
677 3094 745 3168 liei,
763 3100 792 3155 cl
807 3110 889 3155 sem-

25 3175 163 3246 piternae
179 3175 392 3253 beatitudinis3
405 3171 595 3238 contristatio
612 3177 808 3255 Angelorum,
822 3178 889 3256 qni·

26 3258 83 3318 bus
99 3259 300 3321 vehementer
316 3257 476 3335 displicuit
491 3259 599 3322 iniuria
616 3260 693 3337 Dei,
721 3266 752 3322 et
765 3260 888 3320 miseria

25 3341 362 3424 huminum;·gandinm
381 3342 508 3418 diaboli,
526 3348 556 3404 et
571 3344 708 3405 omnium
725 3344 889 3420 spirituum

26 3427 240 3503 malignorum,
259 3426 311 3504 qni
328 3425 520 3488 laetabantur
542 3427 697 3490 hominem
720 3443 788 3488 ese
804 3429 888 3487 dert-

29 3515 213 3584 clamatque
230 3514 428 3586 prostratum.
441 3509 524 3570 ilaec
539 3515 642 3572 omnia
658 3511 735 3571 mala
752 3509 887 3585 sustulit,

31 3599 56 3653 et
69 3593 99 3652 in
118 3593 233 3654 maiora
249 3593 330 3654 hona
346 3592 496 3653 convertit
511 3593 661 3671 sapientia
684 3593 810 3669 lieiper
826 3609 890 3674 my·

32 3675 154 3736 sterium
172 3677 288 3754 crucis,
306 3682 338 3736 nt
360 3691 421 3736 non
438 3677 506 3738 sine
522 3693 613 3737 cansa
631 3686 721 3738 (canat
737 3675 887 3751 Ecclesia,

36 3756 147 3834 litett'cc
165 3761 274 3838 culpa,
298 3775 384 3838 quoe
399 3761 496 3821 tulero
512 3775 550 3821 cc
565 3765 693 3822 tontum
706 3762 824 3822 meruit
838 3773 887 3822 re-

32 3842 325 3922 demptorem.Gerte
339 3843 419 3903 enim
436 3845 461 3904 si
478 3851 593 3906 restem
610 3861 718 3926 noram
732 3851 761 3904 et
777 3845 890 3918 pretio·

33 3941 91 3986 sam
106 3943 177 3988 casn
192 3928 431 4002 aliquoscissam
448 3934 477 3988 et
490 3926 621 3988 laceram
635 3927 890 3989 sartorindustria

34 4025 81 4070 soa
98 4018 129 4071 et
144 4017 323 4072 ornamento
335 4010 439 4088 aliquo
451 4011 650 4086 superaddito
663 4010 701 4072 ilc
715 4008 889 4085 resarciret,

35 4100 61 4151 nt
75 4093 245 4174 elegantior
261 4100 292 4155 et
307 4093 585 4170 pretiosiorlieret,
602 4093 668 4154 inre
691 4092 752 4155 dici
769 4099 887 4176 posset,

34 4174 98 4238 lelix
115 4179 237 4250 scissio,
252 4193 331 4255 qnae
349 4183 448 4237 tantae
463 4171 612 4239 venustati
627 4178 823 4238 occasionem
838 4181 890 4238 de-

932 847 983 908 tia.
999 846 1106 920 ltaque
1121 847 1283 910 verissime
1299 847 1421 908 dicebat
1435 847 1585 909 Dominus
1607 847 1639 907 in
1653 844 1793 924 Euange-

931 929 994 990 lio:
1015 930 1081 1007 Epo
1097 935 1126 990 te
1141 929 1323 1007 clarificavi
1336 946 1435 1008 super
1456 936 1589 994 terram.
1605 927 1686 991 Vere
1707 927 1792 991 enim

930 1028 1032 1072 coram
1048 1013 1172 1090 Angelis
1184 1011 1400 1084 liei,etcorarn
1417 1014 1562 1076 omnihus
1574 1013 1691 1076 sanctis
1706 1026 1792 1074 men·

930 1095 1013 1156 tibus
1028 1095 1262 1173 Prophetarum,
1279 1103 1310 1158 et
1325 1097 1478 1164 aliorum.
1501 1095 1617 1175 quihus
1629 1095 1686 1156 ista
1702 1093 1791 1157 inno·

931 1186 1065 1247 luerunt,
1082 1178 1262 1259 glorilicavit
1276 1178 1374 1242 Deum
1397 1179 1516 1243 Patrem
1531 1179 1621 1242 Iesus
1636 1177 1792 1255 christus,

930 1261 1026 1338 gloria
1042 1263 1133 1339 plane
1150 1262 1349 1324 inenarrabili
1363 1269 1391 1325 et
1404 1266 1429 1326 si
1442 1263 1551 1344 Angeii
1566 1263 1599 1324 in
1614 1260 1726 1324 Christi
1740 1277 1794 1322 na·

931 1345 1044 1405 tirilate
1061 1345 1100 1405 oh
1117 1346 1320 1407 humilitatem
1336 1347 1496 1424 praesepis
1511 1348 1703 1409 cecinerunt:
1723 1344 1794 1408 Glo-

929 1428 983 1489 rio
997 1428 1034 1489 in
1048 1429 1185 1490 ecccetsis
1200 1427 1275 1505 Deo,
1300 1429 1397 1490 multo
1413 1429 1509 1509 magis
1524 1430 1584 1492 hcc
1606 1430 1710 1505 ipsum
1726 1445 1790 1490 ma-

931 1511 987 1571 iori
1004 1511 1100 1572 iubilo
1115 1516 1315 1575 cantaverunt
1328 1513 1368 1575 oh
1379 1511 1584 1574 humilitatem
1601 1511 1794 1574 crudelem

931 1609 1003 1655 reru
1018 1594 1087 1670 ipse
1103 1594 1195 1657 homo
1211 1597 1238 1656 st
1260 1611 1323 1658 non
1340 1602 1512 1674 peccasset,
1530 1594 1730 1671 obtinuisset,
1752 1593 1794 1657 all

930 1693 1084 1740 summurn
1111 1679 1329 1756 aequalitatem
1352 1679 1559 1757 Angelorumt
1587 1694 1670 1740 nunc
1692 1683 1796 1741 autem

931 1775 986 1837 per
1000 1761 1257 1839 redemptionem,
1273 1776 1353 1841 quae
1369 1770 1417 1824 est
1432 1764 1463 1825 in
1479 1759 1600 1824 Christe
1615 1759 1699 1834 lesu,
1717 1759 1796 1823 obtl·

931 1843 997 1905 nuit
1012 1859 1110 1920 genus
1127 1845 1307 1921 humanum,
1321 1850 1354 1906 ot
1367 1861 1448 1908 nnus
1464 1845 1557 1907 homo
1572 1861 1669 1922 super
1682 1853 1795 1908 omnes

931 1928 1066 2005 Angelos
1082 1928 1231 1991 exaltatus
1257 1929 1288 1990 in
1315 1929 1440 2008 dextera
1461 1927 1518 1990 Dei
1534 1927 1663 2004 sedeat,
1690 1930 1796 2006 sitque

930 2017 1023 2086 caput
1039 2015 1069 2071 ct
1084 2007 1233 2073 Dominus
1255 2012 1464 2088 Angelorum,
1490 2017 1522 2072 et
1546 2010 1720 2074 hominum.
1743 2009 1797 2073 Sic

931 2095 1014 2156 enim
1040 2093 1079 2156 dc
1101 2091 1222 2156 Christo
1237 2093 1345 2156 scribit
1372 2098 1480 2169 Apost.
1497 2094 1605 2156 Petrus
1632 2095 1663 2155 iu
1691 2092 1795 2170 priore

932 2176 1062 2253 epistola
1076 2193 1084 2235 :
1107 2176 1273 2250 Profectus
1287 2179 1325 2240 iu
1340 2179 1468 2242 coetum
1481 2177 1633 2240 subiectis
1653 2176 1717 2239 sihi
1730 2173 1802 2239 Ao·'

930 2261 1020 2339 pelis,
1036 2265 1065 2320 et
1077 2261 1299 2338 potestatibus,
1316 2267 1344 2322 et
1359 2260 1531 2325 uirtutibus
1548 2267 1579 2322 et
1595 2260 1796 2340 coapostolus

931 2343 1010 2404 eius*
1025 2343 1138 2406 Paulus
1165 2343 1202 2406 ad
1229 2343 1470 2422 Philippenses:
1499 2343 1634 2422 Propter
1656 2343 1745 2423 quod
1765 2348 1796 2404 et

931 2424 1015 2488 Deus
1029 2427 1187 2490 eccultuuit
1200 2427 1307 2504 titum,
1324 2433 1354 2489 et
1369 2427 1527 2490 dedititii
1550 2442 1683 2502 uomcu,
1707 2426 1798 2506 quod

933 2516 978 2570 est
992 2525 1091 2584 super
1105 2527 1201 2572 orode
1214 2526 1348 2584 nomeu,
1361 2518 1397 2572 ut
1409 2510 1449 2572 tu
1463 2511 1598 2592 comice
1612 2509 1687 2574 Iesu
1701 2525 1799 2574 omne

931 2591 1178 2671 genuflectetur,
1194 2593 1391 2668 coelestium,
1407 2595 1630 2666 terrestrium,
1654 2598 1684 2654 et
1697 2589 1798 2668 iufer-

931 2677 1176 2755 uorum.Itaque
1189 2677 1287 2738 Filius
1300 2674 1476 2740 ctarillcarit
1488 2675 1613 2762 Patrem.
1622 2675 1798 2738 hnmilitate

934 2761 1088 2831 passionis
1103 2759 1196 2822 modo
1212 2759 1434 2836 inenarrabili,
1462 2765 1493 2822 et
1515 2760 1603 2822 Pater
1618 2757 1799 2820 clarificavit

932 2842 1042 2903 Piliam
1058 2843 1241 2904 exaltatione
1267 2843 1305 2904 ad
1321 2843 1478 2905 dexteram
1494 2858 1583 2905 snam
1609 2842 1703 2905 modo
1723 2842 1798 2904 item
1817 2849 1818 2854 ’

933 2925 1144 2996 inenarrabili,
1157 2941 1237 3003 ocae
1252 2924 1430 2988 clarificatio
1446 2925 1486 2987 ita
1502 2924 1684 2988 redundarit
1698 2923 1730 2986 in
1753 2932 1798 2987 to·

934 3016 997 3069 turn
1012 3008 1182 3070 humanum
1196 3024 1307 3088 genus
1326 3015 1359 3072 nt
1381 3010 1473 3085 plane
1495 3003 1558 3070 sint
1572 3007 1773 3088 ingratissimi
1788 3054 1796 3081 ‚

935 3092 987 3167 nui
1003 3093 1060 3154 hoo
1076 3094 1261 3154 immensum
1278 3091 1464 3156 beneficium
1481 3108 1542 3154 non
1559 3097 1745 3170 agnoscunt,
1763 3096 1794 3153 et

934 3191 990 3254 pro
1005 3191 1041 3236 eo
1058 3177 1172 3254 gratias
1187 3174 1251 3236 lieo
1275 3191 1338 3236 non
1364 3181 1469 3254 agunt.
1494 3174 1601 3248 Quid?
1623 3174 1706 3252 qued
1734 3188 1798 3236 uon

935 3260 1022 3318 solus
1038 3257 1177 3320 Christus
1192 3255 1288 3330 Deus,
1302 3263 1332 3322 et
1343 3260 1448 3334 homo,
1462 3259 1517 3320 sed
1536 3260 1602 3336 ipsa
1619 3263 1717 3319 mater
1729 3257 1798 3320 eius

935 3343 1065 3402 exaltata
1081 3345 1238 3416 estsuper
1253 3357 1363 3403 ornnes
1378 3342 1492 3404 choros
1503 3340 1705 3419 Angelorum,
1718 3356 1800 3413 uuae

935 3429 1038 3486 tamen
1053 3423 1145 3485 homo
1161 3423 1260 3485 solum
1278 3431 1324 3486 est
1339 3440 1402 3491 uon
1419 3424 1516 3496 Deus,
1533 3438 1630 3502 quare
1652 3423 1798 3488 homines

936 3512 1016 3568 tanta
1032 3507 1213 3568 accessione
1230 3509 1345 3584 gloriae
1361 3507 1422 3569 sihi
1437 3507 1527 3584 lacta,
1544 3507 1583 3569 ad
1606 3523 1686 3581 cam,
1703 3523 1798 3585 quam

936 3591 1142 3666 habuissent,
1159 3593 1184 3651 si
1202 3591 1319 3668 primus
1335 3592 1427 3652 horno
1442 3607 1505 3652 noa
1522 3596 1705 3668 peccasset,
1729 3588 1798 3652 iuro

938 3681 1069 3748 possunt
1084 3674 1256 3736 exclamare
1271 3693 1279 3734 :
1308 3673 1331 3736 0
1349 3674 1420 3734 ielix
1435 3675 1538 3751 culpa,
1553 3688 1632 3752 quae
1647 3672 1740 3735 talem
1763 3690 1800 3736 ec

933 3763 1050 3820 tantum
1067 3758 1177 3819 meruit
1193 3757 1434 3834 redemptorem.
1457 3757 1552 3820 Porro
1573 3755 1684 3836 Angeli
1700 3756 1799 3818 sancti

935 3843 1018 3903 sicut
1031 3839 1201 3902 contristati
1217 3849 1288 3901 sunt
1303 3841 1343 3902 de
1359 3858 1433 3902 casu
1451 3841 1539 3917 primi
1557 3840 1705 3910 hominis,
1723 3845 1798 3901 tam·

937 3941 1028 4001 quam
1044 3924 1083 3986 de
1098 3923 1278 4002 gravissima
1294 3940 1441 3986 aerumna
1465 3921 1565 3984 tratris
1580 3921 1629 3986 sni
1645 3922 1773 3984 minoris
1790 3940 1798 3983 :

937 4009 983 4070 sic
998 4008 1089 4070 etiam
1107 4008 1237 4068 marimo
1262 4007 1374 4086 gaudio
1400 4003 1501 4068 allecti
1522 4013 1596 4068 sunt
1617 4005 1798 4082 excopiose

935 4090 1149 4170 redemptione
1163 4107 1217 4167 per
1229 4089 1383 4153 Christum
1396 4086 1484 4151 lacta.
1494 4087 1527 4150 Si
1540 4088 1623 4150 enim
1635 4089 1800 4167 goudium

935 4180 980 4235 est
994 4175 1032 4235 in
1046 4173 1132 4236 coelo
1146 4189 1256 4236 corum
1270 4171 1400 4252 Angelis
1413 4174 1454 4235 de
1465 4187 1533 4234 uuu
1547 4176 1715 4250 peccatore
1725 4186 1800 4248 poe·

15 4327 16 4330 g
35 4259 82 4321 dil.
99 4260 218 4322 Primus
233 4263 327 4340 igilur
340 4259 455 4333 homo,
479 4277 535 4336 per
550 4261 690 4322 astutiam
707 4267 737 4320 et
753 4259 890 4322 inriden·
935 4259 1108 4320 uiteutiarn
1124 4264 1261 4338 operate,
1289 4263 1405 4334 quanto
1428 4256 1527 4334 magis
1542 4254 1691 4333 gaudium
1706 4256 1799 4317 maxi-

37 4343 99 4403 tiam
117 4343 243 4418 diaboli,
261 4347 292 4405 in
315 4343 495 4420 superbiam
510 4345 622 4418 elatus,
639 4341 790 4405 affectavit
805 4344 890 4404 simi-
935 4341 1132 4403 meminisse
1148 4339 1338 4403 credendum
1350 4346 1397 4401 est
1408 4354 1512 4401 coram
1527 4338 1645 4400 eisdem
1658 4337 1798 4415 Angelis,

36 4425 188 4490 titudinem
204 4427 271 4504 liei,
285 4433 315 4490 et
331 4427 516 4488 inobediens
530 4427 591 4488 lieo
606 4434 807 4506 praeceptum
824 4427 891 4490 eius
935 4425 1060 4496 onando
1076 4424 1230 4497 viderunt,
1245 4439 1300 4502 per
1313 4422 1468 4488 Christum
1486 4423 1643 4482 hominem
1660 4419 1796 4484 iustitiae

37 4513 254 4586 praevaricatus
270 4515 329 4573 esi.
346 4509 388 4570 Itu
407 4511 468 4571 [teo
484 4510 621 4571 debitum
649 4511 799 4573 honorem
816 4526 890 4586 quo·
935 4506 992 4569 Dei
1015 4505 1197 4584 plenissime
1222 4505 1413 4568 satisfactum
1439 4520 1495 4582 pre
1519 4505 1666 4596 humano·
1680 4519 1799 4583 genere

39 4597 194 4656 dammodo
220 4597 331 4673 rapuit.
353 4595 415 4655 Sed
442 4593 600 4655 sccundus
616 4593 710 4656 Adam
737 4591 890 4668 Christus,
938 4591 1046 4664 inisse,
1063 4595 1093 4652 et
1108 4591 1193 4652 clare
1209 4592 1310 4652 crucis
1326 4589 1395 4650 cius
1408 4595 1513 4662 aperta
1529 4587 1730 4650 credentibus
1751 4603 1800 4649 re·

40 4678 83 4749 eni
108 4677 256 4756 sapientia
285 4677 338 4740 liei
362 4681 428 4748 est,
456 4676 642 4739 ituoritioot't
661 4678 888 4755 semetipsum,
940 4691 1000 4752 gna
1017 4672 1206 4735 coelorumt
1231 4672 1336 4749 Neque
1351 4671 1575 4750 suspicandum
1589 4678 1648 4740 est,
1664 4667 1801 4749 Angelos

40 4759 134 4836 [octus
150 4753 302 4826 obedieris
326 4776 430 4840 usque
445 4762 491 4823 od
504 4767 661 4837 nrortem,
689 4769 719 4822 et
742 4762 891 4823 honorem
940 4763 1066 4819 sanctos
1081 4757 1211 4818 moleste
1222 4756 1343 4829 tulisse,
1357 4754 1439 4834 quod
1454 4755 1612 4816 hominem
1629 4753 1797 4830 christum,

15 4843 238 4912 ,tcorestituir
253 4845 518 4916 multomaiorem,
534 4843 894 4921 quamlueritille,quem
936 4845 967 4903 et
982 4841 1190 4902 beatissimam
1206 4839 1362 4918 Virginem
1385 4853 1478 4915 supra
1500 4837 1640 4916 ipsorum
1665 4836 1799 4916 Angelo-

39 4929 254 5006 primnsAdam
266 4927 475 5007 superbiendo
487 4933 518 4990 et
529 4927 740 4990 inobediendo
752 4927 890 4990 abstulit.
937 4939 1005 4986 rum
1021 4922 1217 4986 eminentiam
1233 4922 1318 4985 Deus
1332 4919 1486 4998 extulerit,
1499 4921 1587 4982 abest
1602 4919 1684 4982 euim
1697 4919 1800 4983 omnis

41 5011 127 5074 Adam
143 5013 225 5076 enim
241 5029 336 5092 purus
352 5012 444 5075 homo
467 5015 542 5086 erat,
559 5010 629 5072 etsi
644 5010 709 5072 lieo
725 5010 888 5088 paruisset,
942 5008 1020 5069 livor
1035 5015 1065 5069 et
1079 5005 1248 5068 invidentia
1264 5006 1302 5066 ab
1323 5003 1472 5082 Angelis,
1496 5009 1527 5066 ct
1541 5003 1633 5067 iidem
1650 5003 1800 5066 charitate

42 5094 116 5158 inre
137 5097 280 5159 facillima
308 5096 473 5176 paruisset.
491 5094 568 5168 Quid
595 5093 677 5155 enirn
703 5095 805 5173 magni
829 5098 894 5157 erat
942 5091 1102 5154 verissima
1127 5096 1219 5168 atque
1240 5089 1455 5152 ardentissima
1482 5088 1566 5166 pleni
1582 5087 1802 5150 suntcharitas

43 5179 142 5256 primis
158 5181 338 5244 hominibus
354 5179 508 5240 abstinere
531 5194 548 5240 a
563 5176 713 5239 tractibus
736 5177 829 5239 unius
849 5193 896 5238 ar·
942 5180 1043 5236 autem
1061 5189 1122 5236 uon
1139 5174 1320 5244 aemulatur,
1337 5187 1399 5234 non
1420 5167 1565 5247 inflatur,
1589 5186 1651 5234 non
1667 5171 1802 5232 tristatur

43 5261 119 5325 horis
134 5265 255 5338 vetitae,
270 5281 340 5327 cum
356 5261 498 5341 plurimis
511 5269 540 5323 ct
552 5261 676 5339 optimis
689 5259 897 5324 abundarent?
943 5256 1077 5320 debono
1093 5255 1206 5332 alieno,
1223 5257 1280 5320 sed
1296 5257 1487 5330 collaetatur,
1504 5262 1534 5318 et
1549 5252 1725 5334 congaudet
1745 5253 1801 5314 ho·

46 5345 139 5427 ltaque
155 5356 314 5428 peccatum
333 5347 456 5426 quidem
473 5361 577 5408 eorum
594 5344 806 5428 gratissimum
830 5345 896 5421 luit,
942 5343 993 5404 nis
1010 5339 1166 5417 omnibus,
1184 5342 1319 5403 debono
1335 5338 1486 5416 ipsorum,
1513 5355 1574 5402 non
1592 5336 1694 5431 miuus
1709 5351 1801 5414 quam

48 5437 72 5492 et
85 5440 166 5494 tanto
180 5431 431 5512 gratiosorum
447 5427 563 5492 tacilior
577 5429 752 5495 ohedientia
769 5429 897 5508 luisset3
944 5424 973 5488 sl
988 5427 1144 5502 proprium
1162 5429 1257 5488 esset.
1272 5424 1378 5500 ltaque
1393 5434 1465 5484 tere
1479 5422 1560 5486 canit
1574 5421 1724 5484 Ecclesia.
1746 5415 1802 5482 As·

48 5529 108 5577 curo
124 5515 203 5578 nihil
229 5515 345 5578 laboris
367 5513 551 5576 contineret.
568 5511 706 5576 Christus
721 5528 792 5576 tero
814 5511 899 5576 Deus
944 5515 1074 5590 sumptu
1089 5513 1134 5572 est
1147 5509 1253 5574 Morio
1266 5509 1305 5572 t'o
1320 5507 1468 5580 coctum,
1494 5506 1641 5587 prudent
1660 5500 1799 5584 Aureli,

49 5605 74 5666 et
86 5601 176 5670 homo
191 5604 266 5686 erat,
283 5605 313 5666 et
327 5596 497 5684 humiliarit
511 5609 545 5664 se
561 5595 598 5663 ad
614 5595 822 5678 obediendum
834 5595 899 5666 lice
944 5609 1007 5666 uon
1022 5593 1132 5678 inquit,
1149 5593 1329 5672 tristantur,
1345 5590 1402 5668 sed
1415 5591 1553 5674 gaudent
1567 5587 1698 5670 angeli,
1721 5585 1806 5670 qnod
