4054 6246
912 221 1027 280 vtem
1100 291 1102 296 ¹

90 361 275 422 Persecutio
285 357 335 416 xl.
349 351 402 414 sub
414 349 581 410 Constantio
594 349 711 410 Ariane.

1705 223 1756 281 135

1012 351 1577 418 Bonitaolassecundnssnccessoremsihi
1591 359 1675 435 elegit
1687 361 1827 440 vigllnm,

93 506 236 564 schism
245 503 402 562 mundum
416 497 517 557 Felicis
530 512 597 555 ⁰¹1OE
612 496 736 554 [111111οῑ
748 495 798 552 sed
811 501 930 566 meique
974 510 1022 564 sed
1031 507 1152 564 cassavit
1163 507 1247 576 paulo
1258 515 1318 577 post
1328 506 1493 566 electionem
1506 507 1583 566 illam
1593 522 1682 582 quam
1690 511 1828 572 sentiebat

54 579 164 652 aliquo
179 587 307 650 ternpore
320 573 477 646 legittimus
489 571 553 628 luit.

93 719 264 778 persecutio
283 717 347 775 1111.
359 717 413 776 sub
427 715 538 774 Iuliano
552 708 635 774 atrox
647 714 696 772 sed
714 685 819 773 brevis.

96 866 273 928 Persecutio
285 867 362 924 xlll.
374 865 429 924 sub
442 865 560 924 Valente
573 864 691 922 Ariane.

96 1009 236 1067 Schisma
247 1009 298 1069 lll.
313 1009 438 1067 Ursicini
452 1018 551 1068 contra
566 1011 731 1068 Damasum.

98 1155 237 1213 &cunda
249 1155 378 1226 synodus
387 1135 634 1226 generalisprinta
647 1151 928 1222 Constantinopolita-

54 1239 108 1295 ma,
130 1235 235 1285 contra
247 1227 457 1299 Macedonium,
471 1234 499 1286 et
511 1227 583 1284 allos
595 1233 731 1299 negantes
750 1225 928 1284 divinitatem

53 1299 192 1370 Spiritus
204 1300 307 1357 sancti.
893 1335 896 1340 ι

92 1442 184 1501 Circa
195 1445 265 1504 haec
278 1399 406 1514 tempora
420 1444 631 1515 SAugustlnus
651 1441 777 1501 institnit
790 1443 926 1504 Ordinem

54 1514 242 1574 illericorum
265 1517 472 1587 Regularium3
502 1514 554 1588 qui
579 1515 665 1574 simul
684 1530 750 1572 cum
770 1517 864 1586 seipso
884 1515 925 1574 ri-

51 1595 115 1643 tam
132 1602 319 1648 communem
332 1589 462 1662 agebant.
847 1605 852 1613 “

93 1729 922 1804 annaio.nomacapecsrannuncohegemonius.

58 1806 95 1860 ah
108 1806 180 1864 eius
191 1806 364 1865 conditione.

91 1952 228 2012 Schisma
241 1953 290 2011 lll.
313 1955 416 2026 Eulalij
430 1962 531 2013 contra
543 1953 732 2013 Bonilacinm.

56 2107 311 2238 Dglllpcfigempore
340 2107 474 2184 conditur
503 2109 606 2170 civitas
634 2111 824 2169 venetiarum
849 2127 925 2168 atino

90 2325 189 2384 Tertia
203 2325 333 2397 synodus
344 2325 485 2398 generalis
504 2327 628 2386 habetur
648 2327 752 2397 Ephesi
767 2324 923 2397 annomi-

59 2398 88 2455 ni
102 2398 169 2456 tel.
184 2405 284 2474 contra
296 2397 465 2457 Nestorium.

95 2543 190 2601 Attila
201 2544 264 2602 lies
275 2543 457 2614 Hunnorum,
471 2541 592 2616 hagetlat
605 2542 724 2602 ltaliam.

95 2686 207 2758 Quarta
220 2690 351 2761 synodus
367 2691 510 2762 generatis
522 2692 644 2750 habetur
665 2691 853 2760 Chalcedone,
875 2707 924 2750 an·

59 2778 94 2820 no
109 2762 176 2834 181,
196 2769 295 2820 contra
307 2763 507 2836 Eutyctietem,
520 2772 548 2821 et
562 2765 740 2822 blascorum.

90 2908 239 2967 Vesuvius
253 2905 577 2984 monsCampaniae‚qui
589 2921 665 2964 anno
678 2908 771 2977 primo
781 2904 838 2964 Titi
851 2906 923 2976 lmp-

60 2982 208 3052 ingentcm
224 2982 336 3052 copiam
362 2979 548 3046 minutissimi
573 2977 703 3049 pulveris
724 2986 891 3037 evomuerat
915 3025 922 3051 ,

57 3061 125 3112 teste
139 3055 278 3112 Suetonio
291 3060 319 3110 ct
333 3053 518 3110 aliisziternm
540 3053 592 3108 hoc
606 3059 744 3122 tempore,
769 3065 846 3108 anno
858 3051 920 3108 hil.

59 3129 97 3183 ita
109 3127 284 3184 immensam
295 3125 408 3196 copiam
418 3124 556 3195 evomuit,
567 3130 600 3180 ut
610 3129 696 3179 totam
707 3124 766 3181 lere
776 3123 922 3192 Europam

57 3199 271 3256 obtenebraret.
286 3195 446 3254 Marcellin.
458 3203 485 3254 et
498 3195 557 3251 alii.
567 3197 601 3250 Et
614 3209 673 3251 non
685 3195 734 3252 din
747 3202 842 3264 postea
854 3202 922 3253 tem·

58 3286 124 3341 pore
137 3269 310 3328 Theoderici
324 3264 411 3338 Regis
424 3267 520 3324 ltaliae
536 3268 611 3324 idem
624 3267 827 3338 accidit,quam
839 3283 923 3338 erup·

58 3344 162 3399 tionem
175 3343 298 3412 pulchre
311 3339 447 3397 describit
459 3337 643 3397 Cassiodorus
653 3339 704 3395 lib.
719 3339 746 3414 d.
760 3339 923 3416 variarum,

58 3414 180 3486 epistola
194 3412 445 3486 quinquagesima.
744 3421 747 3428 ⁴

93 3559 125 3616 ln
145 3559 310 3630 Augustulo
322 3559 425 3618 deiecit
439 3558 596 3630 Imperium
610 3557 809 3634 occidentale,
838 3571 870 3622 ut
881 3621 884 3630 Α
894 3563 924 3622 in

62 3633 193 3702 Augusto
206 3633 307 3702 coepit.
322 3632 413 3691 lulius
426 3632 504 3689 enim
516 3633 617 3689 tlaesar
631 3631 757 3692 Dictator
770 3643 925 3708 perpetuus

62 3705 129 3776 luit,
156 3717 218 3762 non
242 3707 357 3776 proprie
380 3705 550 3776 imperator,
577 3707 713 3776 quamvis
733 3720 765 3763 re
786 3708 849 3778 ipsa
870 3708 922 3766 im·

63 3785 333 3921 samareum,
357 3854 385 3905 et
403 3849 619 3922 Theodericus,
642 3863 700 3906 non
724 3850 924 3924 imperatores,

66 3923 109 3979 :cd
120 3921 218 3992 Reges
230 3922 325 3978 ltaliae
339 3920 395 3978 dici
416 3914 581 3980 voluerunt.

95 4097 154 4154 lloc
170 4105 296 4168 tempore
309 4096 470 4166 persecutio
492 4089 650 4149 vandalica
669 4100 700 4141 tn
714 4083 812 4141 Africa
824 4083 925 4143 Catho-

68 4169 448 4228 ticoscrndelirervexahar.
790 4191 792 4196 η

93 4335 152 4391 lloc
164 4335 266 4392 eodem
277 4340 406 4404 tempore
419 4333 577 4402 imperator
588 4329 757 4392 Anastasius
771 4327 925 4398 Eutychia·

61 4421 110 4463 nris
124 4407 290 4464 haereticus
302 4412 372 4464 crat.
387 4406 477 4476 lleges
492 4403 600 4471 ltaliae,
622 4402 787 4472 llispaniac,
801 4407 829 4458 et
848 4398 925 4455 Airi-

63 4494 120 4546 rae,
134 4477 249 4535 Ariani.
264 4479 354 4549 llegcs
376 4479 564 4546 Francorum,
578 4475 748 4546 anglorum,
772 4477 925 4532 Germano-

62 4565 145 4623 rum,
171 4551 280 4620 Pagani
290 4566 313 4634 ,¹
326 4557 461 4607 ettamen
480 4545 646 4605 Christiana
670 4544 799 4602 Ecclesia
818 4541 925 4601 destrui

63 4637 115 4679 non
129 4622 236 4694 potnit,
250 4635 317 4695 quia
330 4621 449 4678 lundata
461 4627 503 4676 cst
523 4632 610 4687 super
622 4623 755 4689 petram,
777 4623 804 4674 et
828 4622 926 4686 portae

64 4697 146 4754 inleri
161 4695 302 4754 adversus
313 4707 375 4751 cam
388 4707 445 4751 non
457 4691 673 4763 praevalebunt.

97 4837 232 4896 Schisma
245 4838 378 4909 quintum
392 4835 538 4895 Laurentii
552 4842 650 4892 contra
664 4835 881 4908 Symmachum.

67 4975 174 5104 tofi?
202 4975 408 5034 Monachorum
431 4980 521 5035 sancti
545 4978 693 5037 Benedicti
720 4980 773 5035 hoo
797 4985 926 5048 tempore

78 5063 152 5119 ncipr
170 5091 178 5104 .

100 5198 298 5256 l'hcodoricus
318 5198 381 5256 llcx
394 5195 539 5270 Arianos:
565 5198 613 5254 scd
634 5194 742 5266 alioqui
756 5195 881 5264 prudens
900 5203 928 5252 ct

69 5271 210 5328 Ecclesiae
223 5272 376 5342 lloolanae,
390 5277 418 5326 et
429 5283 543 5325 summa
562 5268 693 5326 Pontifici
705 5273 827 5323 muttum
842 5268 927 5322 hono·

70 5345 104 5400 ris
116 5344 262 5412 deferens,
276 5347 304 5399 et
325 5342 389 5401 ideo
409 5341 530 5397 feliciter
550 5354 692 5412 regnans,
721 5339 770 5396 ubi
794 5339 926 5395 loannem

70 5416 234 5472 Pontificem
248 5415 279 5470 in
292 5428 438 5472 carcerem
452 5411 592 5483 coniecit,
618 5422 646 5472 et
666 5410 866 5483 symmachum
895 5423 928 5466 ac

71 5489 200 5545 Bootium
214 5486 367 5560 interiecit,
380 5486 479 5545 codem
491 5499 567 5542 anno
579 5487 738 5544 miserrime
751 5497 818 5541 cum
831 5483 929 5554 llegno

75 5561 159 5618 tilam
174 5558 279 5617 amisit.

974 576 1109 656 omnihus
1122 579 1282 651 displicere.

1011 719 1140 777 Schisma
1152 721 1216 786 Vll.
1231 735 1282 794 per
1293 721 1432 794 vigilium
1451 733 1550 785 contra
1564 729 1736 802 sylverium.

898 886 901 894 ’
1010 872 1142 945 vigilius,
1156 874 1206 943 cni
1221 881 1373 943 corruptus
1385 871 1539 931 ambitione
1557 872 1681 930 schisma
1702 875 1824 948 lecerat,
1917 927 1921 936 ,

973 951 1001 1001 ct
1014 945 1101 1002 multa
1115 946 1187 1003 mala
1200 946 1365 1016 promiserat
1377 945 1530 1016 Augustae,
1545 959 1611 1002 mox
1634 951 1665 1004 ut
1687 945 1829 1018 legitimus

975 1017 1108 1074 Pontifex
1119 1032 1179 1076 csse
1192 1019 1295 1090 coepit,
1311 1031 1328 1073 a
1341 1019 1398 1074 lleo
1410 1024 1538 1074 mutatus
1551 1017 1774 1076 constantissime
1784 1034 1827 1078 re·

973 1089 1232 1219 sfiliitcigvfltugustae,
1254 1097 1282 1147 et
1300 1103 1352 1161 pro
1372 1090 1426 1147 fide
1445 1087 1589 1168 Catholica
1615 1089 1768 1150 lectissime
1786 1091 1827 1151 di·

972 1302 1117 1432 cu&libaima
1138 1305 1268 1378 Synodus
1293 1307 1436 1380 generalis
1458 1307 1768 1398 Constantinopolitano
1786 1327 1826 1370 se·

1009 1531 1075 1585 Post
1087 1528 1205 1586 Eheiaim
1219 1528 1315 1586 nullus
1337 1530 1460 1600 amplius
1473 1530 1526 1588 luit
1547 1531 1608 1588 llex
1621 1533 1777 1590 Gothorum
1798 1537 1828 1591 in

971 1598 1088 1658 ltaliae:
1121 1601 1169 1658 sed
1186 1600 1288 1660 Narses
1300 1601 1381 1659 titulo
1396 1603 1481 1660 Ducis
1500 1617 1562 1660 eam
1574 1604 1658 1674 rexit,
1679 1603 1726 1661 sed
1746 1608 1829 1675 paulo

971 1680 1033 1800 post
1057 1673 1188 1730 irritatus
1212 1673 1249 1730 ab
1270 1689 1359 1732 uxore
1384 1674 1554 1748 iustiniani,
1580 1675 1778 1746 Langobardos
1797 1679 1827 1738 in

986 1745 1081 1802 taliam
1094 1745 1215 1804 vocavit.

987 1963 992 1974 Ι
1007 1891 1157 1951 Alhoioins
1169 1895 1231 1952 llcx
1244 1893 1622 1965 Longohardoruni‚regnore
1632 1891 1724 1962 coepit
1736 1892 1766 1948 in
1777 1891 1828 1948 lta-

974 1963 1012 2022 lra
1024 1979 1110 2022 anno.
1125 1967 1187 2024 568.
1203 1966 1255 2024 Sed
1269 1965 1350 2025 brevi
1372 1965 1484 2023 occisus
1505 1965 1583 2036 init,
1607 1972 1639 2022 ut
1662 1965 1747 2022 ctiam
1766 1963 1828 2020 cius

970 2050 1117 2094 successor
1129 2038 1253 2109 Cleonis,
1265 2037 1365 2095 deinde
1379 2053 1429 2108 per
1440 2053 1529 2096 annos
1539 2039 1634 2095 decern
1645 2037 1721 2108 Rege
1731 2049 1828 2092 carue-

971 2115 1039 2168 runt
1053 2109 1241 2181 Langobardi,
1255 2116 1283 2170 et
1296 2111 1387 2166 Duces
1400 2109 1484 2167 multi
1504 2108 1673 2168 Provincias
1685 2107 1738 2166 sibi
1752 2107 1824 2164 divi·

970 2188 1080 2240 serunt.
1092 2183 1182 2240 donec
1194 2183 1299 2240 iterum
1310 2180 1426 2238 Autaris
1436 2181 1497 2238 llex
1509 2180 1614 2238 electus
1624 2189 1675 2238 cst:
1686 2184 1829 2238 caeteruin

971 2253 1148 2324 Longobardi
1162 2269 1320 2324 numquam
1333 2262 1391 2311 tota
1405 2253 1484 2310 ltalia
1497 2254 1578 2323 potiti
1601 2261 1686 2310 sunt:
1713 2265 1825 2320 semper

970 2327 1047 2383 enim
1061 2334 1172 2396 partem
1185 2327 1279 2386 ltaliae
1291 2339 1358 2382 cum
1369 2326 1429 2398 ipsa
1443 2325 1517 2384 Urbe
1530 2326 1720 2398 Imperatores
1729 2325 1828 2382 Graeci

971 2411 1024 2467 per
1038 2399 1185 2456 Euarchos
1199 2404 1363 2458 tenuerunt.

1006 2537 1091 2620 Anno
1104 2537 1166 2594 589.
1181 2538 1331 2623 inundatio
1344 2539 1463 2611 Tyberis
1475 2541 1603 2600 maxima
1613 2558 1699 2614 quoni
1711 2553 1829 2616 mquuta

969 2617 1010 2666 cst
1021 2617 1106 2680 pestis
1118 2624 1296 2680 gravissima.

1005 2750 1033 2834 S.
1047 2752 1205 2835 Gregorius
1217 2756 1295 2825 Papa
1307 2755 1401 2814 missis
1413 2760 1444 2815 in
1463 2758 1595 2831 Angliam
1610 2761 1716 2820 sanctis
1734 2765 1830 2820 ilona-

969 2822 1042 2896 clns,
1055 2825 1229 2897 Augustino,
1243 2835 1271 2884 et
1285 2827 1385 2900 Sociis,
1406 2831 1526 2888 homino
1540 2841 1708 2904 cooperante
1728 2842 1755 2892 et
1766 2850 1825 2892 ser-

968 2909 1081 2968 monem
1094 2897 1280 2956 confirmante
1292 2902 1479 2972 sequentibus
1496 2903 1596 2977 signis,
1612 2919 1746 2976 magnam
1766 2921 1829 2977 par·

969 2972 1026 3024 nm
1040 2967 1125 3052 Angli
1149 2970 1294 3053 sanonum
1319 2986 1337 3029 a
1359 2975 1579 3044 Paganismoad
1606 2979 1702 3038 Fidem
1723 2977 1830 3036 Christi

968 3049 1119 3111 convertit,
1130 3051 1231 3100 mento
1243 3058 1260 3100 a
1271 3043 1348 3102 Beda
1359 3053 1480 3104 vocatus
1493 3046 1640 3118 Apostolos
1655 3049 1825 3121 Anglorum.

1005 3195 1065 3252 Sub
1075 3197 1128 3252 hoc
1137 3197 1272 3254 Pontifice
1281 3199 1420 3269 templum
1431 3200 1665 3272 Agrippaecuod
1677 3201 1830 3258 Pantheon

969 3267 1128 3340 dicebatur,
1141 3277 1338 3328 consecratum
1351 3269 1408 3329 iuit‘
1418 3273 1451 3331 B.
1466 3275 1574 3331 blaciae
1589 3273 1713 3344 Virgini,
1726 3280 1754 3330 et
1768 3288 1828 3330 om·
1878 3285 1881 3303 ¹

967 3339 1390 3471 ¹1313ggnesllsi'retrlcttets'lilarty'ribtus,
1415 3343 1520 3403 Romae
1541 3345 1830 3414 Plrocalmperatore

1005 3558 1156 3617 Heraclius
1168 3559 1237 3618 dnm
1250 3557 1415 3618 Catholicus
1434 3566 1506 3618 esset
1519 3604 1527 3628 ,
1556 3572 1573 3614 a
1598 3557 1655 3616 Ileo
1668 3563 1829 3628 protectus,

970 3631 1070 3688 Persas
1083 3633 1196 3702 magnis
1205 3632 1334 3690 cladibus
1343 3631 1446 3704 alieclt,
1456 3641 1484 3688 et
1499 3630 1610 3700 lignum
1623 3639 1719 3688 santae
1728 3628 1829 3686 Crucis

969 3705 1161 3774 recuperavit.
1175 3705 1225 3763 sed
1237 3709 1332 3776 postea
1351 3703 1512 3762 haereticus
1531 3703 1713 3760 Monothelito
1727 3702 1830 3773 iactus,

970 3773 1100 3848 imbellis,
1114 3785 1141 3834 et
1154 3777 1293 3847 inglorius
1305 3775 1500 3834 inlelicisslmo
1514 3775 1595 3832 cxitu
1607 3774 1701 3843 periit.

1006 3945 1178 4006 llahomctes
1188 3949 1273 4018 pestis
1282 3948 1360 4007 orbis
1369 3956 1514 4006 terrarum
1526 3949 1578 4004 hoe
1588 3953 1715 4015 tempore
1724 3954 1830 4004 sectam
1867 3923 1870 3940 ³

970 4033 1050 4074 snam
1064 4017 1225 4104 inchoarit,
1234 4029 1261 4080 et
1273 4036 1349 4080 anno
1359 4019 1478 4078 llomini
1492 4020 1555 4078 629.
1566 4021 1698 4090 llcgnuln
1712 4019 1827 4076 Sarace-

970 4103 1075 4149 norum
1087 4101 1249 4164 occupavit.

1005 4251 1148 4309 Honorius
1156 4254 1235 4322 Papa
1242 4259 1399 4309 accusatur
1408 4265 1425 4308 a
1434 4249 1561 4318 Graecis,
1575 4249 1648 4320 quod
1662 4247 1763 4306 laverit
1774 4247 1829 4327 hlo-

970 4323 1137 4382 nothelitis:
1159 4327 1208 4381 sed
1231 4325 1344 4394 egregie
1365 4323 1528 4382 detenditur
1549 4337 1567 4379 a
1588 4330 1685 4378 sancto
1706 4321 1830 4378 hlaxrmo

970 4399 1090 4468 Graeco,
1104 4403 1218 4454 auctore
1233 4397 1311 4453 illins
1324 4395 1468 4467 temporis,
1482 4405 1510 4454 ct
1523 4396 1657 4465 Martyre.

1006 4539 1050 4598 Ab
1063 4540 1116 4596 hoc
1128 4553 1203 4596 anno
1215 4540 1347 4610 Regnum
1367 4541 1542 4608 Francorum
1556 4552 1608 4608 pcr
1620 4537 1770 4606 magistros
1781 4537 1828 4592 de·

972 4628 1035 4671 mus
1043 4613 1199 4686 gubernari
1212 4616 1324 4683 coepit,
1349 4612 1407 4668 solo
1421 4613 1481 4670 lere
1495 4611 1609 4669 nomino
1621 4609 1753 4680 -llegihus
1763 4607 1829 4665 reli-

970 4693 1034 4744 cto:
1055 4687 1131 4757 quod
1149 4699 1241 4755 genus
1254 4683 1406 4756 regiminis
1418 4683 1614 4740 continuatum
1636 4690 1678 4763 est
1692 4694 1780 4762 iisqne
1792 4679 1828 4736 ad

970 4759 1122 4888 giplnnm,
1138 4760 1167 4886 ild
1180 4764 1231 4828 est,
1246 4769 1337 4828 usqne
1350 4758 1386 4814 ad
1398 4771 1508 4813 anuum
1534 4756 1644 4812 botnim
1668 4753 1730 4811 llll).
1752 4752 1826 4822 Sige-

991 4839 1077 4904 ertus‚
1088 4839 1142 4889 eta
1156 4831 1188 4887 ii.

1009 4974 1065 5032 Sub
1078 4975 1219 5032 Adeodato
1241 4974 1387 5046 Pontlhco,
1407 4990 1441 5032 ac
1459 4976 1494 5033 de
1513 4976 1576 5032 cius
1598 4974 1713 5032 licentia
1730 4973 1830 5035 Veneti

972 5047 1211 5178 gilsielllllenengeoe
1239 5048 1393 5119 incipiunt.
1413 5050 1514 5106 Petrus
1546 5049 1697 5105 iustinian.
1727 5046 1775 5105 lib.
1805 5048 1829 5102 1.

1007 5261 1065 5317 lloc
1076 5275 1151 5319 anuo
1163 5271 1274 5320 cometa
1287 5263 1379 5321 trihus
1389 5255 1534 5324 mensibus
1546 5267 1629 5338 arsit,
1643 5271 1670 5322 et
1682 5260 1772 5320 tribus
1783 5273 1831 5316 an·

973 5334 1018 5392 nis
1029 5333 1213 5404 sequentibus
1227 5350 1284 5392 non
1297 5335 1381 5406 pluit.

1010 5481 1094 5538 Scala
1108 5479 1240 5551 Synodlts
1252 5480 1397 5542 Generalis
1410 5473 1726 5546 Constantinopolitano
1738 5465 1831 5536 tertia,

974 5562 1073 5612 contra
1086 5552 1294 5614 Monothclltas.
