4086 6258
5 2160 11 2206 i

923 681 1037 756 bit*

487 893 756 1026 odinis
806 897 1088 1056 TRIBUS
1134 901 1415 1032 VERBIS

766 1191 803 1256 tlt
827 1191 950 1256 endon
973 1183 1174 1258 enotatis

843 1471 974 1480 ..μ-..μι-
984 1474 1015 1479 ...
1051 1474 1078 1478 ....

332 1871 459 1946 LIBER
486 1875 645 1948 PRIMUS
974 1891 1021 1946 ret
1037 1883 1243 1964 Euangelista:
1263 1883 1310 1947 illi
1326 1883 1491 1948 [lominum
1504 1885 1773 1966 crucifigebantur
1788 1904 1837 1952 rc·

973 1973 1037 2030 stes
1053 1967 1132 2038 eius,
1151 1966 1219 2044 ipso
1232 1968 1415 2044 aspiciente,
1433 1969 1512 2032 inter
1527 1985 1562 2031 se
1575 1969 1766 2049 diridebent;
1780 1971 1833 2032 alii

425 2049 506 2115 ιιι).
533 2051 557 2114 Ι.
972 2048 1164 2124 irridebant,
1187 2055 1217 2110 et
1240 2048 1448 2126 inlnmabanl,
1473 2051 1561 2129 quasi
1585 2051 1781 2116 seductorem
1806 2060 1838 2114 ιι

972 2133 1166 2194 mendacem:
1182 2130 1235 2194 ille
1250 2137 1352 2195 antem
1366 2147 1439 2195 cum
1454 2134 1533 2196 baec
1543 2133 1664 2198 rideret
1674 2141 1703 2198 ct
1714 2133 1836 2198 audiret

56 2221 257 2299 Explicatur
271 2221 317 2280 od
331 2219 476 2282 litteram
490 2219 624 2282 uerbum
645 2219 812 2298 primum,
837 2222 923 2286 Pater
971 2219 1000 2276 cl
1016 2215 1105 2278 dolor
1120 2213 1334 2276 atrocissimus
1350 2219 1435 2278 esset
1449 2214 1490 2277 ob
1505 2231 1615 2278 manus
1630 2221 1660 2281 el
1675 2217 1773 2296 pedes
1786 2231 1832 2279 ro·

98 2302 221 2364 arnrrnc
247 2301 332 2363 ritis:
359 2316 422 2363 non
447 2303 531 2365 enim
554 2303 679 2378 serunt,
703 2303 779 2382 quea
795 2303 923 2370 iaciunt.
971 2311 1047 2360 ceos
1062 2294 1278 2360 crudelissime
1294 2297 1488 2372 periurans,
1516 2297 1651 2362 reddens
1673 2299 1752 2361 nona
1776 2313 1832 2376 pro

43 2415 53 2426 .
96 2387 175 2449 Lug,
191 2384 244 2450 23,
972 2380 1062 2442 malis
1078 2378 1213 2441 dicebat:
1229 2377 1326 2442 Potor
1342 2379 1468 2442 dimitte
1482 2380 1563 2442 itlc'e.

1009 2461 1142 2525 Patrem
1157 2460 1303 2540 appellat,
1318 2477 1380 2524 non
1397 2461 1568 2539 Deum,aut
1579 2460 1834 2538 nominnmgma

5 2493 12 2620 ἰ
96 2536 241 2600 Gbristus
252 2537 343 2600 Jcsos
360 2537 493 2602 Verbum
510 2540 630 2604 aeterni
641 2541 750 2614 Patris,
764 2548 794 2606 el
810 2544 848 2608 de
861 2560 923 2621 otro
969 2542 1173 2624 intelligebat,
1191 2545 1220 2606 in
1237 2544 1296 2606 bac
1318 2558 1409 2606 cauea
1435 2558 1516 2622 opus
1543 2559 1616 2606 csse
1642 2541 1835 2622 benignitate

58 2621 141 2683 idem
157 2621 247 2682 Peter
262 2626 368 2694 aperte
386 2622 473 2694 dixit,
499 2623 611 2702 ipsum
633 2625 773 2700 cudite3
797 2626 922 2701 (datto.
970 2624 1146 2700 Palrismon
1161 2623 1325 2688 severitate
1337 2625 1467 2688 iudicis:
1482 2632 1511 2688 et
1526 2625 1597 2702 qnia
1614 2623 1651 2687 ad
1667 2623 1763 2688 Deum
1780 2624 1835 2686 lle·

58 2703 110 2766 li.
128 2701 240 2764 Mettis.
257 2701 326 2784 23.)
348 2708 379 2764 ιι
393 2703 448 2782 qui
463 2705 502 2766 de
518 2722 553 2768 se
569 2711 673 2784 aperte
690 2708 921 2786 pronuntiarit,
969 2710 1115 2772 ciendum
1130 2755 1138 2784 ,
1156 2708 1225 2772 sine
1241 2707 1336 2770 dubio
1352 2707 1461 2770 iratum
1477 2707 1517 2770 ob
1534 2712 1594 2768 tam
1610 2706 1747 2786 ingentia
1763 2723 1832 2769 sce·

58 2785 213 2864 Magister
227 2791 332 2862 cester
346 2800 434 2848 unus
449 2793 495 2850 eat
511 2786 675 2862 etractus,
700 2796 733 2852 ut
748 2789 849 2854 oliicio
865 2805 923 2854 sno
969 2791 1045 2866 lere,
1059 2807 1138 2865 opus
1152 2797 1217 2854 erat
1232 2788 1365 2852 amabile
1380 2804 1494 2853 nomen
1506 2789 1605 2860 Patris
1620 2788 1833 2852 obiicereltc·

5 2907 11 2966 μ
59 2867 249 2946 plenissime
266 2869 485 2935 satisfaceret.
509 2884 570 2932 non
592 2869 693 2932 solnm
717 2872 822 2936 nivens
838 2889 853 2934 a
869 2873 923 2936 do·
970 2889 1029 2946 nne
1046 2874 1134 2947 illud,
1151 2873 1269 2949 Pater,
1287 2874 1346 2934 boc
1361 2871 1537 2950 significare
1553 2871 1684 2934 ridetur:
1700 2869 1766 2943 Ego
1781 2871 1830 2932 pp.

5 2989 11 3034 l

5 3157 10 3198 ι

5 3221 9 3282 !

58 2951 161 3012 cendo
177 2965 347 3028 numquam
364 2949 518 3032 cessarit,
543 2952 599 3014 sed
616 2953 708 3015 etiam
724 2953 863 3018 moriens
885 2971 922 3018 ex
968 2955 1029 3018 lius
1046 2964 1127 3024 tuns.
1144 2956 1196 3033 gni
1212 2955 1321 3035 patior,
1336 2955 1475 3033 ignosco,
1492 2953 1621 3034 ignosce
1636 2960 1667 3015 et
1684 2959 1714 3016 tu
1727 2952 1829 3014 Pater.

56 3031 203 3094 cathedra
221 3032 324 3094 crucis
339 3032 432 3094 rerba
448 3049 558 3111 panca,
575 3034 630 3097 sed
648 3036 798 3110 ardentia,
816 3038 871 3101 sed
889 3056 922 3099 n·
969 3038 1042 3102 blibi
1059 3037 1136 3101 Filio
1153 3045 1206 3100 tuo
1221 3037 1302 3100 dona
1315 3037 1395 3100 bane
1408 3033 1769 3111 offensionemgnannls
1782 3033 1834 3096 isti

57 3114 199 3176 lilissime
214 3160 223 3191 ,
241 3114 297 3176 sed
314 3112 529 3179 efficacissime
553 3117 766 3195 praedicarit,
783 3125 815 3180 ιι
829 3121 922 3196 plane
968 3135 1030 3181 non
1046 3119 1406 3182 mercantum-liemcule
1422 3121 1535 3192 etiam,
1565 3125 1594 3180 ιι
1615 3131 1740 3196 qnoque
1755 3131 1829 3179 esse

56 3195 254 3276 dignissima,
270 3209 351 3273 quae
366 3214 381 3255 a
398 3194 582 3260 Christianis
596 3199 750 3262 omnibns
765 3191 796 3261 r‘n
812 3200 922 3263 intimo
968 3201 1086 3264 Patrem
1103 3200 1231 3264 istorum
1249 3215 1304 3276 per
1318 3200 1520 3276 creationem,
1535 3217 1594 3279 qno
1607 3213 1662 3262 eos
1677 3196 1779 3260 iecisti
1794 3199 1832 3260 nd

5 3309 9 3364 ι
54 3280 159 3340 ιοιιιι
177 3279 378 3355 recipiantur,
396 3284 427 3342 ct
441 3280 677 3356 custodiantur,
695 3288 726 3344 et
740 3284 919 3345 examincn·
969 3283 1134 3361 imaginem
1151 3286 1181 3344 ct
1195 3282 1429 3345 similitudinem
1456 3287 1551 3345 tuem.
1576 3279 1715 3344 Ostende
1740 3278 1835 3358 igitur

55 3366 116 3423 tur:
133 3365 213 3422 etro
229 3362 295 3438 ipse
311 3377 346 3422 ac
363 3361 449 3424 iactis
465 3362 703 3442 adimpleantur.
729 3363 826 3425 Prima
851 3380 922 3427 seo·
967 3364 998 3428 in
1012 3365 1084 3428 illos
1098 3369 1257 3443 palernam
1281 3363 1460 3427 charitalem
1477 3370 1582 3439 tuam,
1606 3359 1753 3442 qnoniam
1770 3360 1831 3424 etsi

53 3443 151 3504 tentia
169 3442 247 3506 baec
261 3448 320 3506 est:
337 3441 430 3506 ,iesus
442 3448 552 3508 ιιιιιιιι
575 3445 724 3508 dicebat:
750 3447 855 3514 Potor.
873 3449 922 3510 di·
968 3446 1039 3510 meli
1054 3451 1138 3523 suxit,
1155 3452 1258 3510 tamen
1273 3445 1328 3509 tilii
1343 3451 1427 3510 sunt.

54 3525 147 3586 mitte
162 3525 241 3587 illie:
259 3541 329 3588 nort
345 3526 434 3588 enim
447 3528 556 3590 sciunt
568 3530 650 3605 guid
663 3527 803 3605 iaciunt.
820 3529 920 3606 (lero.
1009 3528 1249 3593 Dimitte-llaec
1264 3545 1321 3591 rox
1335 3531 1474 3592 continet
1488 3542 1641 3590 sommum
1657 3524 1829 3604 petitionis,

55 3603 125 3688 23.)
142 3607 237 3680 Quem
261 3606 471 3679 sententiam,
496 3614 650 3687 tamqnam
673 3626 744 3674 rere
766 3626 875 3673 noram
892 3617 923 3674 et
969 3625 1059 3691 quant
1074 3610 1169 3674 Filius
1184 3610 1251 3674 Ilei.
1269 3616 1423 3688 lamonem
1445 3609 1611 3672 aduncatus
1632 3607 1831 3671 inimicorum

54 3688 226 3756 insolitam.
241 3689 338 3753 noluit
349 3688 483 3768 Spiritus
498 3698 624 3754 sanctus
638 3693 775 3769 praedici
790 3692 829 3754 ab
840 3692 920 3756 Iseia
968 3709 1094 3758 snorum
1111 3693 1188 3755 Petri
1205 3709 1262 3756 sno
1279 3697 1503 3772 repraesentet.
1522 3693 1738 3754 detestantem
1754 3688 1833 3752 illud

55 3772 209 3848 propbeta
226 3772 257 3832 in
275 3771 338 3834 illis
362 3773 476 3844 vorbis,
492 3775 532 3836 ιιι
545 3789 607 3852 pro
629 3775 924 3855 transgressoribus
968 3776 1095 3840 verbnm
1111 3775 1253 3848 Dimitte,
1269 3778 1376 3839 reterri
1391 3780 1455 3838 tunt
1471 3773 1510 3836 ad
1534 3788 1687 3853 poenam,
1714 3778 1777 3833 tum
1794 3771 1834 3832 ad

53 3855 197 3932 rogonit.
215 3850 308 3936 (leot.
325 3851 394 3935 53.)
406 3854 505 3928 ‚Quam
521 3865 703 3921 vescentem
717 3857 827 3920 dixerit
841 3857 922 3936 Apo·
968 3859 1104 3936 culpam.
1121 3857 1152 3920 Si
1167 3858 1318 3921 referatur
1332 3857 1369 3922 ad
1383 3855 1669 3936 poenamexaudlta
1686 3853 1741 3916 init
1754 3853 1834 3917 baec

54 3940 154 3998 stolus
171 3936 305 4010 Paulus,
332 3935 478 4000 Charites
492 3953 563 4002 non
585 3940 735 4019 ᾳιιιιιιιι,
759 3955 845 4020 quoe
859 3955 923 4005 suo
968 3941 1081 4011 oratio,
1098 3939 1169 4017 qnia
1186 3957 1256 4003 curn
1280 3946 1474 4004 mererentur
1494 3938 1601 4002 Iudaei
1625 3941 1752 4015 propter
1773 3935 1835 3997 boc

54 4022 143 4094 suut,
162 4015 207 4097 (l.
228 4017 297 4081 dor.
315 4019 679 4096 interpretandarum
696 4023 919 4086 sententiarum
968 4023 1075 4086 soclus
1089 4024 1190 4085 statim
1206 4023 1389 4102 gravissime
1406 4021 1520 4102 puniri,
1537 4021 1586 4084 rel
1602 4019 1675 4099 igne
1691 4019 1731 4080 de
1746 4017 1836 4080 caelo

55 4099 147 4162 tacite
162 4104 266 4179 potest
280 4099 422 4180 intelligi.
440 4103 601 4180 Siquidem
617 4118 655 4166 ex
667 4121 797 4167 numero
813 4105 922 4168 berum
968 4105 1102 4168 cadente
1117 4107 1272 4180 consumi,
1290 4106 1336 4168 ιιι
1353 4104 1469 4169 dilnrio
1492 4117 1641 4182 equarum
1658 4100 1772 4177 perire,
1783 4096 1835 4194 rel

56 4182 293 4258 sententiarum,
312 4188 375 4244 tres
390 4184 507 4246 bonnm
524 4184 656 4248 aliorum
672 4187 841 4266 pertinent,
860 4196 922 4250 tres
967 4185 1050 4252 terro
1066 4193 1097 4249 et
1112 4187 1190 4249 lame
1206 4186 1416 4259 exterminari,
1433 4187 1526 4250 dilate
1548 4184 1605 4246 luit
1620 4198 1720 4260 poena
1737 4181 1832 4245 butus

54 4265 92 4326 ad
109 4262 228 4326 bonnm
244 4265 415 4344 proprium,
433 4282 493 4328 una
510 4272 560 4329 est
573 4269 759 4332 commanis.
785 4268 846 4332 Sed
861 4269 922 4349 pri·
969 4269 1090 4345 peccati
1106 4269 1142 4332 ad
1159 4284 1258 4331 annos
1274 4269 1498 4349 qnadraginta,
1522 4272 1552 4330 et
1567 4266 1595 4328 si
1609 4264 1733 4330 interim
1755 4276 1835 4342 gens

55 4362 103 4408 ιιι
120 4363 192 4408 cura
205 4346 339 4410 Domino
354 4346 412 4410 luit
426 4346 464 4410 ιι
480 4348 560 4421 aliis,
579 4355 733 4427 postrema
749 4352 789 4413 dc
804 4367 850 4414 sc.
967 4351 1019 4414 illa
1037 4351 1257 4431 poenitentiam
1274 4350 1487 4428 egissensclra
1504 4348 1733 4424 incolumisque
1749 4359 1834 4406 rnen·

93 4427 139 4490 Ex
154 4427 264 4507 primis
279 4436 381 4498 autem
400 4429 501 4492 tribus
514 4432 775 4511 centennisgnac
789 4432 828 4496 ed
844 4434 923 4498 altos
969 4433 1075 4498 sisset:
1093 4431 1149 4496 scd
1166 4431 1235 4510 onia
1252 4431 1474 4508 poenitentiam
1491 4447 1554 4494 non
1566 4431 1640 4507 egit,
1656 4425 1786 4521 immisit
1798 4424 1834 4489 in

54 4509 236 4587 pertinent,
260 4512 359 4589 prima
375 4511 516 4591 dirigitur
539 4513 576 4575 cd
593 4513 760 4586 inimicos,
784 4517 921 4579 secundo
968 4531 1023 4580 cos
1038 4516 1123 4579 Dens
1137 4513 1327 4576 exercituum
1343 4509 1761 4591 Romanorumicspasiano
1777 4523 1836 4568 ren·

53 4593 90 4655 ad
108 4593 239 4668 amicos,
256 4601 412 4673 postrema
429 4595 465 4656 ad
483 4595 747 4674 consanguineos.
765 4596 859 4662 Cuius
874 4615 923 4673 or·
969 4597 1167 4675 perantequi
1181 4595 1333 4658 civitatem
1348 4595 1525 4674 primariam
1541 4593 1693 4668 eventilet
1707 4593 1831 4668 gentem

53 4673 138 4736 dinis
156 4676 234 4738 boec
250 4683 298 4739 ιιι
320 4679 421 4742 ratio:
446 4677 592 4753 quonlam
622 4677 762 4742 Cbcrilns
789 4681 923 4760 primum
969 4679 1155 4742 Iudaeorum
1173 4678 1281 4754 partim
1299 4680 1378 4740 tame
1394 4678 1424 4740 in
1441 4676 1627 4752 obsidione,
1645 4673 1754 4753 parlim
1770 4671 1834 4766 gla-

52 4757 208 4820 succurrit
224 4758 323 4836 magis
339 4758 518 4838 egentibns3
536 4760 632 4839 etqui
652 4767 724 4823 tnnc
737 4763 836 4838 magis
852 4778 922 4841 ege·
969 4763 1021 4826 dio
1036 4769 1137 4840 cepta,
1155 4761 1288 4836 civitate,
1300 4761 1432 4830 necarit,
1447 4763 1557 4841 partim
1571 4756 1834 4832 vendidit,partrm

50 4839 138 4912 bant,
157 4841 272 4904 inimici
288 4846 399 4913 erant,
425 4849 456 4904 et
478 4856 535 4905 nos
552 4859 678 4920 quoquc
695 4847 768 4905 tanti
785 4843 921 4924 Magistri
969 4843 1107 4922 captlrns
1125 4842 1277 4919 abduxit,
1295 4843 1405 4922 partim
1423 4843 1453 4904 in
1471 4843 1572 4905 varias
1597 4847 1694 4901 terras
1719 4842 1752 4900 et
1766 4836 1835 4896 loca

54 4921 216 5001 discipuli,
234 4923 333 5000 magis
348 4923 531 5002 egebamus,
557 4931 591 4986 nt
606 4940 663 4987 nos
691 4926 866 4989 institueret
884 4927 924 4990 de
970 4925 1130 5003 dispersit.
1144 4922 1268 5007 (blattis.
1282 4927 1335 4988 20.
1351 4925 1462 4988 diottlc.
1479 4922 1548 5007 22.)
1560 4923 1646 5000 Quod
1660 4921 1762 5014 ipsunt
1775 4917 1837 4980 Do·

52 5004 224 5070 dilectione
239 5003 462 5080 inimicorum,
487 5022 568 5084 qnae
584 5005 760 5085 difficilior,
778 5014 808 5072 ιι
823 5009 921 5072 rarior
968 5009 1071 5073 minus
1086 5008 1218 5088 primum
1232 5023 1287 5086 pcr
1304 5008 1478 5086 parabolam
1493 5008 1614 5077 cineae,
1632 5011 1663 5069 ιι
1677 5004 1771 5081 Regis
1794 4999 1836 5062 lo·

50 5093 109 5156 est,
127 5103 219 5164 qnam
235 5087 274 5152 de
288 5086 471 5164 dilectione,
489 5089 659 5152 amicornm
678 5091 725 5155 rel
737 5091 922 5171 consangui·
969 5090 1222 5168 clentis-nuptias
1237 5087 1300 5154 [llio
1316 5097 1420 5169 suo;et
1434 5087 1668 5153 similitudinem
1682 5083 1835 5174 [lcnloeae

50 5184 195 5242 necrnm,
212 5186 294 5247 quae
309 5169 454 5233 lacitlima
472 5175 537 5247 est,
560 5176 593 5234 ιι
607 5172 770 5236 nobiscum
787 5181 921 5252 quodam
970 5174 1193 5238 infructuosae:
1210 5171 1324 5236 deinde
1339 5174 1431 5236 etiem
1449 5173 1576 5236 disertis
1591 5171 1696 5244 uerbis
1711 5213 1719 5238 ,
1735 5167 1766 5228 in
1784 5164 1835 5224 dre

49 5251 144 5314 modo
160 5257 311 5326 nescitur,
329 5257 360 5314 et
375 5250 538 5314 nobiscum
552 5255 677 5330 crescit,
695 5263 726 5316 et
737 5271 832 5332 saepe
851 5258 923 5332 plus
971 5256 1154 5325 l‘almorum,
1170 5255 1287 5330 tiendo,
1301 5261 1332 5318 ct
1347 5255 1545 5318 lamentando
1561 5251 1723 5332 praedixit.
1740 5247 1832 5338 (Luc.

50 5347 144 5408 quem
159 5339 293 5411 oportet,
313 5333 489 5412 invalescit.
512 5334 563 5396 Ait
585 5336 678 5414 igitur
701 5337 919 5415 Evangelista:
971 5337 1038 5421 ts.)
1055 5339 1141 5413 Quod
1159 5353 1229 5400 tero
1252 5339 1290 5399 ιι
1313 5339 1435 5416 culpam
1462 5337 1592 5410 attinet,
1615 5331 1763 5425 exaudita·
1779 5327 1835 5388 itttt

49 5413 142 5478 iesus
155 5422 267 5480 nutem
286 5416 428 5480 dicebat.
445 5415 674 5494 illudentem,
691 5420 924 5497 designattem·
971 5422 1090 5497 orctio,
1119 5422 1188 5499 qnia
1206 5421 1299 5482 multa
1317 5435 1373 5499 per
1399 5420 1492 5482 buius
1515 5417 1666 5482 orationis
1689 5417 1833 5508 meritum

49 5512 110 5575 pus
123 5505 154 5560 et
169 5499 370 5562 occasionem
387 5498 496 5562 orandi
509 5515 564 5576 pro
581 5499 718 5564 inimicis
733 5520 741 5562 ι
758 5508 851 5578 atoue
867 5518 922 5581 cp·
970 5505 1036 5566 date
1053 5509 1101 5566 ιιι
1116 5519 1132 5566 a
1146 5504 1212 5568 Dco
1227 5503 1324 5582 gratia
1340 5501 1588 5580 compunctionis
1603 5504 1634 5562 et
1648 5494 1834 5590 resipiscen-

54 5579 145 5658 ponit
157 5580 250 5646 rerbe
268 5581 386 5662 verbis,
403 5587 433 5646 ιι
450 5581 601 5662 operibns
616 5599 723 5664 opera3
740 5583 781 5648 llo
797 5583 824 5650 si
839 5584 920 5652 dicc-
970 5588 1039 5652 tiae.
1051 5584 1141 5669 (bue.
1158 5585 1226 5666 23.)
1241 5585 1325 5652 lntcr
1341 5601 1420 5666 qnos
1435 5585 1477 5648 illi
1494 5578 1633 5662 sangani
1647 5582 1831 5659 pcrcttttort·

262 5915 269 5951 l
