4086 6258
312 281 365 340 ιιι
904 271 951 328 on
973 269 1114 330 somnii
1133 271 1240 358 rnen.
1260 273 1346 333 nori.

228 433 241 475 it
260 415 354 480 esset,
370 406 431 470 Sed
447 407 516 486 qnia
533 407 612 486 apud
629 404 803 470 sodomitis
826 403 933 480 extitit,
950 402 1082 465 oblatam
1130 419 1144 463 tt
1162 402 1233 482 quia
1254 404 1402 467 malorum
1417 403 1644 468 imminentium
1667 403 1877 485 unguitionam
1893 402 2010 481 perei-

110 493 114 502 '
229 510 242 552 tt
260 492 359 556 stetim
384 492 454 552 tanti
470 490 630 570 regiminis
646 488 772 566 gloriam
795 489 924 564 expetii,
952 487 1057 549 dicens
1072 505 1079 546 ι
1131 505 1144 546 ti
1162 486 1206 565 pit
1221 487 1276 549 sed
1292 489 1456 549 dovotione
1471 489 1596 568 spiritus
1610 488 1700 550 etiam
1714 489 1751 548 ad
1764 489 1883 548 aurinia
1897 486 2007 548 iente·

227 592 242 635 ιι
260 575 330 657 (Ex.
347 573 394 655 i.)
409 573 544 636 Obsecro
563 573 699 642 bomine,
718 588 777 633 non
793 588 861 633 suin
877 572 1027 647 eloquens
1043 570 1081 632 ab
1131 588 1148 631 ι
1160 575 1230 642 soit.
1255 571 1310 632 iiie
1332 572 1505 648 praesentis
1533 571 1691 649 potestatis
1713 571 1841 650 gtoitaui
1858 571 1928 633 Deo
1942 571 2004 632 ‘io-

228 660 324 721 iberi
341 666 371 720 et
397 660 510 720 nudius
534 659 659 718 tertius:
686 662 715 716 et
741 671 778 716 eit
801 673 861 728 nou
884 657 1010 730 oonptsti
1039 656 1080 716 io·
1131 670 1144 713 ιι
1163 654 1218 714 tuit
1241 655 1364 716 iubente
1387 655 1544 716 deoiinnie
1560 673 1568 715 :
1585 655 1643 716 iste
1666 655 1727 715 [teu
1742 671 1853 732 aspera
1870 663 1902 714 et
1919 656 2005 716 dore

227 760 243 802 ii
262 744 314 822 qui
330 743 365 803 ad
383 758 504 804 serium
534 747 629 817 tuom,
659 738 800 801 tardioris
826 744 856 801 et
878 737 1079 816 impeditioris
1131 755 1144 796 ιι
1159 737 1357 815 disponente,
1368 737 1484 800 studuit
1495 739 1531 800 ad
1545 741 1681 815 gratiore
1696 753 1894 817 praeparere.
1906 739 2004 800 Prae·

229 829 387 904 otinguee
413 840 482 886 som
508 822 627 902 iarius3
651 829 680 884 et
706 838 740 884 se
768 826 959 898 postposito,
988 820 1078 882 atium
1131 827 1255 884 ueuiite
1277 837 1349 900 eigo
1373 827 1570 896 utrorumque
1590 821 1706 884 lineum
1724 823 1800 884 intra
1815 821 1934 884 virtute
1950 823 2004 884 in·

229 908 410 986 «deposuit.
429 906 554 968 dicens:
569 907 650 968 iiiito
667 923 756 981 quem
775 905 923 965 missurus
938 921 984 964 es.
1002 904 1080 965 Eece
1131 926 1143 966 ιι
1162 906 1323 974 stituimur,
1350 913 1380 966 ut
1403 909 1428 966 si
1444 905 1638 967 obedientiae
1656 906 1798 978 palmam,
1814 909 2000 983 apprehen·
2023 925 2024 946 i

229 1009 243 1051 ιι
261 1009 329 1055 uum
346 997 468 1052 nurture
485 992 607 1062 lingone
622 991 768 1064 loquitur,
782 1000 809 1049 et
823 1004 862 1050 ne
875 995 947 1048 tanti
960 989 1080 1066 regimi·
1131 1008 1144 1050 u
1162 991 1236 1050 daie
1253 992 1397 1050 reraeitei
1420 990 1555 1068 nitimur,
1574 990 1730 1068 prosperis
1753 990 1846 1052 buius
1869 990 1997 1052 seeeuli

228 1093 243 1134 ιι
261 1077 309 1138 nis
325 1081 504 1153 potestatem
528 1072 685 1148 suscipiat.
709 1073 862 1150 elinguem
880 1089 913 1132 se
930 1089 1000 1132 esse
1013 1089 1082 1132 oeu-
1131 1091 1145 1132 ι
1163 1089 1197 1134 eit
1213 1074 1277 1134 sola
1302 1075 1450 1142 iussione,
1468 1075 1604 1135 adversis
1619 1079 1720 1133 autem
1737 1075 1826 1134 etiam
1844 1090 1881 1135 eii
1900 1073 2001 1136 dero·

230 1176 243 1220 ιι
261 1167 355 1222 satur.
371 1158 483 1220 Penius
496 1173 618 1231 unoque
634 1156 779 1218 divinitus
795 1156 943 1228 inerat,ut
956 1159 984 1216 in
996 1153 1083 1216 Jeru·
1131 1174 1145 1216 ιι
1160 1155 1241 1216 tione
1259 1155 1425 1216 mititemns
1443 1174 1470 1216 ii.
1488 1155 1608 1217 HaeoS.
1628 1155 1805 1234 Gregorius.
1823 1157 1925 1232 Quam
1941 1158 1999 1218 do·

230 1261 244 1303 ιι
262 1245 357 1305 sutem
382 1241 539 1302 debuisset
562 1242 750 1308 ascendere,
774 1240 970 1314 admonituS‚
1004 1241 1084 1299 siout
1129 1245 1256 1300 otrinam
1280 1240 1421 1316 exempto
1445 1257 1501 1300 suo
1524 1240 1666 1318 Magister
1689 1242 1822 1301 omnium
1847 1239 1999 1303 Christus

228 1327 327 1402 tipse
349 1326 386 1386 ad
410 1323 529 1384 Gateias
545 1321 635 1390 dioii:
652 1321 736 1403 (Gai.
754 1319 801 1404 2.)
819 1321 911 1398 lsuue
929 1325 957 1381 iii
975 1321 1084 1383 itinere
1130 1322 1278 1384 Dominus
1293 1324 1487 1398 apertissime
1503 1324 1711 1399 comprobarit
1730 1341 1738 1399 ;
1757 1340 1824 1384 nani
1840 1341 1913 1386 oum
1932 1325 1998 1386 soi·

228 1425 328 1472 ioum
353 1408 531 1483 proprietam
554 1406 690 1481 Agedum
714 1413 893 1482 reperisset,
917 1417 1027 1480 quanta
1050 1421 1083 1466 se
1130 1414 1186 1474 ret,
1205 1415 1346 1466 tenturos
1359 1423 1429 1465 essa
1444 1405 1596 1474 turbandi
1612 1410 1850 1482 raperenteum.
1863 1417 1892 1468 et
1912 1409 2000 1469 iace·

229 1511 243 1554 ιι
260 1491 428 1554 adversitas
443 1491 472 1548 in
488 1488 687 1570 ierosolymis
700 1497 848 1555 moneret,
864 1489 986 1548 audivit.
1004 1488 1082 1550 Sori-
1130 1498 1174 1548 ret
1191 1489 1304 1564 Regem
1319 1489 1450 1568 stipitiri
1462 1494 1604 1551 munierit
1617 1491 1688 1567 ipse
1698 1491 1796 1553 sotiis.
1813 1490 1928 1560 tinnit:
1945 1489 1998 1568 6.)

228 1594 242 1636 ιι
261 1584 344 1654 ptum
359 1576 474 1650 nuippe
491 1580 548 1638 est.
566 1573 646 1647 quud
660 1574 738 1633 idem
752 1571 875 1648 Agabus
887 1589 991 1632 zonam
1009 1571 1082 1632 Pan·
1131 1572 1190 1632 Sed
1214 1589 1282 1632 oum
1306 1583 1399 1633 senet
1423 1578 1565 1634 tenturos
1587 1571 1722 1635 Judoens
1743 1582 1772 1636 et
1789 1576 1905 1635 milites
1922 1591 1998 1637 cum

230 1681 243 1720 ιι
261 1659 281 1722 tt
293 1656 515 1741 (dutibisuis
529 1657 660 1732 pedibus
672 1656 805 1719 inieratis
819 1655 905 1716 dixit:
920 1653 1020 1715 Virum
1035 1671 1085 1715 nn·
1130 1653 1219 1730 iuda,
1230 1662 1262 1717 nt
1277 1672 1346 1716 eoin
1360 1665 1517 1734 caperent,
1530 1664 1560 1716 et
1573 1659 1611 1717 ad
1624 1659 1811 1736 snppiirinm
1825 1659 2000 1736 dueerent;

229 1743 309 1805 oios
332 1747 389 1804 est.
413 1757 485 1802 nona
511 1741 586 1801 bueo
609 1739 653 1799 siu
668 1741 837 1817 illigabunt
855 1742 884 1798 in
900 1736 1082 1800 Jerusalem.
1132 1743 1209 1800 iuxta
1235 1747 1439 1815 praeceptum.
1459 1742 1538 1817 quod
1563 1741 1711 1801 babuerat
1731 1759 1746 1802 n
1769 1739 1867 1804 Patre.
1886 1741 1996 1810 idioti.

231 1843 244 1886 ιι
262 1827 284 1887 Α
310 1825 402 1888 Penio
416 1828 516 1885 autem
534 1822 672 1898 protinus
695 1821 923 1900 respondetur:
942 1820 1005 1900 Ego
1022 1838 1081 1881 noti
1132 1818 1199 1903 26.)
1215 1823 1333 1884 obriain
1351 1823 1412 1884 itiis
1429 1833 1539 1897 sponte
1555 1825 1707 1896 prooessit
1723 1831 1802 1886 etse
1818 1825 1888 1902 oapi
1906 1843 1943 1886 ao
1960 1825 1997 1886 ii·

230 1913 360 1972 osotutn
378 1907 507 1984 attigeri,
524 1909 576 1968 sed
594 1916 623 1968 ei
640 1907 714 1966 mori
739 1909 767 1966 iu
781 1903 949 1966 Jerusalem
965 1910 1086 1982 paratus
1132 1911 1195 1982 gari
1220 1907 1386 1981 permissit.
1411 1905 1515 1981 (initii¹
1543 1903 1612 1990 28.)
1634 1905 1773 1970 Christus
1789 1907 1882 1986 igitur
1899 1909 1995 1987 flagi·

231 2011 244 2053 ti
263 2009 330 2054 sum
347 2007 402 2072 pro
419 2005 542 2050 numine
557 1987 644 2050 Jesn.
660 1988 880 2067 praeceptione
897 1987 987 2065 igitur
1003 2003 1084 2049 reie-
1132 1996 1194 2051 sier
1217 1989 1316 2050 bunos
1340 2006 1399 2051 nnn
1424 1992 1515 2052 reibo
1531 2000 1560 2050 ot
1576 1993 1679 2068 tingue
1696 1990 1904 2053 obedientiam
1919 2009 1998 2071 qna-

231 2097 244 2136 ii
260 2076 382 2137 lationis
394 2072 612 2152 lerosolymam
632 2087 763 2152 pergens
779 2076 906 2133 adversa
922 2077 1081 2149 agnoscit:
1129 2072 1292 2146 leoumnue
1305 2075 1479 2149 ostentarit3
1490 2075 1544 2134 sad
1559 2090 1653 2152 opere
1667 2079 1697 2135 et
1707 2079 1830 2138 ienitate
1841 2075 1999 2136 obedien·

230 2179 244 2220 ιι
262 2165 291 2221 ot
312 2164 411 2220 tamen
435 2157 513 2218 haee
534 2159 667 2217 libenter
691 2161 804 2235 appetit
819 2173 827 2214 :
842 2159 936 2216 audii.
954 2172 1032 2229 uuae
1049 2153 1082 2214 ti·
1129 2159 1198 2217 tiam
1216 2156 1294 2217 Patri
1311 2157 1449 2219 exhibuit
1475 2159 1505 2217 in
1530 2172 1595 2218 tero
1614 2161 1756 2234 patientia
1772 2165 1801 2220 et
1817 2151 1997 2223 bumilitate

230 2249 353 2312 ament,
377 2241 432 2302 sed
457 2242 532 2301 tiano
554 2242 708 2300 ardentior
731 2239 863 2300 anhelat.
888 2237 1008 2316 Mogses
1032 2243 1083 2298 ita·
1130 2239 1296 2300 fundatam.
1314 2237 1377 2300 Hoc
1394 2241 1549 2317 exemplar
1565 2247 1612 2301 est
1629 2241 1839 2304 nobilissimae
1854 2242 1993 2314 virtutis,

230 2343 243 2386 ι
261 2342 321 2401 oue
338 2323 374 2386 ad
392 2338 535 2400 prospera
554 2325 591 2382 de
608 2339 664 2383 suo
682 2322 755 2384 nibil
770 2322 896 2384 babeat:
911 2325 979 2396 quia
998 2338 1082 2398 pree·
1131 2325 1211 2399 quod
1236 2323 1345 2384 intueri
1369 2340 1494 2400 semper
1516 2325 1643 2392 debent,
1659 2327 1711 2402 qni
1727 2343 1743 2387 a
1760 2326 1822 2387 lien
1837 2331 1938 2387 vocati
1954 2327 1993 2389 ed

230 2415 347 2483 inepto
364 2409 514 2482 renititur,
533 2422 571 2466 ne
587 2406 773 2467 lsraetrtioae
790 2405 869 2483 plebi
885 2405 1082 2480 praeteritur.
1131 2407 1261 2483 patinam
1280 2411 1420 2484 propriae
1436 2408 1650 2487 abnegationis
1666 2417 1696 2470 et
1710 2409 1822 2472 Christi
1844 2411 1991 2472 imitatio·

229 2511 243 2552 ιι
259 2492 373 2554 Penius
396 2493 432 2552 ad
455 2494 601 2552 adversas
623 2492 711 2550 etiam
734 2505 771 2552 ex
792 2505 848 2552 sun
870 2492 939 2552 voto
962 2490 1083 2551 ducitur
1129 2493 1178 2551 nis
1193 2490 1340 2567 aspirent.
