4044 6256
268 281 322 345 titt
913 285 993 346 titt
1011 286 1041 348 S.
1059 287 1238 352 ‘LEOPOLDI

197 429 276 490 norae
292 413 346 480 ille
362 416 486 482 abunde
501 414 723 498 impertiemur,
740 418 766 482 st
783 434 852 483 eom
874 419 955 484 luter
975 415 1050 484 San·
1096 423 1342 490 manifestumne
1353 424 1536 491 srnurnrum
1549 431 1688 510 catologo
1699 426 1952 502 annectimusu.

194 505 263 560 ctos
278 496 437 564 Ecclesiae
452 501 730 570 adnumerandum,
747 519 802 582 pro
825 502 936 567 Sancto
959 517 1050 566 rene·
1096 506 1249 571 minorum
1272 507 1490 572 Gonlesscrum
1515 528 1643 576 numero
1665 511 1893 592 adiungimus.
1916 532 1954 588 pe

195 581 339 655 randum,
356 588 447 662 atque
464 583 610 662 publicis.
627 591 657 643 et
682 585 873 649 solemnibus
896 584 1049 663 supplica·
1097 588 1179 652 bliee
1204 591 1352 654 sanetum
1379 591 1559 670 diffinimus,
1587 593 1788 674 profitemur,
1816 603 1854 655 et
1879 613 1956 657 rene

196 663 344 738 tionibus,
363 666 502 745 rotisque
529 669 558 727 ln
587 665 747 730 llissarum
774 667 1048 744 celebrationibus,
1096 685 1211 735 ramur.

194 747 328 825 aliisque
344 750 456 811 diuinis
469 747 578 812 ciliciis
591 749 984 830 inserendumtposrottca
997 767 1049 814 ao·
1138 754 1442 822 Statoeutes'tcstum
1459 758 1597 822 eiusdem
1613 761 1664 822 die
1687 759 1739 822 li.
1755 760 1898 822 kalend.
1916 763 1960 824 be

194 829 336 892 ctoritate
353 832 602 896 iudicaverimus.
619 832 662 894 hd
679 834 800 896 laudern
824 834 915 914 igitur
935 836 1052 898 aeterni
1100 838 1235 902 cembris
1249 839 1364 904 debere
1379 840 1540 914 celebrari,
1554 851 1585 902 et
1597 842 1756 920 ipsoiesto
1770 845 1850 905 eius
1863 849 1961 922 sepul

194 911 264 989 Ilei,
281 911 456 978 individuae
471 914 639 991 Trinitatis,
657 915 765 992 Putris,
782 923 813 980 et
827 917 907 994 lltlit,
932 924 963 978 et
984 917 1052 996 Spi·
1098 922 1221 993 chrum,
1239 923 1319 1002 quod
1336 925 1366 985 io
1383 923 1537 1001 praedium
1553 925 1739 989 Ronasteriu
1761 927 1877 988 existit
1902 930 1963 989 rist-

195 996 273 1059 ritus
295 999 407 1066 sancti,
430 999 468 1058 ad
489 995 562 1058 ildei
586 997 759 1062 Catholicae
782 1001 886 1068 robur.
911 1010 940 1063 et
961 1017 1051 1064 orno·
1099 1004 1245 1073 lantibus.
1264 1012 1361 1083 cipro
1375 1007 1689 1072 manutentioncdicti
1703 1008 1897 1071 Ronssterii
1912 1028 1965 1070 me

196 1085 345 1152 mentum,
361 1082 399 1144 ad
415 1080 587 1160 Religionis
603 1081 795 1145 Christianae
807 1087 921 1147 cultum
936 1100 1053 1162 augen-
1099 1103 1158 1150 nos
1173 1088 1403 1168 porrigentibus
1415 1092 1593 1160 adiutrices.
1607 1100 1727 1168 septeni
1741 1108 1867 1166 sonos,
1883 1100 1916 1154 et
1929 1103 1965 1156 te

196 1163 281 1239 dum,
306 1164 485 1226 auctoritate
509 1163 628 1226 Douriol
652 1161 750 1226 Nostri
773 1166 844 1229 Iesu
868 1165 992 1236 Christi,
1016 1185 1052 1231 ac
1102 1169 1196 1232 tidern
1213 1173 1665 1251 quudrngenasindulgentiae,
1682 1176 1712 1235 in
1728 1172 1833 1238 torma
1863 1175 1966 1239 Eccle-

195 1245 355 1310 Beotorom
371 1245 464 1321 Petri,
481 1252 511 1308 et
525 1246 609 1309 Pauli
632 1247 859 1326 Apostolorum.
884 1259 914 1311 et
937 1256 1052 1321 nostru,
1100 1252 1165 1314 siae
1181 1254 1421 1318 misericorditer
1435 1259 1592 1333 perpetuis
1603 1259 1802 1333 temporibus
1818 1263 1967 1321 concedi·

195 1331 234 1392 de
250 1327 485 1392 venerabilium
500 1327 639 1392 Fratrum
657 1338 832 1396 nostrornm
848 1333 977 1396 consilio
993 1340 1054 1397 sta·
1102 1353 1183 1399 mus.
1200 1337 1278 1400 llolli
1296 1354 1381 1418 ergo.
1400 1346 1459 1401 etc.
1476 1340 1506 1403 Sl
1524 1340 1593 1416 quis
1608 1348 1723 1416 antem,
1741 1348 1808 1404 etc.

195 1411 324 1486 tuimur,
338 1410 965 1492 definimus,etpronuuciurnussanmnm
979 1417 1054 1480 beo·
1142 1420 1249 1483 ilatum
1267 1420 1381 1484 Romae
1395 1423 1476 1500 opud
1492 1431 1631 1486 sunctum
1648 1425 1786 1499 Petrum,
1811 1439 1904 1486 enno
1924 1427 1967 1488 ln·

196 1494 323 1574 poleium
340 1495 478 1559 busiride
494 1495 702 1559 llnrchioncm
721 1499 900 1562 Sanctorum
914 1501 1053 1578 cotulogo
1101 1503 1289 1566 carnationis
1303 1504 1483 1568 Domintcae
1500 1505 1579 1569 ties
1594 1513 1701 1569 octuro
1715 1506 1793 1571 Idus
1817 1505 1965 1578 laooani,

196 1577 451 1652 adscribendum,
469 1585 499 1643 et
517 1580 639 1672 publicu
655 1582 855 1646 ueneratione
872 1599 926 1662 pro
942 1585 1052 1646 sencio
1098 1585 1295 1650 Pontificatus
1309 1590 1406 1651 nostri
1423 1605 1503 1650 anno
1525 1593 1635 1668 primo.
1654 1588 1710 1653 llio
1733 1590 1767 1652 S.
1786 1591 1967 1668 beopotdus

196 1662 435 1735 obseruandum,
450 1664 529 1726 sicut
543 1672 571 1726 et
587 1679 645 1726 uos
661 1665 747 1726 illurn
764 1664 1051 1744 inpraesentiarum
1097 1669 1174 1732 obiit
1189 1685 1270 1733 anno
1286 1669 1404 1734 homini
1423 1670 1514 1734 tritt.
1588 1682 1590 1693 ·

775 2151 892 2240 tilii
931 2147 1111 2239 stridit
1147 2151 1384 2243 uhuoiltt

891 2461 1003 2528 shuts
1025 2459 1254 2528 uhhhcouolt

336 2741 501 2814 hiscen-pte,
513 2760 554 2798 ex
565 2747 630 2814 illa,
643 2759 734 2812 quere
746 2745 929 2812 uneedpelt
938 2742 1110 2797 Geutrlrlu
1122 2744 1162 2797 tle
1175 2744 1266 2798 Belle
1277 2745 1356 2816 loco,
1370 2746 1467 2813 ipsiu
1478 2746 1577 2815 negt·
1589 2748 1823 2804 cue-ertu.

240 3493 350 3554 ltealus
362 3490 537 3554 bodonicus
549 3491 738 3556 Francorum
753 3494 912 3570 piissimus
924 3495 1059 3574 Rex,pu·
1104 3509 1141 3554 eo
1155 3492 1254 3556 literis
1272 3493 1508 3557 instituendum.
1523 3492 1581 3556 Ille
1597 3508 1669 3556 vero
1680 3491 1754 3570 pios
1769 3505 1862 3569 puer.
1876 3497 1906 3552 et
1917 3507 1959 3550 re·

203 3581 278 3640 trem
295 3574 402 3638 hebuit
416 3575 602 3638 ludovicum
620 3574 914 3642 christianissimum
928 3578 1058 3656 Regem,
1105 3577 1150 3639 lut
1164 3577 1239 3638 alter
1256 3575 1413 3644 salomon.
1430 3577 1624 3653 ingeniosus,
1642 3581 1672 3638 et
1695 3575 1811 3671 hunnum
1835 3577 1956 3670 sortitus

199 3660 250 3738 oui
268 3657 1059 3736 inhibigesio,etcomitutu'l'holusunobaereticos
1106 3657 1258 3734 unimam,
1287 3675 1360 3738 pree
1386 3662 1452 3722 suls
1478 3661 1655 3722 coaetaneis
1681 3673 1757 3753 mure
1786 3657 1912 3752 proiecti
1931 3673 1957 3750 ιιι

199 3744 400 3820 oppugnarit.
426 3741 459 3802 ln
487 3743 588 3804 reditu
615 3749 715 3804 autern
746 3744 868 3806 laethali
897 3752 1059 3823 correptus
1107 3743 1290 3818 utrisqueh
1308 3745 1415 3820 primis
1429 3742 1631 3804 enimaetetis
1646 3742 1754 3814 initiis,
1769 3738 1959 3836 deditusinrt

201 3824 321 3895 morbo,
337 3822 387 3887 dic
403 3823 522 3888 decimo
535 3827 571 3886 ud
584 3825 716 3887 ilontern
731 3827 909 3890 Penserium
923 3830 1061 3891 excessit
1107 3827 1231 3904 pietatis
1246 3835 1276 3889 et
1298 3825 1470 3888 sanctitatis
1493 3825 1616 3892 studiis.
1639 3823 1796 3901 tueturque
1810 3829 1904 3916 'ritum
1927 3837 1958 3880 n·

203 3905 311 3968 euiris
326 3922 435 3968 mense
453 3907 588 3981 Octobri,
616 3924 696 3970 nuno
722 3910 761 3972 ab
790 3908 871 3972 Orbe
898 3912 1059 3987 redempto
1107 3924 1210 3970 mnem
1227 3909 1345 3987 ubsque
1361 3908 1507 3972 mortiterl
1525 3908 1641 3986 peccati
1656 3911 1877 3986 perpetratione
1888 3921 1956 3966 ene·

201 3989 366 4052 millesimo
382 3989 598 4052 ducentesimo
614 3991 761 4053 uicesimo
778 3992 922 4070 septimo.
940 3996 985 4055 uir
1000 3995 1059 4055 uti·
1106 3990 1361 4069 gissetitusvern
1376 3993 1526 4053 sanctitati
1541 3989 1838 4068 gratulnnsBlanchs
1849 3995 1956 4048 mater:

198 4088 259 4152 qua
276 4073 358 4136 benc
373 4071 550 4136 catholicus
566 4081 596 4135 et
608 4083 745 4138 sanctos.
770 4075 928 4150 llunnuam
952 4093 1059 4155 corpo·
1106 4075 1241 4151 listlern,
1252 4073 1351 4151 induit
1363 4073 1404 4134 illi
1420 4082 1448 4134 te
1461 4081 1612 4136 mortuum
1625 4087 1766 4146 cernere,
1777 4087 1866 4148 quarn
1878 4087 1959 4131 cree-

200 4156 243 4218 ris
260 4157 308 4218 sui
326 4157 416 4218 ullum
434 4157 558 4219 admisit
574 4156 791 4235 pollutionem,
809 4163 897 4221 unice
911 4175 1003 4223 uxore
1016 4161 1060 4223 le·
1108 4166 1205 4220 torern
1230 4167 1313 4219 tuum
1338 4157 1458 4219 mortali
1483 4156 1612 4218 crimine
1635 4153 1859 4218 oliendentcru.
1881 4154 1960 4248 Quae

200 4236 303 4318 gitima
321 4248 498 4302 contentus.
516 4239 634 4318 Corpus
650 4243 719 4304 cius
734 4243 875 4304 exunlme
888 4244 925 4304 nd
938 4243 972 4305 B.
989 4243 1073 4304 llio·¹
1107 4240 1195 4303 uerbo
1214 4257 1314 4319 osque
1329 4239 1506 4302 adeolllios
1520 4240 1622 4302 animo
1645 4240 1787 4308 haesere,
1812 4245 1844 4332 ut
1865 4237 1958 4330 dirior

200 4321 280 4402 nysii
297 4321 467 4386 Ecclesiam
483 4329 689 4401 apportatum,
707 4327 786 4387 iuxta
804 4333 920 4402 patrem
934 4327 1058 4388 honori·
1106 4326 1207 4403 ipsum
1224 4325 1317 4404 gretia
1335 4331 1528 4403 protegente,
1545 4339 1701 4400 nunquam
1719 4324 1749 4382 ln
1763 4337 1800 4384 se
1813 4323 1960 4382 eiusmodi
2000 4365 2001 4384 ,

199 4403 432 4468 iiceconditum
451 4407 561 4468 estin
585 4410 653 4470 eius
675 4411 776 4470 lucum
800 4411 953 4471 successit
976 4410 1058 4471 lilius
1106 4411 1223 4470 crimen
1240 4408 1411 4470 admiserit.
1498 4446 1500 4452 ·
1838 4487 1845 4500 ·

203 4487 428 4570 primogenitus
460 4490 655 4566 bodonicus,
687 4491 813 4553 Rhemis
839 4493 877 4553 ah
904 4492 1058 4569 Episcopo
1150 4491 1267 4569 rigente
1284 4495 1386 4552 autem
1403 4497 1498 4551 matre
1513 4495 1542 4552 et
1557 4488 1741 4567 proceribus
1757 4505 1859 4566 regns,
1882 4502 1959 4549 anuo

201 4569 434 4646 Suessionensi,
453 4577 534 4652 quod
550 4572 689 4636 Ecclesia
712 4574 896 4637 Rhemcnsis
910 4584 981 4636 tum
1006 4593 1058 4655 pa·
1106 4573 1217 4636 salutis
1234 4571 1638 4635 millesimoduoentesimo
1659 4571 1819 4667 tricesimo
1843 4577 1957 4665 quarto.

203 4662 287 4717 sture
303 4655 407 4718 orbata
425 4664 520 4728 esset,
537 4658 621 4736 regia
637 4673 751 4718 corone
763 4657 931 4735 insignitus
944 4665 974 4720 et
986 4675 1059 4721 con·
1107 4657 1193 4720 duxit
1209 4671 1333 4720 uxorem
1350 4656 1562 4736 blangeretum,
1580 4653 1708 4716 Comitis
1729 4655 1911 4718 Provinciae
1924 4653 1957 4748 'i-

200 4743 352 4810 secretus,
370 4757 468 4804 annos
485 4747 574 4803 natus
587 4740 825 4809 duodecimam
838 4740 973 4804 circiter.
985 4742 1059 4804 liius
1107 4741 1190 4801 llam.
1208 4754 1287 4817 quse
1304 4740 1452 4801 botellum
1467 4740 1560 4812 uenit,
1575 4737 1653 4798 intro
1667 4743 1787 4799 octenos
1801 4737 1960 4800 hscensto·

202 4825 391 4884 coronationi
408 4826 585 4900 complures
601 4839 618 4886 e
634 4823 810 4902 praecipuis
827 4822 998 4901 nobilibus,
1024 4825 1058 4886 li·
1108 4825 1156 4884 nis
1173 4820 1298 4893 Christi,
1317 4840 1386 4884 oum
1404 4821 1489 4898 prius
1505 4823 1590 4883 esset
1604 4831 1746 4883 coronate
1763 4819 1845 4917 apud
1870 4821 1956 4881 Seno·

202 4910 252 4966 cet
267 4909 363 4970 receti
380 4917 497 4982 essent,
514 4907 667 4969 interesse
683 4908 872 4968 noluerunt:
890 4908 972 4982 qood
990 4924 1059 4985 pro·
1107 4904 1275 4968 neshnno
1289 4906 1427 4979 proximo
1440 4906 1503 4966 dira
1517 4906 1613 4966 tannes
1624 4902 1868 5000 aiilrnitltlullras,
1880 4917 1960 4980 pree·

203 4993 269 5062 pler
285 4987 422 5052 dolorem
439 4991 575 5054 delunuti
592 4990 686 5069 Regis
701 4996 731 5052 et
745 4988 842 5070 Regni
858 4990 1001 5066 desolati,
1017 4991 1060 5051 la·
1107 4988 1212 5052 sertim
1229 4989 1260 5050 in
1276 4986 1451 5065 Aquilonia,
1468 4988 1508 5050 ita
1525 4996 1556 5048 ut
1572 4987 1713 5049 hemines
1729 4993 1826 5048 tnster
1847 5002 1959 5048 romeu·

201 5073 316 5152 ergmis
333 5079 363 5133 et
377 5074 471 5136 luctui
489 5073 552 5136 illic
568 5073 682 5154 petius,
701 5090 790 5152 quarn
809 5075 944 5136 loetitiae
961 5081 990 5136 et
1015 5077 1059 5136 tn
1107 5079 1219 5150 torum,
1244 5072 1351 5134 herbis
1373 5072 1549 5150 agrestibus
1572 5076 1783 5132 vescerentur.
1807 5069 1881 5164 ltarn
1903 5070 1956 5130 lru·

202 5153 362 5228 conditati,
381 5159 549 5220 sederent.
1106 5156 1198 5218 menti
1216 5153 1369 5218 sextarius
1385 5155 1466 5234 apud
1482 5154 1621 5216 Pictanus
1636 5161 1758 5214 centurn
1782 5153 1957 5248 solrdrshre·

243 5239 279 5300 llt
295 5255 371 5318 puer
385 5249 511 5303 sanctae
528 5240 654 5308 indolis.
673 5239 889 5303 strenuissimo
907 5246 992 5314 petre
1008 5255 1058 5302 or·
1105 5239 1221 5301 nicbat.
1240 5236 1391 5310 Sequenti
1406 5253 1487 5299 anne
1500 5237 1660 5299 hrsecidas
1672 5239 1775 5330 senior
1787 5235 1958 5331 hssessrno·

201 5321 304 5395 batus,
320 5323 379 5385 sub
395 5324 488 5387 tutela
506 5333 534 5385 et
550 5323 759 5386 moderatione
774 5325 877 5386 metris
890 5322 1055 5400 blanchae,
1107 5338 1187 5399 rum,
1206 5321 1291 5383 misit
1307 5322 1440 5383 nuncios
1456 5323 1486 5381 in
1504 5320 1675 5394 Francicus,
1691 5319 1807 5393 crnibus
1830 5321 1861 5382 rd
1883 5336 1957 5380 nen·

202 5403 296 5484 Regis
312 5405 462 5470 Cesteltce
478 5405 569 5476 illine.
587 5409 778 5486 permansit:
803 5422 881 5480 puae
904 5407 989 5468 illurn
1014 5412 1058 5466 te·
1107 5407 1167 5467 dati
1186 5405 1326 5474 dederet,
1342 5409 1376 5465 ut
1390 5400 1506 5481 Regum
1533 5403 1720 5465 Lnduuicum
1745 5401 1958 5466 interficerent.

98 5517 101 5538 ι
205 5490 340 5551 nerrirne
356 5487 502 5570 diligens,
519 5507 554 5551 cx
578 5491 708 5552 consilio
723 5489 935 5569 religiosorum
959 5489 1059 5552 honri-
1108 5489 1169 5552 Sed
1186 5489 1251 5551 lieo
1268 5489 1404 5549 animum
1422 5495 1490 5547 etos
1507 5488 1544 5548 ad
1561 5501 1670 5564 pacem
1694 5493 1725 5546 et
1747 5486 1958 5548 humanitatem

205 5587 290 5644 num,
308 5572 773 5650 praesertimllonrinicanorum
792 5572 1059 5636 etIlrenciscauo·
1107 5572 1291 5642 inclinante,
1315 5571 1454 5633 crudelis
1477 5572 1612 5630 menduti
1636 5567 1821 5644 poenitentia
1845 5568 1957 5642 ductos,

202 5669 282 5732 runs,
299 5657 448 5736 singulari
463 5657 585 5722 cuidam
601 5655 744 5735 magistro
761 5655 883 5720 tradidit
906 5659 1058 5737 moribus,
1106 5655 1191 5718 misit
1205 5656 1284 5720 ulios
1301 5655 1420 5718 celeres
1435 5651 1841 5732 nunciusquihudorirum
1852 5650 1957 5732 Regem
