4056 6260
787 359 896 418 LIBER
916 357 1071 418 TERTIUS
1673 359 1730 416 299
1779 443 1781 448 ,

33 487 215 550 adiunctum
230 490 630 558 iusiurandumbabeamus
642 501 897 572 spent,tanrnuam
946 495 1184 564 communicare,
1199 492 1317 555 etiamsi
1337 491 1411 555 tulbi
1425 491 1516 555 inerit
1532 491 1803 571 iuimicusmeque

33 569 201 633 curbaram
217 579 309 635 tutam
323 581 353 635 et
366 573 481 637 ilrmaut
495 575 688 638 incedentem
700 581 898 654 usqueanin·
947 581 1078 658 graviter
1095 579 1227 652 laeserit,
1245 577 1344 639 adbuc
1358 577 1402 638 illi
1421 595 1480 636 non
1498 577 1597 637 solum
1615 577 1801 651 ipuusoere,

35 655 149 714 teriora
167 658 346 726 velaminis.
373 659 424 719 ubi
444 677 497 730 pro
515 661 605 719 nobis
621 663 752 722 introivit
766 660 899 732 JESUS‚
948 665 1004 726 seri
1022 668 1110 728 etiam
1130 664 1312 722 benefacere
1328 664 1577 736 tiebeam,contre
1595 665 1730 719 nestrorum
1750 677 1803 738 pu-

33 741 212 800 secuudum
228 743 367 803 ordinent
392 742 623 809 Melchisedech
638 743 791 808 Pottftfett¹
806 749 901 809 taetus
948 764 1043 826 gnare
1070 748 1143 808 tuibf
1167 762 1236 807 esse
1261 746 1388 806 uidetur.
1405 743 1439 805 Iel
1457 745 1579 812 ttuirletn
1598 751 1700 802 rantra
1717 751 1803 803 natu·

33 819 66 881 in
83 832 257 886 aeteruum.
950 849 1010 893 ram
1030 847 1084 906 per
1101 839 1257 908 peceatum
1275 837 1446 902 corruptam
1464 826 1592 888 fortasse
1608 825 1665 885 diei
1682 829 1803 902 poterit,

949 915 1003 975 sed
1022 931 1082 976 nott
1100 921 1202 976 contre
1220 919 1355 973 naturam
1373 929 1426 987 prr
1443 909 1553 972 Cleristi
1577 912 1702 986 gretiam
1720 926 1807 983 repe·

949 1004 1055 1060 saleni.
1074 998 1116 1058 lln
1148 1013 1206 1056 nuu
1230 995 1312 1057 Deus
1334 995 1400 1070 ipse
1419 997 1495 1055 lirina
1513 1011 1566 1053 sua
1585 1009 1653 1052 etim
1673 991 1806 1054 inimicis

949 1083 1015 1142 suis
1032 1079 1261 1143 cantatuuieat?
1283 1087 1311 1138 ef
1330 1076 1613 1156 qttotulteriniotiais
1630 1093 1695 1136 sats
1720 1078 1804 1152 igno·

949 1169 1051 1225 soilel
1066 1163 1165 1224 rerldtf
1179 1178 1223 1223 ets
1241 1166 1317 1220 buna
1336 1177 1389 1235 piro
1407 1159 1691 1224 arteriis,do1nsolent
1707 1175 1805 1220 suum

949 1251 1030 1310 oriri
1044 1247 1121 1324 feeit
1136 1262 1233 1324 super
1247 1237 1349 1306 honos'
1360 1249 1388 1305 ef
1402 1244 1502 1305 orarios
1517 1290 1522 1303 .
1552 1249 1580 1304 et
1604 1242 1686 1318 pluit
1707 1259 1805 1318 super

312 1387 315 1392 ,
948 1333 1049 1393 iustas
1065 1338 1093 1390 et
1107 1330 1273 1392 infestos?
1298 1326 1407 1409 (Mott.
1426 1327 1482 1407 3.)
1505 1327 1590 1400 Qetod
1616 1329 1639 1382 si
1665 1325 1745 1384 fleres
1763 1329 1801 1387 fta

81 1405 164 1480 Quill
181 1405 238 1467 iam
257 1411 294 1470 ele
310 1409 456 1470 eltaritale
474 1408 644 1471 dieentes?
666 1411 706 1472 Ea
725 1419 807 1472 certe
824 1413 903 1474 sieut
949 1431 981 1476 se
998 1417 1076 1492 gerit
1088 1431 1156 1472 oum
1175 1415 1318 1479 inituicis,
1335 1428 1393 1471 ιιοιι
1409 1419 1454 1471 est
1467 1420 1569 1470 oorrtra
1587 1415 1722 1468 neumam
1734 1407 1801 1484 bet,

37 1489 78 1551 ob
96 1489 306 1552 difficultatem
323 1492 473 1566 implemli
491 1502 651 1571 praecepta
669 1495 735 1557 eius
751 1499 903 1575 angustis·
950 1515 1050 1570 nouae
1067 1495 1210 1560 lacrumis,
1227 1497 1280 1574 qui
1295 1493 1331 1555 ad
1349 1494 1511 1570 imaginem
1529 1491 1584 1554 Dei
1608 1507 1727 1552 oreatus
1744 1502 1801 1568 est,

37 1577 130 1643 sima,
149 1575 247 1635 sioab
264 1575 477 1638 excellentiam
495 1577 614 1638 attitiae
631 1577 786 1648 bonitatis,
812 1598 901 1650 utiam
950 1584 1077 1658 ailigere
1101 1579 1264 1642 tntuueos.
1293 1582 1402 1654 eisque
1426 1573 1630 1636 benefacere:
1655 1579 1709 1634 seu
1734 1593 1805 1636 cort-

40 1659 196 1732 respicit,
223 1659 370 1720 latissima
389 1661 448 1720 diei
468 1668 579 1736 potest.
598 1661 656 1722 Cur
683 1678 763 1722 enim
781 1659 905 1726 attitrue
951 1672 993 1724 tre
1019 1673 1154 1727 naturam
1179 1663 1369 1732 bestiarum,
1398 1668 1427 1720 et
1453 1675 1581 1727 eorum,
1606 1659 1656 1730 ιιιιι
1682 1675 1749 1717 euru
1773 1661 1804 1720 in

38 1740 137 1801 elueri
155 1741 260 1812 debet,
279 1750 340 1804 tota
357 1746 462 1808 corae.
478 1752 507 1804 et
524 1753 581 1804 tate
598 1746 745 1806 atrimaet
760 1763 830 1805 antu
846 1747 903 1808 bus
951 1749 1068 1808 honore
1095 1754 1222 1816 esseut,
1251 1761 1312 1806 non
1338 1745 1554 1804 intellexeruut
1567 1765 1580 1816 ,’
1600 1739 1710 1818 (Psoi.
1728 1741 1805 1825 ts.)

38 1824 160 1886 uiribus
176 1824 271 1887 Deum
289 1825 429 1899 ailigere,
454 1843 523 1886 rum
545 1830 590 1889 stt
607 1830 672 1902 ipse
696 1831 904 1905 pulcherrime
950 1831 1114 1908 comparati
1130 1836 1203 1890 sunt
1218 1827 1363 1891 iutuentts
1387 1825 1614 1906 insipientibus,
1640 1835 1670 1886 et
1686 1825 1806 1888 streties

39 1913 70 1967 et
85 1913 235 1980 optimus,
251 1916 280 1970 et
295 1910 414 1970 infletito
429 1911 532 1971 arnitre
548 1911 768 1988 dignissimus?
780 1912 842 1974 lien
858 1924 905 1975 est
950 1913 1020 1976 facti
1036 1920 1108 1976 suot
1119 1913 1191 1974 illis.

39 1990 172 2052 ataletle
187 1994 238 2052 bie
254 1993 284 2052 in
309 1995 398 2054 ferris
421 2009 523 2055 aniate
540 1995 666 2070 puielua
682 2007 711 2054 et
727 1998 826 2070 bona;
849 1995 904 2070 sed
997 2005 1000 2010 '

40 2074 171 2134 dibu-ue
188 2085 234 2135 est
252 2093 310 2135 iton
328 2085 496 2147 emmeant
513 2084 595 2139 certe
610 2081 736 2138 utorium
753 2095 811 2139 nnn
825 2096 904 2139 ama·

40 2171 88 2218 re.
108 2157 236 2218 Videtur
252 2160 343 2234 igilur
367 2161 447 2220 [leus
464 2161 689 2231 r‘rottdatumodo
715 2162 805 2223 nobis
828 2165 905 2226 iuiu-

43 2241 123 2300 rtem
142 2243 257 2319 facere,
275 2259 344 2303 eunt
361 2249 420 2304 tam
444 2260 550 2305 severe
568 2245 649 2304 iohet
668 2253 696 2306 ut
713 2263 782 2306 euru
800 2247 906 2322 diliga-

43 2339 222 2398 musonem
241 2336 351 2400 sponte
369 2335 469 2387 nostru
487 2343 555 2388 eunt
573 2327 700 2404 diligere
718 2347 776 2388 troo
795 2331 906 2392 riebea-

43 2423 127 2468 ntus.
144 2406 178 2468 At
198 2409 275 2468 bona
293 2419 322 2470 et
339 2409 478 2487 pulchra,
502 2429 580 2488 ortae
597 2417 671 2473 sunt
686 2429 713 2471 tn
732 2416 906 2490 terris‚i‹te0
1662 2475 1663 2480 ,

42 2496 191 2551 ιιιιιιιιιιιιι
207 2501 345 2552 ιιιιιιιιιιιι
362 2494 431 2566 noia
456 2496 536 2554 olere
553 2496 715 2557 rineutur:
740 2495 840 2558 Deam
855 2511 906 2558 au·
993 2497 1088 2562 tento
1103 2497 1140 2561 od
1158 2491 1375 2565 humilitatem,
1394 2496 1597 2574 quaesieritis
1620 2503 1665 2556 est
1692 2495 1807 2559 sorori·

44 2580 106 2632 tent
124 2589 220 2636 tremo
236 2576 317 2637 sitiit
333 2593 503 2657 uutqttam.
521 2575 630 2660 (teon.
650 2581 662 2638 l
681 2575 751 2662 )lta
769 2590 826 2647 est,
847 2598 906 2641 riou
954 2581 1013 2644 bus
1029 2589 1105 2643 suis:
1124 2589 1155 2642 ut
1172 2598 1296 2654 mepuas
1313 2581 1435 2654 qrriuem
1449 2590 1604 2656 angustias
1617 2582 1760 2654 superbis
1780 2588 1809 2640 et

42 2659 182 2718 vidimus
209 2659 314 2726 beent,
334 2663 386 2720 sea
406 2662 548 2726 tiaiums.
567 2669 596 2720 et
618 2663 757 2723 etaemus
774 2669 910 2736 ortottrtie
955 2669 1168 2743 arrogantibus
1186 2674 1291 2738 parret:
1309 2663 1364 2724 sed
1382 2667 1428 2724 iis
1448 2668 1498 2737 aui
1515 2671 1551 2724 aa
1568 2665 1705 2725 suliulam
1721 2662 1805 2726 aert-

43 2755 143 2814 opera
163 2741 243 2816 eius,
274 2742 401 2815 patetne
418 2745 514 2806 retae
533 2749 570 2806 ele
587 2746 697 2818 neribus
714 2745 844 2816 Sapiens
868 2747 911 2809 ui·
955 2748 995 2818 sti
1009 2753 1171 2824 accedunt,
1189 2759 1218 2810 et
1233 2749 1271 2810 eb
1287 2765 1323 2807 eo
1340 2752 1458 2808 nascere
1475 2750 1590 2812 rolant.
1607 2765 1665 2812 nort
1680 2747 1809 2808 artheul-

43 2823 85 2883 cu
103 2840 112 2883 ε
137 2824 173 2885 st
187 2829 293 2902 specie
310 2828 385 2886 solis
399 2836 428 2886 et
445 2829 534 2889 lunae
550 2829 710 2904 delectati,
725 2829 802 2891 Deos
816 2837 910 2908 petie·
955 2838 1000 2894 ter
1015 2832 1133 2892 dilatari
1150 2833 1288 2909 inrapiat.
1306 2830 1436 2890 l'rimmn
1453 2829 1534 2891 enim
1550 2831 1700 2892 Ιιιιιιιιιιιιιι
1719 2833 1811 2891 riebe-

43 2916 188 2984 oeront;
214 2911 321 2970 seiont
347 2918 470 2989 peracto
504 2911 554 2972 his
584 2911 773 2974 Daniinotor
801 2929 912 2977 eorum
957 2933 1034 2975 mos.
1053 2917 1111 2978 snb
1126 2917 1247 2992 potenti
1262 2931 1365 2975 manu
1380 2913 1447 2988 Dei,
1465 2915 1508 2988 (l.
1526 2913 1608 2972 Petr.
1628 2909 1673 2994 5.)
1688 2923 1716 2971 ot
1734 2917 1810 2988 Arro-

44 2993 226 3066 speeiost'or
249 3001 304 3053 est:
322 2995 442 3070 speciei
468 2995 552 3056 etaim
569 3006 740 3070 premeretur
755 2997 833 3058 hoec
848 3015 913 3058 om·
955 3001 1101 3060 stolorum
1120 3016 1262 3073 prinecps
1283 3003 1452 3058 attrnomut:
1470 3003 1500 3058 et
1516 3003 1547 3059 ut
1562 2995 1763 3073 coapostolos
1779 3013 1810 3058 e·

45 3073 107 3134 trio
124 3078 300 3138 carutituih
319 3073 493 3159 (Sopfeus.
514 3078 550 3138 ta
575 3075 587 3159 )
610 3077 758 3152 Etpruntt
785 3099 907 3156 quaeue
956 3083 1004 3143 ius
1020 3081 1149 3144 laeultus
1164 3081 1321 3144 confirmat
1336 3080 1415 3148 (fue.
1433 3079 1479 3154 l.)
1502 3078 1584 3151 Qrtae
1607 3089 1706 3140 atatem
1731 3079 1808 3142 delli·

46 3159 246 3222 dulcedinem
271 3175 338 3220 etus
367 3163 395 3220 in
425 3160 584 3222 tenearis
611 3179 677 3224 etus
701 3165 909 3238 quotidianis:
957 3168 1053 3227 cultas
1070 3166 1140 3243 fingi
1160 3171 1258 3240 potest
1274 3166 1303 3224 in
1322 3165 1534 3232 ιιιιιιιιιιιιιιιιιιιιΙ
1559 3167 1695 3223 tnttrfalis
1712 3164 1807 3224 Ιιοιιιι-

47 3239 202 3302 babemus
219 3243 353 3318 titutione
372 3246 579 3304 testinrouium
604 3249 682 3323 eius,
701 3249 751 3318 oui
769 3248 852 3321 vidit,
879 3253 908 3310 et
960 3248 1007 3309 nis
1024 3249 1060 3308 ad
1079 3250 1277 3308 immortalem
1296 3254 1325 3307 et
1341 3245 1580 3320 Otuuipoteutem
1600 3245 1711 3305 linunt?
1724 3247 1811 3305 pesp.

48 3327 174 3386 urerttiri
193 3331 321 3399 neuton
340 3325 482 3388 rideleel
498 3327 593 3388 saneti
612 3330 765 3403 Spiritus,
792 3330 842 3404 uui
860 3348 914 3407 per
959 3333 997 3390 tie
1021 3332 1171 3393 rlebemus
1196 3347 1319 3408 otioque
1344 3329 1543 3390 novissimum
1572 3333 1670 3390 terrun
1698 3334 1813 3406 eligere

45 3405 213 3484 Apostolos
231 3417 261 3471 et
278 3409 445 3486 Prophetas
463 3426 490 3470 ιιι
508 3410 675 3488 Scripturis
692 3413 806 3473 sanetis
824 3430 912 3489 pree·
963 3416 1043 3486 apud
1063 3414 1219 3490 brittones,
1238 3414 1306 3484 ostie
1324 3417 1501 3488 superiores
1527 3413 1654 3473 torteem
1677 3415 1814 3473 arbitrari

48 3493 143 3556 dtcal.
161 3491 256 3553 Dteutn
272 3494 459 3569 usqueadeo
475 3493 589 3556 honum
608 3504 637 3554 et
651 3495 812 3571 polettronr
829 3511 912 3571 esse,
962 3515 1018 3556 tros
1036 3500 1190 3564 contenit,
1215 3503 1248 3558 ui
1264 3497 1426 3572 apostotos
1449 3504 1551 3556 monet
1576 3501 1603 3555 iu
1628 3494 1759 3571 ttpfstola
1777 3497 1814 3556 ad

50 3581 83 3634 ut
99 3579 208 3637 merito
224 3578 310 3638 salus
325 3579 427 3638 bonus
443 3585 473 3638 et
498 3579 585 3640 salos
612 3580 742 3656 pulcher
768 3579 826 3642 dici
851 3597 913 3642 me·
959 3580 1199 3654 Philippenses:
1225 3579 1432 3656 Superiores,
1455 3579 1573 3652 fricuit,
1595 3579 1658 3639 sihi
1678 3583 1816 3640 inuicem

52 3665 167 3720 reectum
959 3664 1164 3726 arbitrantes.
1183 3660 1280 3746 (Phil.
1298 3659 1344 3743 2.)
1360 3661 1415 3736 Qtri
1433 3679 1502 3722 tero
1519 3677 1552 3722 se
1570 3662 1629 3738 ipsi
1652 3671 1813 3732 noverunt,

95 3741 169 3816 Sea,
188 3740 343 3816 inaniunt,
368 3742 479 3805 durum
496 3752 542 3805 est
559 3744 658 3817 valde,
677 3754 801 3826 propter
817 3744 913 3807 Deum
961 3756 987 3808 et
1005 3749 1119 3809 eousrtf
1136 3755 1205 3808 suru
1224 3762 1364 3821 propriae
1390 3743 1585 3818 iustruiitatis,
1613 3747 1742 3804 ιιιιοιιιιιι
1760 3764 1810 3806 au·
1849 3808 1851 3816 ,

51 3825 122 3901 capi
139 3843 196 3886 nus
212 3830 248 3886 aa
267 3827 437 3891 facultates.
451 3835 643 3905 cogitatoset
657 3832 744 3890 eitam
760 3833 912 3906 propriam
959 3837 1018 3892 tem
1037 3831 1179 3892 interiora
1197 3847 1256 3892 nou
1275 3838 1444 3893 noverunt.
1469 3829 1568 3888 nolles
1594 3830 1748 3904 patiuntur
1764 3847 1816 3888 uu-

49 3909 787 3989 eliuuautiopetaendeim.Fateoretipseelerum
803 3914 914 3975 inesse
959 3913 1086 3992 gastim,
1113 3922 1144 3974 ut
1160 3931 1268 3974 nutries
1292 3915 1369 3971 alios
1395 3912 1453 3973 sibi
1481 3913 1661 3987 superiores
1688 3912 1813 3989 ducant,

51 4007 113 4051 non
130 3994 304 4054 amantibus
319 3991 435 4071 Deuot;
453 3997 506 4054 sea
524 3996 707 4060 amantibus.
727 4003 756 4058 et
770 4013 838 4056 eum
853 3995 917 4056 auf·
960 4013 1077 4071 eosnue
1101 3997 1218 4057 lrorrore
1242 3991 1459 4072 praeveniant,
1488 4002 1518 4056 et
1545 3997 1645 4056 locutu
1674 3994 1812 4056 altiorem

51 4075 132 4152 pisci
160 4081 357 4154 cupientibus
384 4076 473 4138 tecue
502 4087 531 4137 ot
558 4078 623 4138 lere
648 4097 719 4139 esse
736 4081 913 4141 eontentio:
957 4079 1066 4141 iisdem
1083 4084 1264 4141 conticeant.
1281 4080 1543 4153 Quemadmodum
1568 4095 1650 4137 enttu
1669 4080 1814 4153 superbia

386 990 468 1056 CAP.
484 992 554 1055 xtl.

153 1157 274 1222 iteruin
290 1160 330 1222 dc
346 1157 517 1236 charitate,
537 1175 622 1239 quoe
638 1167 687 1222 est
698 1165 793 1226 tertia

329 1320 331 1327 ,
359 1251 578 1323 perspectae.

1289 2077 1370 2141 CAP.
1387 2075 1471 2142 xiil.

1044 2247 1169 2312 Iterum
1180 2247 1220 2310 de
1234 2217 1427 2320 humililate,
1445 2257 1529 2323 qliae
1545 2253 1588 2307 est
1603 2251 1721 2339 qxuortu
1805 2271 1808 2278 ι

1267 2347 1345 2410 pars
1360 2335 1486 2406 portae.

52 4165 234 4236 praesertim
253 4159 392 4221 euaristi
418 4162 594 4238 teutporalta
613 4172 737 4241 propter
762 4162 816 4223 Dei
833 4179 916 4223 amo·

51 4257 118 4303 rent
136 4243 431 4312 contemnentibus,
460 4253 560 4320 parata
578 4247 638 4306 siut
655 4246 733 4306 bana
751 4248 819 4306 siue
835 4263 915 4305 eom·

52 4331 212 4402 paratione
230 4327 315 4402 plura
332 4336 362 4386 et
379 4327 515 4389 uteliora.
535 4325 611 4398 Quia
629 4327 729 4388 enim?
744 4330 856 4388 amittis
872 4329 919 4389 di·

962 4163 1097 4225 nascitur
1114 4179 1147 4226 ex
1164 4161 1408 4241 ignominiasti,
1427 4162 1471 4222 sic
1488 4161 1642 4222 burrtilitas
1659 4177 1695 4219 ex
1712 4164 1817 4236 cogni·

962 4249 1044 4308 tioue
1061 4247 1119 4309 sui.
1139 4247 1196 4307 Cor
1213 4245 1338 4328 ⁴superbi
1352 4245 1438 4305 facile
1453 4247 1534 4306 viaet
1547 4247 1628 4312 vitia,
1642 4259 1719 4319 ortae
1738 4248 1766 4302 iu
1783 4261 1817 4306 se

961 4345 1021 4389 nou
1039 4330 1142 4404 habet,
1160 4338 1190 4389 et
1206 4347 1284 4406 arrae
1298 4331 1393 4412 celeri
1411 4327 1616 4403 habent,ouia=
1629 4334 1701 4387 surtl
1716 4330 1818 4390 omnia

52 4409 142 4468 sitias
158 4412 375 4485 corruptibiles
390 4458 397 4486 ‚
415 4411 569 4486 ,acutrires
595 4413 730 4490 lleguum
756 4411 915 4487 sempiter·
960 4420 1040 4475 extra
1058 4430 1103 4474 se:
1129 4413 1196 4472 vitia
1216 4415 1349 4490 propria,
1369 4417 1505 4488 qttatnris
1522 4427 1613 4488 saepe
1629 4413 1768 4477 oraxiuta,
1788 4416 1819 4471 et

53 4509 147 4552 nunt:
171 4494 284 4554 amittis
301 4502 431 4571 petrem,
456 4501 486 4556 et
502 4492 631 4569 tratres,
660 4506 690 4554 et
706 4495 845 4573 amiros;
869 4515 916 4556 ac·
961 4497 1028 4556 altis
1041 4497 1185 4558 cornibus
1203 4501 1283 4566 nale,
1304 4499 1369 4571 ipse
1384 4511 1442 4554 noo
1461 4496 1551 4563 viaet,
1571 4497 1639 4568 quia
1653 4500 1725 4553 suut
1742 4502 1818 4554 tntra

52 4579 160 4648 autres
177 4575 273 4638 Deum
293 4586 420 4654 patrem,
438 4575 636 4638 etCltristum
655 4579 790 4650 fratrent,
807 4594 916 4641 oatnes
961 4596 1008 4650 se;
1024 4581 1177 4656 utromodo
1202 4580 1310 4640 aculus
1328 4594 1387 4638 nan
1405 4576 1496 4644 viaet,
1521 4594 1599 4650 oeae
1616 4577 1693 4636 iutra
1711 4592 1744 4636 se
1764 4579 1817 4636 ha·

54 4659 194 4737 Angelos
211 4668 240 4720 et
256 4659 384 4722 Sanctus
397 4663 523 4740 ,amieos
546 4671 575 4722 et
591 4662 716 4723 sorios:
741 4661 854 4723 amittis
875 4665 918 4724 ri·
960 4661 1023 4732 bet,
1039 4663 1094 4724 sea
1110 4681 1145 4722 ea
1161 4663 1271 4724 soluto.
1290 4678 1369 4737 quae
1386 4669 1465 4722 entra
1480 4661 1563 4722 tllom
1580 4659 1814 4736 suetraxentpto

54 4750 115 4800 tam
135 4745 333 4820 temporalem
352 4750 382 4805 el
398 4745 564 4815 miseram,
592 4747 735 4818 nequires
760 4750 915 4806 aeternam
962 4747 1053 4805 nobis
1070 4762 1138 4808 esse
1156 4751 1256 4822 potest
1270 4744 1453 4806 Pharisaeus
1470 4743 1521 4803 illo
1545 4747 1595 4820 uui
1614 4747 1726 4817 gratias
1743 4761 1814 4822 age-

54 4832 85 4883 et
103 4825 326 4890 felicissimam.
344 4827 419 4897 liudi
438 4826 595 4889 Canticum
619 4825 737 4908 (Cant.
754 4825 810 4909 8.)
836 4846 917 4889 atuo-
964 4827 1013 4888 bat
1030 4829 1103 4897 lieu,
1122 4831 1202 4904 quon
1216 4846 1277 4890 non
1296 4836 1377 4891 esset
1392 4829 1472 4888 sicul
1487 4828 1579 4887 ceteri
1606 4826 1760 4896 berbices,
1776 4844 1821 4888 ra·

54 4907 98 4968 ris
115 4909 221 4970 diuini:
240 4909 276 4970 Si
291 4911 416 4972 dederit
438 4909 531 4972 fronto
558 4927 686 4972 auretam
701 4911 918 4974 substantiam
964 4917 1079 4988 ptores,
1099 4913 1215 4978 iniusti.
1233 4911 1375 4972 adulteri.
1389 4909 1549 4980 (Laelii.)
1566 4910 1591 4969 is
1604 4924 1687 4968 euim
1700 4909 1821 4969 videbat

56 5007 138 5052 saue
153 4993 267 5056 domos
282 5010 342 5072 pro
359 4995 540 5056 dilectione.
556 4995 652 5072 quusi
666 4995 750 5056 oiltil
766 4997 917 5072 despiciet
962 4995 993 5056 in
1010 5011 1045 5058 se
1063 5011 1123 5058 uon
1135 5010 1211 5056 esse
1228 4993 1331 5055 vitium
1347 4999 1483 5069 raptatae,
1500 4991 1821 5070 injustitiaeadulterii

56 5092 143 5150 eom,
161 5085 191 5137 et
207 5081 297 5152 paula
314 5084 396 5138 ante:
414 5076 525 5156 Aquae
540 5078 660 5139 inuitae
673 5075 916 5158 (tribulationum
964 5080 1018 5139 sed
1037 5095 1096 5138 tion
1114 5078 1235 5138 ridebat
1250 5078 1564 5154 vitragrerioraooac
1580 5077 1662 5136 iulus
1674 5076 1820 5150 latebant,

57 5168 86 5218 et
103 5161 338 5239 augustiarum)
363 5177 430 5223 non
446 5167 622 5238 potuerunt
637 5164 827 5239 eaotiopuere
844 5162 919 5224 cho·
965 5161 1155 5239 superbiam,
1174 5162 1285 5222 mentis
1302 5162 1491 5235 eaecitatem,
1509 5167 1539 5219 et
1555 5161 1820 5231 impoenitentiam

54 5241 201 5319 ritatem,
217 5243 433 5324 necllumioo
449 5245 701 5307 obruentillam.
718 5245 795 5306 Audi
824 5263 917 5306 unum
965 5249 995 5306 et
1012 5245 1081 5305 ideo
1100 5244 1265 5320 publicano
1282 5245 1311 5304 in
1326 5242 1432 5305 eodem
1448 5243 1561 5319 tempto
1574 5245 1670 5303 orsini
1687 5259 1720 5302 se
1737 5259 1822 5318 prae-

56 5343 95 5387 es
112 5327 313 5406 affligentibus
329 5327 450 5389 Deum:
477 5325 551 5402 Quis
576 5345 649 5406 erpo
676 5345 734 5390 nos
749 5330 913 5406 separabit
966 5328 1110 5401 pauebal:
1128 5329 1182 5388 sed
1200 5325 1477 5407 publicanusque
1493 5328 1638 5386 meliores
1650 5326 1756 5386 erulos
1768 5324 1821 5386 ba-

57 5427 78 5469 o
111 5409 268 5473 charitate
292 5411 433 5473 Christi?
455 5409 646 5473 tribulatio?
672 5428 717 5474 an
739 5413 920 5488 capessent
963 5412 1066 5480 bebai,
1083 5411 1204 5472 sitiebat
1219 5415 1248 5472 in
1265 5427 1298 5472 se
1316 5412 1395 5486 sitio,
1414 5419 1443 5470 et
1459 5409 1584 5472 uirtutes
1602 5425 1661 5469 nan
1679 5408 1815 5483 ridebat,-

57 5509 103 5553 oo
116 5493 245 5568 famesf-
256 5513 300 5557 ou
312 5497 470 5558 nuditas?
485 5511 530 5556 oo
542 5495 744 5571 pericolum?
760 5513 804 5557 ao
815 5512 917 5574 perse·
968 5495 1037 5557 ideo
1054 5495 1254 5556 recumbebat
1270 5496 1299 5554 in
1314 5493 1482 5554 novissimo
1499 5493 1579 5568 loeo,
1597 5499 1681 5552 stans
1697 5509 1711 5548 a
1728 5489 1821 5570 longe

59 5579 165 5639 cotiof
177 5595 223 5642 on
233 5579 381 5657 ptoatost
393 5579 455 5641 Sed
466 5578 558 5640 initis
570 5581 919 5656 ornnfbusseperomtts
966 5579 1142 5656 percutiens
1159 5588 1268 5655 pectus
1283 5595 1386 5652 suum,
1401 5583 1431 5636 et
1444 5577 1685 5636 misericordiam
1700 5575 1752 5634 liei
1767 5575 1821 5636 im-

52 5671 190 5749 propter
207 5679 292 5732 eum,
309 5666 367 5742 qui
382 5663 498 5726 dileoelt
514 5678 584 5724 nos.
602 5660 716 5746 (Rom.
733 5661 789 5745 8.)
965 5663 1102 5740 plorans:
1120 5678 1157 5722 ex
1173 5679 1232 5737 quo
1249 5663 1360 5723 lactum
1377 5668 1435 5732 est,
1459 5667 1490 5721 ut
1503 5660 1620 5740 judicio
1636 5655 1689 5718 liei
1704 5657 1821 5720 disces-

100 5747 140 5810 nt
154 5745 329 5829 proximum
344 5745 385 5810 ita
400 5745 542 5826 ailigere,
567 5753 599 5810 ut
614 5749 695 5811 bona
711 5763 778 5811 mea
794 5763 864 5810 cunt
880 5761 918 5810 eo
964 5749 1039 5810 serit
1053 5743 1103 5808 bic
1115 5743 1308 5822 iustificatos,
1326 5747 1378 5808 ille
1393 5744 1587 5824 reprobatus.
1598 5739 1696 5820 Quare
1709 5742 1736 5804 si
1749 5745 1819 5822 quis
