4086 6258
909 501 967 575 DE

495 707 931 904 sueretu
991 729 1387 908 veneis
1532 633 1535 643 ’
1650 873 1653 886 ,

603 1051 629 1120 Α
649 1047 830 1124 cbristo
847 1051 891 1123 IN
908 1045 1045 1127 CRUCE
1062 1050 1271 1126 enotatis

810 1261 934 1316 ιΙΙΙΙΙΙ
952 1263 1043 1314 mlo

706 1777 1155 1909 PRAEFATIO

91 2139 173 2205 Ecce
189 2141 249 2204 lom
266 2147 393 2222 quartus
409 2143 510 2224 agitur
521 2159 635 2220 onnus,
653 2160 722 2208 oum
737 2161 786 2208 me
803 2145 842 2209 ad
859 2145 920 2209 ext·
967 2151 1123 2232 lucrymis
1139 2161 1232 2212 orons
1246 2148 1427 2210 emortditoa
1443 2148 1482 2210 sit
1497 2164 1557 2226 pro
1572 2163 1635 2210 caco
1650 2153 1835 2216 reuerentia

47 2224 113 2282 lom
132 2231 307 2302 paraturus,
324 2227 362 2288 ad
376 2227 478 2289 looum
492 2227 607 2304 quietis
620 2231 744 2290 secreto
758 2245 774 2288 a
789 2229 922 2310 negotiis
967 2242 1000 2297 ul
1016 2234 1183 2312 Apostolus
1199 2231 1335 2308 loquitur
1346 2233 1383 2290 ad
1397 2228 1568 2294 Hebraeos.
1582 2230 1741 2312 (liebri.)
1751 2235 1835 2306 tluoe

5 2345 6 2354 ι
45 2319 175 2380 uacuus,
194 2309 252 2371 sed
276 2323 338 2370 ⁰0¹¹
366 2325 477 2371 lactus
492 2326 508 2371 ³
525 2309 726 2372 meditatione
750 2309 922 2388 Soripluro·
967 2333 1039 2380 reru
1056 2331 1170 2394 possus
1187 2318 1235 2376 est
1259 2312 1290 2374 io
1319 2328 1435 2388 eruce,
1466 2317 1550 2375 tanto
1574 2314 1689 2375 maiora
1704 2326 1776 2376 suot
1793 2317 1832 2380 iis

5 2413 7 2452 ι
45 2401 116 2449 rom
132 2397 322 2467 sanctarum,
341 2398 370 2452 ei
386 2409 401 2451 o
418 2391 588 2470 scriptione
603 2407 808 2469 eorumquae
825 2393 921 2455 medi·
967 2414 1047 2476 oriae
1063 2403 1093 2460 io
1110 2398 1231 2473 reliqua
1248 2394 1304 2456 ritu
1323 2409 1434 2472 passus
1457 2399 1527 2465 est,
1552 2399 1585 2456 ui
1613 2395 1689 2458 baeo
1715 2398 1780 2460 solo
1796 2397 1835 2459 ad

5 2485 7 2530 t
46 2474 122 2530 tanti
137 2483 326 2534 oocurruol:
347 2477 381 2534 ut
402 2475 429 2535 sl
451 2475 602 2553 prodesse
618 2476 676 2538 iam
694 2489 769 2536 roco
782 2476 828 2536 rel
844 2478 921 2537 sori·
968 2483 1143 2560 passionem
1161 2476 1285 2556 proprie
1312 2476 1468 2554 pertinere
1495 2477 1667 2539 rideantur.
1692 2476 1835 2557 Denique

5 2593 7 2612 .
46 2555 345 2635 pttooelongaoon
370 2556 920 2634 raleo,sattempiislibettislratri·
966 2565 1055 2641 signa
1075 2569 1105 2624 et
1122 2560 1261 2640 prodigia
1285 2575 1453 2636 numquam
1470 2559 1585 2621 maiora
1604 2559 1833 2637 edidit,quam

5 2665 7 2704 ι
44 2631 108 2696 bus
132 2639 210 2698 meis
238 2640 356 2714 possim
381 2645 550 2716 utcumque
575 2639 740 2714 prodesse.
768 2638 918 2717 Cogitanti
965 2646 1080 2710 cornio
1104 2659 1197 2706 cruoe
1220 2642 1312 2704 ueluti
1336 2641 1372 2701 ad
1396 2646 1563 2702 extromum
1586 2639 1832 2706 imbecillitatem

5 2747 7 2788 ι
47 2730 120 2778 roro
140 2718 228 2795 mibi,
243 2718 315 2796 quid
334 2721 529 2796 potissimum
546 2722 709 2800 eligerem,
724 2724 806 2798 ouod
824 2728 856 2784 et
871 2737 921 2788 me
965 2735 1057 2806 ulouo
1074 2726 1282 2790 inllrmitnlem
1299 2724 1443 2784 redactus
1465 2737 1538 2784 esse
1562 2720 1729 2786 uideretur.
1746 2723 1834 2788 Touo

5 2829 7 2874 ι
46 2802 84 2858 ³⁰
99 2799 182 2862 oeae
199 2804 394 2863 naoaranuum
412 2801 604 2877 disponeret.
628 2809 659 2864 el
672 2803 822 2882 proximis
838 2805 916 2867 meis
965 2814 1048 2874 aaran
1066 2826 1126 2872 aon
1140 2803 1490 2883 soramosrcnaosrgna
1504 2803 1833 2888 denominando.)

47 2881 84 2938 od
102 2882 186 2945 bene
203 2883 366 2946 uisendum
385 2883 570 2962 prodesset3
594 2884 728 2947 occurrit
751 2901 834 2948 mors
850 2888 917 2963 ipsa
965 2911 1045 2970 uuae
1061 2899 1149 2954 euleu
1165 2889 1274 2954 Judoel
1291 2887 1329 2948 ab
1346 2902 1384 2948 oo
1399 2886 1575 2965 importune
1589 2890 1759 2965 perierant:
1776 2893 1833 2954 sed

46 2962 184 3040 Domini,
202 2973 295 3045 alque
313 2967 363 3028 ¹¹¹⁸
381 2967 780 3045 li⁰⁵¹l0¹1¹lllitissi02l0am
797 2975 917 3047 septem
964 2977 1057 3040 etiarn
1076 2975 1169 3052 paulo
1186 2976 1257 3052 post
1271 2969 1395 3047 siguum
1412 2969 1508 3030 edidit
1520 2973 1657 3031 omnium
1671 2970 1833 3049 signorum

47 3046 256 3121 brevissimis,
269 3048 325 3111 sed
338 3048 531 3128 pravissimis
543 3050 709 3112 sententiis
725 3057 917 3112 constantem
964 3059 1144 3132 maximum,
1162 3070 1232 3116 oum
1251 3059 1390 3113 mortuus
1406 3056 1438 3112 et
1451 3051 1607 3130 sepultus,
1633 3052 1757 3128 propria
1772 3054 1832 3116 vif.

47 3145 84 3188 ex
102 3132 307 3207 eruco,ouasi
326 3148 363 3194 ex
380 3131 553 3195 editissima
568 3126 918 3212 cartradraitc'rternptor
965 3146 1029 3203 tute
1045 3139 1084 3200 ob
1099 3137 1210 3201 inieris
1225 3135 1329 3207 rediit,
1346 3137 1376 3194 ot
1391 3147 1506 3211 eorpus
1531 3132 1602 3212 ipse
1627 3149 1718 3198 suum
1735 3133 1772 3196 ad
1789 3135 1832 3197 vr.

49 3213 157 3274 mundi
174 3216 210 3274 ad
229 3215 397 3276 bumauum
414 3230 514 3294 genus
530 3216 708 3277 uniuersum
732 3216 861 3285 babuit.
878 3217 918 3279 si·
964 3227 1038 3294 tarn,
1055 3225 1086 3285 el
1107 3220 1197 3282 ritum
1222 3215 1427 3280 immortalem
1452 3221 1618 3277 reuocant.
1644 3214 1723 3280 lere
1739 3217 1833 3294 igitur

50 3295 175 3369 quidem
194 3297 225 3356 in
243 3298 397 3359 concione
413 3297 478 3372 illa,
495 3297 561 3360 stre
578 3299 608 3358 in
625 3304 746 3374 septem
764 3298 867 3360 verbis
882 3302 917 3360 il·
964 3304 996 3368 in
1020 3319 1113 3366 cruce
1136 3304 1349 3367 consummata
1373 3303 1448 3358 sunt
1467 3297 1590 3372 omnia,
1615 3313 1695 3374 quae
1717 3298 1832 3378 scripta

49 3374 100 3448 lis,
119 3379 320 3441 eontinentur
335 3379 437 3441 omnia
453 3425 461 3446 .
485 3380 654 3456 dequibus
671 3379 750 3442 idem
768 3379 919 3446 Dominus
965 3389 1090 3452 luerunt
1106 3399 1161 3464 per
1174 3381 1345 3461 Prophetas
1360 3380 1399 3441 de
1416 3377 1495 3440 lilio
1510 3377 1659 3442 bominis.

49 3456 100 3517 ait:
118 3458 200 3522 nece
215 3461 424 3525 ascendimus
441 3460 703 3543 ierosolymam,
727 3471 755 3524 ct
768 3478 916 3526 cousum-
1006 3467 1066 3531 Sed
1084 3473 1247 3546 autequam
1264 3461 1397 3538 deipsis
1420 3461 1523 3522 serbis
1545 3459 1670 3523 Ilomini
1692 3459 1833 3525 scribere

47 3541 228 3604 mabuntur
240 3545 365 3619 omniu,
379 3558 466 3622 quoe
477 3541 598 3622 scripto
610 3547 687 3607 aunt
702 3561 761 3623 per
776 3543 916 3623 Prophe·
965 3551 1110 3629 incipiom
1126 3597 1134 3622 ,
1160 3547 1258 3610 risum
1282 3552 1329 3608 esi
1345 3557 1459 3622 operae
1484 3543 1616 3618 pretium
1632 3586 1640 3612 ,
1659 3548 1691 3604 ut
1707 3542 1746 3605 de
1763 3544 1830 3619 ipsa

48 3627 98 3683 ¹⁰⁸
113 3624 154 3686 αθ
169 3625 254 3687 uitro
270 3625 425 3688 minimi·
440 3625 532 3704 (tec.
549 3625 616 3704 21·)
630 3625 668 3688 ¹3³
686 3643 765 3704 (illle
782 3626 916 3705 Prophe·
964 3650 1069 3708 eruce,
1087 3646 1168 3710 ouao
1183 3627 1278 3691 sedes
1293 3625 1530 3696 concionantis,
1556 3630 1587 3685 et
1601 3625 1696 3686 altare
1714 3625 1831 3686 sacriti-

48 3708 96 3765 tae
116 3705 155 3768 de
175 3706 295 3771 cbristo
313 3707 410 3769 lutura
424 3707 656 3787 praedixerunt,
673 3710 710 3768 ad
728 3715 917 3787 quatuoroa·
964 3717 1074 3790 cantis,
1093 3720 1124 3777 et
1136 3711 1268 3776 stadium
1287 3708 1465 3788 pugnantis,
1483 3712 1513 3768 el
1529 3703 1651 3768 olliciua
1675 3704 1829 3768 mirabilia

49 3785 109 3861 pita
123 3797 320 3865 resecantem
337 3791 373 3851 ad
391 3791 560 3852 conciones
575 3789 613 3851 ad
630 3790 834 3868 populumorl
850 3809 917 3854 ora·
964 3797 1105 3859 lacteolis
1121 3794 1188 3864 luit,
1207 3808 1303 3870 pauco
1320 3789 1479 3852 dicamus.¹
1495 3787 1538 3849 lle
1555 3792 1709 3850 structura
1737 3788 1832 3866 igitur

51 3868 165 3931 tionem
183 3875 219 3933 ad
237 3873 381 3944 Patrem,
408 3871 445 3933 ad
471 3871 548 3932 mala
572 3871 755 3950 grarissima
772 3874 916 3950 patienda
963 3881 1066 3942 crucis
1079 3875 1273 3940 communior
1288 3879 1424 3934 aeterum
1441 3870 1595 3931 sententia
1615 3875 1675 3942 est,
1692 3869 1776 3945 ouod
1794 3885 1832 3932 ex

49 3956 79 4009 et
94 3953 132 4014 ad
148 3969 243 4030 opera
259 3954 402 4018 sublimio
425 3960 456 4016 et
478 3954 668 4015 admirabilia
696 3957 915 4038 perpetranda.
964 3962 1063 4023 tribus
1080 3959 1173 4040 lignis
1186 3953 1368 4026 eonstiterit,
1387 3968 1451 4014 uuo
1466 3951 1614 4031 oblongo,
1633 3952 1665 4012 in
1683 3965 1745 4027 quo
1761 3967 1831 4014 θοι.

50 4031 133 4104 Quae
148 4035 272 4110 uuluam
290 4036 392 4098 omnia
415 4035 445 4095 in
469 4034 535 4113 ipsa
563 4033 674 4098 christi
702 4037 760 4096 otta
787 4036 917 4101 mirilico
964 4059 1023 4120 pus
1039 4039 1176 4105 oruoillxi
1194 4037 1439 4112 extendebatur3
1455 4033 1552 4094 allero
1579 4040 1779 4109 transuerso,
1796 4036 1828 4096 ln

51 4114 493 4180 claruerunt.Gonciooabalur
508 4116 590 4179 enirn
609 4117 759 4180 llomious
774 4119 916 4194 ireoueo·
963 4140 1025 4202 quo
1039 4139 1148 4186 monus
1162 4116 1441 4200 dgebaolumterlio
1457 4113 1547 4176 allino
1562 4113 1600 4177 ad
1618 4121 1736 4192 partem
1751 4114 1831 4178 lule·

50 4198 180 4276 tissime,
196 4200 372 4278 intemplo,
387 4202 417 4261 to
431 4201 643 4280 synagogisdu
657 4201 823 4276 eampisio
837 4201 916 4265 tocls
962 4205 1087 4281 riorem,
1112 4205 1143 4268 io
1163 4219 1224 4281 ouo
1248 4201 1346 4280 pedes
1369 4195 1506 4260 crucillxi
1519 4195 1741 4274 ouiesoebaol,
1766 4195 1824 4260 sed

49 4280 194 4358 desertis,
220 4284 251 4342 in
268 4281 415 4345 domibus
435 4281 585 4360 priuatis,
610 4281 746 4359 denique
768 4283 860 4345 etiam
877 4283 916 4346 do
963 4287 1058 4351 elaris
1074 4285 1210 4358 ooobxi,
1239 4299 1277 4345 ne
1300 4280 1447 4343 dimoveri
1466 4285 1607 4356 possent.
1635 4277 1679 4338 lta
1708 4277 1831 4340 tradunt

50 4363 190 4427 uaricula
206 4364 243 4427 ad
269 4365 377 4428 turicas
399 4365 430 4428 in
453 4365 555 4426 littore
577 4363 799 4428 consistentes.
823 4365 916 4429 Porro
963 4371 1068 4433 Patres
1084 4359 1584 4440 aotiouisslmi,sanctustustinus
1600 4355 1831 4442 (initiatorem

50 4451 157 4508 noctes
185 4448 400 4526 utplurimum
428 4447 633 4510 consumebat
659 4447 689 4508 in
718 4452 858 4510 oratioue
874 4449 913 4511 ud
965 4452 1132 4534 prplroo.
1150 4449 1204 4512 lib.
1220 4443 1265 4602 53
1281 4451 1311 4508 et
1325 4449 1450 4507 saucius
1465 4440 1624 4504 Irenaeus.
1649 4439 1827 4524 (Aduersus

49 4524 159 4601 Deum,
177 4529 223 4591 sio
239 4533 322 4592 enirn
340 4527 786 4609 loquiturllvaogelisrazdrm
798 4545 914 4610 perno-
962 4527 1232 4609 boereovoleot.)
1268 4529 1297 4591 ui
1314 4532 1455 4589 auctores
1467 4525 1543 4588 satis
1555 4528 1659 4618 aperte
1674 4523 1827 4600 indicant,

50 4615 140 4672 clerte
153 4611 192 4675 io
206 4614 353 4674 erutione
370 4612 439 4674 lici.
457 4606 547 4692 (buo.
559 4609 589 4673 6.
603 4616 632 4673 et
645 4609 712 4694 et.)
728 4611 826 4689 Opera
843 4628 914 4674 vero
963 4621 1127 4692 utrumque
1144 4613 1255 4692 pedem
1275 4625 1367 4686 supra
1384 4605 1555 4670 scabellum
1583 4612 1732 4701 stetisse,
1761 4620 1825 4668 noo

50 4691 225 4756 admiranda
244 4692 368 4778 (Molli.
393 4693 425 4757 8.
442 4695 542 4757 More.
565 4695 597 4755 t.
614 4693 691 4755 Luc.
708 4693 739 4756 d.
753 4693 849 4758 Jooo.
867 4689 915 4777 o.)
961 4715 1056 4761 unum
1074 4695 1185 4772 pedem
1200 4707 1296 4771 super
1308 4692 1449 4761 alterum,
1466 4687 1510 4749 Ex
1525 4702 1587 4766 quo
1603 4688 1828 4765 sequuturmla·

52 4775 80 4833 in
97 4776 294 4854 expellendis
309 4778 527 4853 daemonibus,
546 4780 577 4837 et
592 4775 728 4854 aegrotis
744 4778 912 4853 curandis,
961 4796 1016 4843 ros
1033 4778 1144 4842 Gbristi
1162 4782 1295 4856 quotuor
1308 4773 1429 4846 luisse,
1455 4784 1518 4831 nou
1545 4775 1608 4866 tres
1635 4774 1776 4864 tantum,
1792 4773 1827 4832 ut

51 4859 80 4917 el
94 4858 227 4933 panibus
239 4857 530 4934 multiplicandis,ot
545 4859 786 4936 tempestatibus
802 4857 913 4922 sedan·
962 4863 1048 4923 multi
1066 4855 1309 4932 existimaououi
1327 4871 1361 4915 ea
1378 4853 1417 4916 de
1429 4867 1522 4914 causa
1536 4860 1657 4930 progurl
1671 4847 1827 4913 Cbrrsium

50 4935 109 5010 dis,
123 4938 154 5000 io
172 4939 349 5021 Euangelils
364 4940 509 5020 leguntur
521 4939 648 5018 possim.
662 4939 804 5017 Denique
821 4942 912 5015 malo,
962 4943 1125 5005 bominum
1142 4943 1181 5003 ito
1198 4939 1281 5002 cruci
1298 4935 1432 5005 altlruru,
1449 4938 1481 5029 ul
1497 4949 1590 4995 unurn
1606 4932 1832 5028 pedem'super

50 5035 127 5098 quae
142 5023 355 5087 reddebantur
369 5022 398 5084 ei
415 5036 469 5099 pro
485 5020 724 5101 bouis‚plurlma
742 5028 840 5096 erant,
851 5039 913 5085 nou
961 5027 1089 5088 alterurn
1107 5023 1229 5085 babeat.
1247 5020 1306 5084 Sed
1321 5019 1518 5093 apertissime
1531 5022 1635 5077 eontra
1650 5019 1744 5078 seolrt
1757 5013 1832 5078 Gre-

51 5101 151 5164 solum
167 5103 199 5166 iu
215 5103 415 5169 coutumeliis
430 5104 607 5177 uerborum,
625 5101 854 5188 (loonMuo.
867 5103 914 5187 l.)
962 5109 1067 5180 purius
1082 5105 1267 5170 Turouieus.
1286 5099 1368 5186 (bib.
1383 5101 1424 5162 de
1439 5097 1551 5194 Gloria
1561 5097 1742 5194 Martyrum
1752 5111 1830 5192 cop.

51 5185 107 5264 sed
124 5187 216 5249 etlam
232 5187 264 5250 lu
280 5185 490 5268 lapidatione,
514 5191 546 5248 et
561 5186 753 5263 praecipitio.
770 5185 911 5250 Celerum
961 5189 1007 5270 ii.)
1019 5196 1050 5252 et
1064 5187 1263 5250 confirmatur
1275 5187 1343 5246 etus
1356 5187 1509 5275 sententia
1523 5180 1561 5276 ab
1575 5186 1711 5258 uotaqurs
1728 5187 1827 5254 protu-

51 5267 126 5331 baec
142 5270 244 5332 omnia
258 5271 421 5334 uerissime
438 5274 650 5331 consummata
673 5275 746 5331 suot
760 5268 791 5330 iu
808 5283 912 5334 cruce.
961 5272 1016 5334 ris.
1033 5271 1100 5333 vidi
1116 5284 1174 5350 epo
1192 5269 1258 5348 ipse
1274 5265 1401 5328 Parisiis
1417 5266 1446 5358 io
1460 5261 1650 5324 brblrotbeca
1665 5260 1755 5358 llegla
1772 5275 1826 5354 ou·

52 5347 99 5410 Sic
117 5351 198 5413 enirn
216 5353 419 5415 concionatus
435 5354 484 5413 ost
499 5365 534 5413 er
553 5366 657 5413 cruce.
675 5346 781 5433 (Luc.
797 5349 865 5432 23.)
880 5360 913 5414 ut
961 5354 1154 5432 liquissimos
1171 5348 1406 5427 liraugellorum
1423 5343 1776 5440 irbrosmanuserrpios,
1793 5355 1826 5402 ro

51 5433 174 5508 plurimi
190 5433 327 5498 redirent
338 5433 505 5497 tundentes
519 5437 639 5510 peoloro
654 5449 722 5512 sua3
738 5448 796 5497 ooo
811 5433 913 5496 solum
959 5437 1074 5514 ouibus
1086 5438 1190 5512 pictus
1202 5439 1267 5496 erat
1278 5426 1607 5508 lreqoenleerrrstus
1619 5421 1784 5488 cruorllrus
1797 5428 1830 5486 et

51 5515 139 5578 corda
152 5515 326 5594 bominum,
343 5517 401 5579 sed
419 5515 510 5578 eliam
529 5522 634 5591 petrae
646 5516 765 5580 scissae
780 5514 915 5580 alnisio
961 5532 1086 5595 semper
1102 5532 1172 5578 cum
1189 5519 1321 5592 quatuor
1334 5508 1442 5572 elaris.
1807 5587 1813 5600 ι

52 5599 139 5660 etiam
156 5599 250 5662 orarit
265 5603 295 5662 tn
313 5614 429 5675 eruoe,
453 5603 486 5661 ut
507 5612 582 5662 eum
602 5597 743 5663 emouere
757 5597 868 5663 uolido
884 5603 914 5662 ct
1003 5601 1097 5665 torro
1112 5599 1232 5679 lignum
1248 5593 1416 5674 oblongum
1434 5607 1526 5671 supra
1549 5593 1758 5654 transuersum
1775 5588 1830 5652 alr·

154 5700 310 5760 uaricum
324 5701 354 5759 V.
370 5701 413 5760 Vl.
1182 5742 1187 5752 .
1652 5687 1683 5745 at
