4086 6258
759 358 865 419 LIBER
881 351 1066 419 SECUNDUS
1654 361 1708 421 413

14 531 15 538 ι
35 484 203 566 'Propbe‘ta
227 487 361 580 praedici
384 491 478 553 roluit
492 493 530 554 'in
553 497 683 574 persona·
699 491 811 572 ¹Christi
826 516 834 576 ;
851 504 881 560 et
925 495 1184 558 contristaretur?
1197 493 1288 578 (Luc.
1304 491 1372 576 23.)
1386 494 1431 557 dn
1447 509 1510 556 non
1525 494 1616 558 ctiam
1631 493 1781 557 mulieres

14 570 77 644 psi
99 571 232 636 Domino
256 573 331 636 lesu
357 573 476 658 cbristo
490 574 662 655 inspirarit,
678 583 712 640 ιιι
726 579 762 641 ad
778 595 880 643 crem·
924 578 1006 656 illae,
1024 577 1234 658 sequebantur
1250 579 1410 641 Dominum
1426 578 1465 641 ad
1481 583 1613 640 montem
1629 575 1783 640 balnariae

14 651 103 716 rlurn
128 657 294 734 patientiae
309 656 535 722 lldetibussuls
552 669 656 740 notum
669 662 879 727 laceret'hunc
925 664 1104 742 plangentes
1120 679 1203 740 eum,
1220 680 1303 740 rere,
1321 663 1413 725 simul
1429 678 1497 725 oum
1511 677 1548 723 eo
1560 660 1780 724 contristaban-

14 751 132 802 rovum
148 745 177 802 et
192 741 427 804 acerbissimum
443 743 813 828 cruciatum.binitcrgo,
832 748 881 812 sc·-
927 746 999 808 turl
1024 749 1170 825 dentone,
1202 763 1305 809 noane
1334 746 1468 825 tpostoti
1498 759 1606 806 omnes
1629 743 1784 820 passionis

14 821 71 892 io,
92 825 123 884 id
137 827 194 898 est,
212 823 315 886 deficit
327 825 389 904 jam
407 827 437 886 in
455 843 547 888 carne
565 845 631 891 area
645 831 754 892 burnor
766 834 879 894 omnis:
926 837 1065 907 ternpore
1079 829 1288 902 tristabantur,
1306 847 1377 891 cnm
1389 829 1433 893 eis
1456 827 1595 893 Christus
1616 827 1682 903 ipse
1697 841 1784 903 prae-

14 911 168 969 rruerunt
189 924 296 982 aenae,
314 910 523 988 anuitlingua‚
540 913 778 991 antipatriam,
796 933 882 978 arue-
926 912 1065 976 dixisset.
1094 913 1176 989 Quia
1196 913 1366 994 plorabitis
1388 918 1416 974 ct
1429 911 1623 992 flebiliores,
1639 910 1782 972 naama

14 997 89 1049 ‘unt
106 991 222 1057 lauces.
240 997 387 1055 aruerunt
402 994 547 1055 interiora
560 1000 661 1058 omnia
676 1013 685 1056 t
702 998 814 1077 siquis
831 1017 879 1062 mc
927 1004 1035 1059 autem
1055 997 1193 1076 parabili
1218 999 1229 1074 (
1246 998 1341 1060 loon.
1371 995 1420 1059 lli.
1437 995 1450 1078 )
1466 994 1598 1058 Omnino
1625 994 1782 1054 contrista·

14 1069 194 1136 *eloaittare
209 1075 306 1155 c'apit,
321 1077 427 1153 patum
443 1075 561 1138 offerat.
927 1081 1054 1141 bantur:
1072 1082 1126 1142 sed
1144 1095 1205 1142 non
1218 1083 1310 1144 simut
1326 1098 1395 1142 oum
1409 1078 1537 1140 bomino
1549 1077 1781 1153 contristantnr3

54 1155 231 1246 Audiamus
248 1177 330 1220 nunc
346 1175 436 1234 ouem
451 1168 555 1238 potum
573 1160 616 1221 ilii
633 1162 882 1241 obtulerint,oul
927 1167 997 1238 quia
1027 1178 1088 1225 non
1112 1166 1220 1226 cadem
1248 1173 1312 1224 erat
1341 1165 1480 1225 tristitiae
1495 1177 1586 1223 eausa
1603 1161 1649 1221 rel
1663 1160 1738 1220 ratio
1752 1158 1784 1220 in

14 1243 104 1301 unni
130 1239 281 1302 astabant.
303 1241 360 1304 l’os
375 1259 448 1320 crgo
465 1247 534 1306 erat
548 1247 792 1322 positum'acato
816 1250 881 1328 plc-
927 1245 1058 1320 Christo,
1087 1254 1116 1307 et
1143 1249 1172 1306 ia
1199 1247 1280 1309 aliis.
1298 1248 1446 1309 Dominus
1459 1246 1540 1308 enim
1557 1244 1619 1306 ait:
1638 1241 1786 1304 Sustinui

14 1321 112 1385 rbem:
129 1323 301 1388 litlanton
315 1327 486 1405 spongiam
500 1327 632 1404 plenum
645 1337 733 1394 aceto
745 1332 881 1412 ipssopo
927 1331 985 1409 qai
999 1329 1097 1392 simul
1111 1332 1368 1401 contristaretur,
1386 1337 1414 1392 et
1428 1343 1497 1392 non
1507 1327 1588 1404 luit:
1606 1333 1635 1387 ct
1646 1326 1704 1404 gni
1714 1339 1789 1387 con·

14 1403 310 1500 §rcumpone'ntca
333 1409 518 1472 obtulerunt
541 1415 591 1496 ari
606 1414 687 1490 ejus.
704 1414 727 1477 0
744 1417 883 1478 consola·
927 1412 1096 1483 solaretur,
1114 1418 1222 1476 cinon
1236 1415 1359 1476 inueni.
1377 1411 1475 1492 (Psoi.
1491 1410 1543 1473 68.
1566 1409 1613 1470 lllr
1627 1407 1787 1470 tristaban-

14 1493 186 1553 mnemia
200 1493 412 1570 refrigerium!
427 1495 497 1556 llrat
512 1496 553 1555 ibi
570 1513 622 1556 ras
637 1504 725 1559 aceto
742 1501 881 1576 plenum,
927 1503 976 1556 tur
1000 1497 1038 1556 de
1065 1497 1211 1574 passione
1238 1504 1269 1558 et
1298 1501 1394 1558 morte
1415 1494 1527 1556 Christi
1543 1493 1694 1572 corporali
1709 1509 1717 1553 :
1734 1491 1786 1554 illc

14 1574 104 1649 ruod
119 1576 245 1656 noxium
262 1581 311 1639 est
323 1576 514 1652 vulneribus,
528 1583 558 1639 ct
570 1586 698 1641 mortem
711 1577 885 1646 accelerare
927 1594 987 1639 non
1005 1581 1044 1640 de
1059 1579 1117 1640 bac
1132 1596 1166 1643 re
1183 1579 1368 1654 tristabatur,
1387 1580 1446 1641 nisi
1460 1579 1497 1639 ad
1513 1578 1605 1639 breve
1620 1583 1741 1652 tempus
1754 1573 1788 1636 iu

14 1657 111 1730 rotet,
132 1665 222 1731 atoue
237 1677 272 1735 ea
285 1660 428 1721 decausa
442 1661 483 1722 ibi
496 1663 746 1738 conservabatur,
761 1673 792 1726 ut
805 1663 882 1728 mor'·
928 1663 1027 1734 borlo,
1056 1669 1088 1723 ιιι
1113 1679 1147 1723 se
1164 1678 1236 1725 aare
1263 1665 1419 1724 bominem
1445 1662 1680 1723 demonstrare:
1698 1660 1790 1721 immo

14 1748 76 1800 em
92 1742 178 1803 crull
193 1741 291 1804 alllxis
304 1745 499 1806 acceleraret.
515 1743 603 1807 Certe
615 1756 742 1809 sanctus
755 1748 883 1828 cyrillus
928 1745 1068 1806 dicebat:
1091 1745 1256 1808 desiderio
1282 1746 1466 1809 desiderari
1479 1745 1539 1806 boc
1558 1744 1682 1821 pusello
1696 1753 1789 1802 murt·

20 1823 159 1887 dbunc
171 1826 275 1887 lotum
292 1826 333 1887 ita
348 1827 471 1904 scripit:
490 1829 549 1888 Pro
560 1831 698 1906 iuuante
720 1840 749 1893 et
764 1834 882 1907 incrta·
929 1829 1052 1890 dracone
1064 1829 1230 1893 babucum
1245 1837 1421 1908 antequam
1435 1827 1556 1907 patior.
1571 1821 1745 1907 (Lucan)
1761 1829 1792 1885 et

14 1906 59 1966 do
88 1915 179 1986 polu,
196 1914 363 1971 nocentem
379 1919 407 1971 et
423 1911 576 1974 acerbum
590 1911 785 1978 obtulerunt.
801 1912 883 1994 (lib.
930 1913 1090 1974 aliotaco:
1122 1914 1158 1976 Si
1183 1914 1363 1992 diligeretis
1387 1929 1449 1981 rne,
1465 1907 1788 1990 panderetisutigue,

14 1988 64 2051 ιΞ.
99 2009 173 2070 cap.
204 1989 254 2054 35.
271 1993 321 2056 tn
344 1992 440 2056 loon.
459 1995 470 2070 )
486 1995 520 2054 Et
537 1996 595 2057 hoc
617 1997 687 2058 ideo
703 2000 885 2074 credibilius
930 1996 1010 2074 orric
1030 1997 1114 2057 uado
1137 1999 1182 2060 orl
1204 1999 1341 2059 Patrem.
1359 1996 1466 2072 (loon.
1481 1990 1549 2074 tl.)
1563 1991 1721 2066 Quaenam
1737 1991 1792 2068 lgi-

17 2074 175 2151 additor,
193 2078 274 2153 quod
289 2085 416 2139 sanctus
428 2079 524 2139 lnaas
537 2080 652 2140 scribat
664 2083 694 2141 in
708 2081 884 2161 Evangelio:
930 2086 979 2140 tur
995 2085 1058 2139 erat
1074 2095 1165 2141 causa
1182 2081 1320 2143 tristitiae
1334 2080 1478 2153 Domino,
1490 2081 1522 2138 in
1538 2091 1597 2154 qua
1612 2073 1705 2136 simul
1721 2088 1793 2134 con·

14 2155 306 2222 lludcbctoutem
322 2161 353 2221 ei
368 2169 396 2222 ct
410 2163 527 2224 milites
543 2179 582 2225 ac
599 2165 755 2231 cedentes.
773 2175 801 2227 et
816 2183 886 2230 ace·
932 2162 1089 2224 tristantes
1115 2179 1176 2223 troo
1206 2164 1350 2224 inveniti
1379 2163 1509 2241 perditio
1530 2160 1714 2230 animatum)
1737 2171 1793 2234 rto

14 2253 90 2303 tem
115 2241 281 2323 offerentes
296 2243 338 2305 ei.
354 2241 721 2329 (transiundantur
738 2251 796 2310 boc
811 2251 887 2312 scri·
931 2247 1044 2321 natibus
1056 2295 1060 2306 .
1074 2247 1256 2321 patiebatur.
1274 2245 1311 2307 Ει
1333 2263 1411 2320 quaa
1427 2252 1492 2308 arat
1506 2259 1597 2305 causa
1610 2239 1793 2303 consolatio·

14 2330 70 2385 rat
97 2335 225 2388 sanctus
251 2326 350 2389 bucas
366 2332 406 2389 de
421 2327 541 2391 Christo
558 2333 886 2416 recenscruciaffi103
931 2329 992 2402 nis,
1004 2331 1040 2396 ,in
1056 2345 1114 2406 qua
1132 2332 1345 2392 consolantem
1362 2345 1423 2390 non
1439 2327 1569 2402 loronii,
1586 2326 1645 2385 nisi
1658 2323 1795 2416 salusa·

14 2420 128 2470 amen
152 2411 302 2473 credibile
318 2415 376 2487 est,
394 2412 463 2474 illos
477 2414 564 2490 ipsos
580 2413 705 2487 milites,
722 2433 790 2478 cum
806 2415 888 2479 audi·
932 2413 1082 2472 ninrarum
1098 2429 1106 2486 ;
1123 2429 1214 2487 auam
1231 2412 1379 2474 sitiebat?
1393 2411 1479 2472 Hanc
1496 2424 1586 2471 unam
1609 2406 1794 2468 consolatio·

14 2495 358 2571 rerunt-clamantem,
387 2493 479 2566 Sitia,
508 2503 578 2556 tunc
593 2505 710 2559 acetum
730 2516 784 2575 par
796 2517 887 2580 spon·
933 2511 1004 2554 nem
1021 2496 1198 2570 quaerebat,
1213 2496 1292 2557 bano
1304 2497 1439 2574 optabat,
1453 2494 1534 2555 banc
1557 2489 1723 2561 esuriebat,
1737 2487 1795 2552 sed

14 2574 102 2650 riam
131 2583 161 2639 et
191 2579 341 2638 calamum
358 2578 496 2654 dedisse,
514 2582 594 2656 quod
612 2588 700 2642 antea
723 2583 889 2645 illudentes
934 2579 1035 2638 datum
1060 2587 1108 2639 est
1131 2583 1159 2638 ni
1176 2579 1217 2640 tel
1240 2579 1270 2640 tn
1287 2595 1402 2652 estam,
1420 2583 1451 2640 ⁰¹
1473 2580 1591 2638 acetum
1618 2574 1650 2634 ¹¹¹
1676 2577 1795 2647 potum.

14 2656 211 2722 rbtoleraat.
238 2659 696 2740 1διιιιιιιιιιιει,ιιιίιιιιιιιιιιιιιιο
719 2673 789 2728 anta
805 2671 888 2728 cruci
933 2659 1026 2722 Follis
1050 2663 1130 2722 enim
1148 2663 1318 2723 amaritudo
1343 2671 1467 2738 peccata
1493 2655 1658 2737 signidem,
1681 2655 1796 2734 auibus

14 2735 209 2812 rfflnioncm,
227 2745 406 2806 obtulerunt
422 2749 524 2806 ninum
543 2746 614 2806 letle
630 2748 753 2810 mistum
773 2769 781 2821 ;
798 2753 844 2812 sic
858 2750 888 2810 in
934 2745 1010 2804 nibil
1027 2752 1074 2805 est
1096 2747 1229 2807 amarius
1245 2747 1286 2820 ci,
1304 2745 1357 2823 oui
1372 2759 1499 2808 sensum
1516 2738 1661 2821 gustandi
1682 2738 1795 2802 babeat

14 2827 106 2886 irritu
132 2827 210 2888 ritae
225 2835 345 2890 acetum
363 2828 485 2890 noxium
504 2830 684 2893 vulneribus
699 2833 888 2903 obtulerunt,
934 2843 995 2887 non
1008 2826 1154 2889 intectum
1166 2829 1216 2890 rel
1229 2829 1439 2905 depravatum:
1453 2828 1529 2888 aceti
1547 2837 1618 2886 rero
1630 2823 1796 2886 acrimonia

14 2905 129 2984 [Hali.
158 2908 226 2991 tt.)
253 2917 285 2972 ιιι
309 2929 325 2971 a
352 2911 505 2988 principio
532 2929 631 2991 usque
660 2915 698 2976 ud
722 2915 813 2977 linem
830 2923 889 2976 tota
935 2910 982 2970 rel
997 2910 1159 2992 acerbitas,
1178 2911 1416 2974 obstinationem
1433 2908 1794 2990 significatinpccaato:

14 2989 139 3054 inrisu
167 2993 271 3072 passio
286 2993 379 3056 luerit
393 2994 523 3072 simplex
540 3001 571 3056 et
585 3012 654 3060 uera
670 3001 787 3076 passio,
806 2999 888 3062 nulla
935 2994 1065 3070 proinde
1088 2997 1197 3056 merito
1213 2994 1351 3058 cbristus
1375 2997 1553 3056 tristabatur
1574 2991 1645 3069 quin
1660 2989 1795 3066 ridebat,

14 3076 241 3140 ransolntlonc
257 3079 390 3140 admixta
406 3069 516 3160 (loon.
534 3079 600 3160 tt.)
935 3091 990 3153 pro
1014 3092 1075 3138 urio
1092 3077 1209 3140 latrone
1232 3094 1394 3152 converso,
1412 3093 1472 3139 non
1490 3077 1591 3138 sotum
1607 3073 1734 3135 alterum
1750 3071 1794 3135 lr-

14 3177 15 3180 ’
871 3163 875 3172 ’
934 3166 1051 3221 tranem
1064 3161 1094 3221 in
1112 3161 1319 3237 obstinatione
1335 3163 1501 3226 mansisse.
1516 3155 1571 3220 scd
1589 3157 1702 3219 multos
1717 3156 1794 3219 alios

366 3231 446 3296 cdl).
471 3232 552 3295 Vlll·
679 3247 681 3252 ’
746 3250 750 3259 ·
934 3241 1007 3303 item
1024 3243 1197 3306 obstinatos
1214 3259 1338 3306 manere
1357 3263 1365 3305 :
1382 3250 1411 3306 et
1426 3259 1464 3305 cx
1486 3239 1641 3318 Apostolis
1664 3241 1742 3319 ipsis
1763 3255 1796 3302 o-

243 3353 246 3362 ·
300 3341 336 3408 .'
577 3392 585 3408 ι
651 3395 657 3408 ,
701 3395 707 3409 .
935 3341 1023 3387 mnes
1047 3328 1111 3390 lere
1134 3328 1311 3390 scandalum
1336 3343 1470 3406 passos,
1499 3325 1619 3387 Petrum
1649 3337 1792 3405 negasse,

193 3391 717 3474 Depraraolructuocrbtgurnta.
934 3407 1258 3490 ludamdosperassa.
1450 3458 1452 3466 ,
1665 3487 1672 3499 .
1714 3413 1716 3418 ’

87 3538 89 3544 ·
126 3569 134 3580 ,
415 3517 418 3524 ⁴
597 3505 598 3510 ’
975 3492 1791 3574 Siquisigiturrelitdlnristnmincrnceesurrentom‚

57 3567 246 3648 Scripturas
271 3575 459 3638 Testamenti
488 3576 600 3638 veteris
624 3576 807 3654 ptcmmqoo
836 3593 892 3655 per
935 3581 965 3638 ct
977 3577 1130 3640 sitientem
1145 3626 1152 3654 ,
1170 3584 1201 3642 et
1214 3579 1288 3641 inde
1303 3577 1392 3640 ratde
1407 3575 1618 3639 contristatum
1643 3574 1793 3636 etdotcn·

14 3651 202 3730 Scripturas
217 3655 406 3744 Testamenti
425 3661 496 3721 nori
519 3659 670 3721 declarari
690 3661 812 3722 solent:
835 3663 891 3724 sed
935 3665 995 3720 lam
1013 3661 1180 3739 consolari,
1197 3669 1288 3741 atque
1304 3660 1443 3734 reicere,
1457 3658 1588 3738 primum
1606 3657 1686 3734 ipsc,
1700 3669 1735 3718 se
1749 3657 1795 3720 oi·

14 3741 46 3798 ln
78 3736 144 3798 boc
170 3743 316 3820 mysterio
344 3742 383 3805 de
398 3742 446 3805 sili
461 3742 594 3820 bomini,
610 3743 702 3806 rerba
717 3743 827 3806 Psalmi
842 3761 891 3808 se·
936 3742 1011 3805 ierat
1024 3747 1359 3823 vcrepoenitentem‚et
1371 3750 1494 3821 paccata
1507 3741 1627 3821 propria
1640 3739 1796 3802 detonan-

14 3821 177 3900 {egestati
205 3824 304 3888 ociori
329 3825 436 3890 baberi
452 3836 584 3908 possunt
600 3843 654 3903 pro
669 3829 891 3891 commentario
937 3832 1010 3902 tem3
1026 3828 1140 3891 deiude
1155 3829 1247 3892 simul
1262 3844 1333 3891 cnm
1348 3827 1470 3891 Christo
1484 3824 1636 3888 iristitiam
1653 3837 1794 3902 magnam

14 3903 199 3984 Evangelii.
230 3905 391 3986 Siquidem
413 3911 626 3992 in·llraugclio
643 3926 703 3971 non
720 3917 824 3991 aperto
839 3913 891 3975 dc·
938 3910 968 3970 ln
985 3911 1078 3974 corde
1094 3927 1151 3974 suo
1167 3913 1332 3991 concipiat,
1347 3913 1429 3990 qnod
1443 3915 1524 3974 tanta
1536 3909 1704 3970 animarum
1719 3908 1796 3970 mul·

14 3989 171 4062 claretur,
188 4005 225 4053 an
241 3993 295 4070 qui
310 3993 487 4056 obtulerunt
504 4002 624 4058 acetum
640 3993 770 4057 Domino
785 3996 892 4059 sitien·
937 3994 1035 4056 titudo
1050 3996 1188 4074 quotidie
1199 4004 1315 4075 pereat,
1330 4010 1399 4062 oum
1411 4002 1471 4056 tam
1486 3992 1575 4056 incito
1591 3995 1795 4070 possentom·

14 4074 48 4150 il,
70 4071 107 4134 id
125 4071 256 4136 iecerint
271 4081 304 4138 ut
318 4077 347 4140 ei
363 4078 619 4156 granticnrcntur,
636 4095 673 4139 an
686 4083 720 4140 ut
734 4095 806 4142 eum
830 4097 889 4141 ma·
940 4092 997 4138 nes
1020 4079 1162 4142 homines
1188 4079 1310 4156 salvari,
1324 4081 1352 4142 si
1378 4075 1602 4156 redemptionis
1627 4073 1726 4152 pretio
1751 4075 1794 4135 nti

14 4157 67 4236 gis
88 4153 276 4235 affligerent,
292 4160 323 4222 id
340 4168 398 4235 cst,
417 4176 454 4224 cx
465 4177 582 4238 amore,
596 4162 643 4224 rel
656 4163 739 4224 odio.
751 4163 810 4226 ilos
822 4179 893 4226 cum
939 4160 1325 4240 vellentlarclpostolus
1336 4163 1449 4226 Paulus
1463 4176 1543 4222 unus
1557 4164 1621 4220 erat
1637 4172 1673 4219 ex
1686 4157 1734 4230 iis,
1745 4159 1796 4234 aui

14 4244 136 4302 sancio
152 4237 265 4319 cyrillo
279 4242 436 4308 inmotam
454 4254 570 4323 partem
586 4244 769 4326 accipimus,
784 4248 892 4310 iactum
940 4245 1145 4309 cnmeristo
1167 4247 1464 4315 tristabantur,cum
1486 4245 1528 4304 ait
1550 4240 1796 4312 inlinistnlaad
1863 4245 1865 4250 '
1910 4304 1913 4314 ,
1998 4212 2002 4221 ’

14 4323 164 4405 tiorum,
179 4326 230 4402 qui
244 4326 373 4392 bomine
386 4328 633 4392 sitientiacetum
641 4331 892 4408 propinaverunt.
940 4327 1094 4392 Romanos
1109 4347 1117 4389 :
1136 4329 1306 4393 Veritatem
1326 4332 1399 4393 dico
1420 4329 1457 4392 in
1474 4326 1608 4400 Christo,
1623 4336 1693 4385 uon
1706 4337 1796 4387 rnen·

14 4407 84 4472 Sed
103 4407 197 4470 rerba
214 4408 328 4473 Psalmi
342 4413 592 4492 apertiorasunt,
605 4430 696 4492 quam
714 4418 747 4475 ιιι
761 4414 894 4495 explica·
941 4413 1024 4489 tior,
1050 4414 1270 4476 testimonium
1298 4414 1380 4476 milri
1405 4411 1570 4492 partiente
1596 4406 1796 4469 conscientia

14 4491 109 4556 ione
124 4489 309 4570 indigeant:
326 4503 419 4574 atque
435 4513 471 4560 ex
487 4500 534 4560 eis
549 4498 631 4560 bunc
658 4497 789 4559 tractum
806 4499 892 4561 cotti·
939 4511 1012 4558 meo
1031 4499 1068 4558 tn
1085 4496 1210 4576 Spiritu
1228 4503 1341 4559 sancto
1356 4514 1364 4558 :
1381 4496 1540 4578 quoniam
1560 4490 1694 4554 tristitia
1714 4490 1797 4553 mibi

14 4589 148 4658 gemus
166 4583 199 4637 ιιι
221 4577 377 4644 discamus
392 4579 479 4644 sitire
491 4597 561 4644 cum
577 4580 710 4654 Christo,
728 4598 805 4660 quac
821 4597 892 4644 rere
938 4595 1062 4658 mapna
1077 4589 1132 4651 est,
1153 4585 1371 4644 etcontinaua
1386 4580 1478 4643 dolor
1493 4576 1586 4639 cordi
1598 4587 1681 4636 rneo.
1701 4570 1796 4651 opra-

14 4667 43 4723 et
62 4657 241 4725 salubriter
254 4661 387 4732 sitienda
404 4669 487 4726 sunt.
504 4663 585 4727 llaec
601 4665 691 4728 verba
706 4664 892 4744 Prophetae,
941 4663 1016 4726 bam
1030 4665 1117 4725 enirn
1133 4681 1190 4744 rga
1204 4665 1273 4740 lpse
1289 4663 1466 4726 anotbcrna
1481 4675 1547 4724 esse
1562 4675 1584 4720 a
1601 4656 1721 4720 Christo
1735 4672 1795 4736 pro

14 4742 190 4818 Sustinui,
214 4745 272 4823 pul
294 4747 393 4809 mmul
414 4749 670 4821 contristaretur,
688 4755 717 4812 ct
734 4763 803 4812 non
817 4748 892 4825 istit,
931 4745 1098 4824 ¹[ratribus
1111 4751 1202 4824 meis,
1220 4749 1279 4827 qui
1292 4753 1369 4810 sunt
1384 4747 1514 4826 cognati
1535 4741 1600 4804 mei
1613 4740 1796 4802 secundum

14 4833 45 4892 et
75 4827 141 4906 qul
160 4825 396 4906 consolaretur,
415 4836 444 4894 et
458 4847 534 4894 non
547 4835 671 4902 inueni,
694 4837 724 4896 et
736 4834 897 4896 dederunt
942 4845 1075 4893 carnem
1090 4834 1172 4911 aqui
1185 4837 1261 4894 sunt
1275 4831 1454 4902 israelitae,
1471 4839 1611 4908 quorum
1633 4823 1795 4902 ademptio

14 4914 52 4976 in
68 4925 185 4990 escam
196 4912 368 4990 meum-sel.
382 4916 440 4976 sed
454 4920 484 4978 et
496 4917 533 4978 in
546 4916 601 4978 siti
615 4931 689 4977 mco
702 4922 895 4994 potaverunt
942 4917 987 4976 est
1000 4912 1155 4992 liliorum.
1171 4930 1220 4977 eo.
1237 4912 1342 4995 (Rom.
1358 4915 1405 4992 9.)
1418 4913 1482 4975 Non
1500 4914 1618 4988 poterat
1632 4906 1798 4989 ttposrotus

14 5012 72 5060 me
93 4998 198 5061 aceto.
212 4992 313 5078 (Psoi.
330 4995 397 5076 68,)
412 4997 518 5078 Itaque
534 5000 584 5076 oui
602 4999 753 5062 dederunt
773 4998 894 5062 cbristo
942 4998 1040 5076 magis
1055 4997 1242 5076 ampliticans
1258 4997 1447 5060 desiderium
1471 5009 1560 5056 suum
1577 5006 1647 5072 erga
1665 4991 1799 5054 satutem

14 5078 172 5155 Domino,
200 5081 292 5158 paulo
321 5088 481 5160 antequam
515 5081 759 5160 crucifigeretur,
790 5085 893 5144 riuum
940 5084 1132 5156 animarum,
1158 5097 1248 5158 quam
1274 5081 1323 5142 illa
1355 5077 1614 5158 exaggeratione,
1640 5072 1798 5152 Optabam

14 5181 97 5228 curn
133 5161 204 5226 iolla
230 5163 375 5240 mixtnm;
392 5172 421 5226 et
442 5166 493 5244 qui
518 5165 664 5229 crucifixo
680 5165 809 5228 Domino
825 5179 895 5230 ace·
941 5166 1029 5228 anim
1044 5181 1101 5242 epa
1121 5166 1192 5244 ipse
1207 5165 1384 5227 anathema
1399 5177 1465 5226 esse
1488 5176 1509 5221 a
1526 5155 1660 5221 cariata
1674 5156 1797 5239 Signifi-

14 5254 88 5310 turn
108 5245 302 5324 obtulerunt,
320 5248 358 5310 dc
374 5249 435 5310 iltis
451 5256 549 5326 crant,
567 5251 606 5312 de
619 5249 731 5328 quibus
744 5251 893 5325 queritur,
943 5255 991 5310 cat
1006 5253 1087 5309 enim
1104 5265 1140 5309 ex
1155 5249 1309 5310 sententia
1324 5251 1422 5309 sancti
1440 5243 1567 5307 loannis
1582 5240 1795 5320 Cbrysostomi

14 5331 163 5404 dicens:
189 5328 340 5396 sustinui
364 5332 535 5410 quistnrul
566 5335 835 5396 contristaretur:
865 5338 898 5396 et
942 5331 980 5392 dc
995 5329 1368 5406 compunctionecordis3
1383 5324 1795 5406 arinltpistaattnnanos,

14 5431 96 5480 nora
104 5413 186 5489 fuit,
204 5419 233 5476 el
248 5413 305 5494 qui
317 5416 553 5488 consolaretur,
569 5424 599 5480 ct
612 5433 681 5479 non
694 5417 817 5481 inueni.
943 5410 1024 5498 (lib.
1043 5411 1088 5498 l.)
1104 5431 1137 5476 se
1153 5415 1230 5478 adeo
1243 5415 1441 5478 vehementer
1455 5411 1566 5474 tristari
1579 5409 1618 5471 de
1629 5407 1797 5502 damnatio·

59 5495 104 5562 Si
120 5503 236 5574 ‚posset
257 5499 368 5576 ationis
393 5496 561 5579 quaerera3
577 5507 622 5562 ln
639 5517 699 5563 non
716 5499 895 5563 beatissima
944 5515 983 5562 ne
999 5497 1179 5568 iudeorum,
1199 5505 1232 5561 ut
1252 5498 1278 5560 si
1295 5497 1362 5559 lieri
1378 5503 1496 5575 posset,
1515 5498 1644 5573 cuperet
1665 5505 1734 5567 ipse
1748 5507 1797 5554 sc·

14 5571 123 5662 trago
150 5579 245 5646 Mater
271 5583 405 5656 bomini,
435 5591 466 5646 ct
490 5597 578 5646 soror
602 5585 708 5646 matris
723 5585 792 5664 ejus
806 5583 897 5649 Maria
945 5584 1043 5663 parari
1061 5600 1076 5643 a
1094 5581 1225 5658 cbristo,
1241 5587 1367 5661 propter
1380 5579 1546 5656 Cluistum3
1562 5591 1624 5639 non
1641 5574 1797 5672 quidemn

14 5663 199 5746 cleopbas,
219 5671 250 5733 et
265 5665 358 5734 llario
369 5666 551 5749 bagdalcna
566 5683 637 5732 curn
651 5667 799 5748 Apostolo
809 5667 901 5732 loon·
947 5664 1223 5732 charitatellbrisii
1238 5665 1373 5745 separari
1389 5663 1543 5745 cupiebat,
1558 5659 1596 5721 da
1612 5673 1669 5754 qua
1683 5655 1801 5723 dixerat

14 5767 76 5830 ae,
112 5753 230 5816 stantes
251 5748 339 5829 iuxta
366 5767 490 5816 crucem
507 5767 578 5816 rora
594 5758 624 5815 et
639 5767 675 5816 ex
698 5753 792 5816 corde
809 5751 900 5817 simul
947 5752 1037 5830 paulo
1054 5756 1147 5814 ante:
1167 5748 1241 5826 arcu
1255 5767 1315 5815 aas
1330 5748 1493 5830 reparabit
1506 5762 1527 5808 a
1541 5743 1698 5807 cbarttotc
1715 5741 1798 5807 utut·
