4080 6252
785 378 787 386 ‹
810 342 924 404 ussit
939 331 1077 407 numus
1665 347 1734 408 'ili-⁹·

6 467 11 516 ¹
36 493 105 545 cur
118 491 180 550 ιιιει
202 487 330 569 opipare
350 483 510 562 epularis?
530 499 586 548 our
605 489 666 544 tam
693 481 860 544 liberaliter
873 481 904 543 ln
950 498 1066 545 nonum
1088 497 1159 547 esse
1180 481 1256 558 Dei3
1278 481 1306 545 sl
1327 476 1455 562 iniusto,
1472 499 1544 546 esse
1558 473 1657 549 iurem
1672 497 1703 554 et
1717 493 1806 558 tetro·

6 553 11 600 ¹
34 564 169 632 alendis
180 572 311 634 canibus
324 577 376 632 aut
386 567 598 646 accipitribus,
611 565 700 628 reliu
712 565 795 627 ludis
807 566 904 640 eleae,
950 583 1034 629 nem.
1056 566 1143 640 Quod
1166 573 1267 628 autem
1283 568 1376 629 bomo
1392 567 1478 630 dives
1492 567 1524 628 ln
1539 565 1599 631 boc
1614 576 1729 638 mundo
1745 595 1805 644 nan

6 635 11 680 ¹
34 651 92 710 rel
110 655 142 714 in
164 654 233 716 aliis
254 653 516 716 oblectationibus
538 653 688 729 pecunias
710 648 837 726 perdis?
850 649 908 711 Re·
950 650 1145 712 sitdominus
1160 667 1265 728 opum,
1283 667 1359 728 ques
1373 651 1523 730 possidet.
1541 667 1578 714 ex
1591 670 1628 715 eo
1644 656 1746 733 potest
1760 663 1807 724 jn.

6 723 10 766 ¹
34 736 249 808 spondebant
269 738 365 798 enim.
389 737 467 810 Quid
483 735 520 797 ad
537 741 566 796 tc
581 734 597 795 l
612 734 652 796 de
666 747 779 794 remea
795 749 857 795 non
870 734 907 794 li·
950 727 1058 811 telligl,
1088 737 1168 813 quod
1194 737 1368 796 accusatum
1394 733 1562 798 iniustitiae
1590 743 1671 816 apud
1698 741 1804 824 Deum,

6 805 8 848 Ι
34 824 93 880 εει
109 821 185 882 mibi
199 821 300 884 lacere
312 820 395 897 ouod
409 819 507 880 volot
521 818 578 880 Dic
591 832 664 880 sero
679 830 764 878 error
776 823 824 878 est
838 813 907 878 sine
949 816 1033 880 Deus
1048 833 1104 893 per
1117 823 1246 880 mortem
1263 816 1418 894 corporis,
1430 825 1483 880 eut
1505 829 1561 895 per
1582 831 1752 902 egestatem
1770 831 1804 897 il-

6 921 8 988 ζ
35 899 145 967 dubio
166 903 370 983 gravissimus
391 910 422 964 et
442 901 573 965 maxime
601 900 806 978 perniciosus.
833 899 907 961 Dsto
942 900 1012 963 'lum
1034 906 1154 963 amaret
1174 919 1189 962 a
1212 900 1421 972 villicatione,
1446 901 1505 964 boc
1528 903 1609 964 enlm
1633 905 1809 986 significant

7 989 8 1012 ²
35 985 132 1048 onim
148 987 365 1050 diriteshuios
380 985 498 1048 soeculi
512 984 629 1047 domini
651 985 715 1044 siut
728 999 822 1062 opum
837 1000 907 1045 sua·
950 983 1003 1046 illa
1029 985 1138 1047 rerba:
1162 985 1273 1048 Redde
1293 987 1455 1046 rationem
1476 985 1686 1052 uillicationt's
1708 1005 1804 1057 tuae:

6 1059 10 1106 Ι
35 1083 135 1144 rum,
159 1071 186 1132 si
207 1075 425 1148 comparentur
445 1068 484 1129 ad
506 1068 583 1129 altos
606 1067 775 1129 homines:
804 1073 905 1128 tamen
949 1067 1119 1130 imnenim
1129 1064 1808 1146 ooapotauutttccredtequecessatorio

35 1151 66 1212 si
94 1159 316 1231 comparentur
335 1153 374 1214 ad
395 1151 506 1224 Deum,
529 1149 645 1214 domini
668 1165 730 1211 oon
752 1151 906 1213 suntsed
951 1153 1087 1213 rationes
1107 1152 1221 1213 multae
1244 1152 1405 1232 redigendi
1427 1153 1538 1214 divites
1560 1155 1598 1215 ad
1615 1157 1761 1239 inopiam,
1778 1170 1809 1224 ει

6 1225 9 1266 Ι
35 1234 231 1314 administri,
248 1244 301 1300 aut
314 1237 488 1310 oeconomi,
505 1242 556 1296 aul
569 1233 676 1296 villici.
693 1232 726 1294 ld
743 1249 815 1296 rero
829 1235 906 1294 mul·
950 1239 997 1296 stc
1012 1251 1067 1298 eos
1082 1235 1271 1297 emcrendis
1287 1235 1494 1297 villicatione.-
1506 1237 1675 1318 naulragia,
1689 1241 1808 1306 latroci-

6 1309 9 1348 Ι
35 1317 80 1378 tis
99 1321 287 1384 testimoniis
305 1335 430 1398 possum
446 1317 623 1381 ostendere.
854 1339 856 1344 ·
950 1319 1012 1390 nia,
1037 1319 1216 1397 grandines
1241 1333 1379 1380 erucae:
1402 1319 1515 1380 nimiae
1536 1321 1670 1398 pluviae,
1695 1329 1808 1394 nimiae

6 1393 9 1474 Ι
83 1403 167 1466 Αειιι
189 1404 371 1480 Prophetam
392 1401 534 1478 regium:
557 1399 699 1468 Domini,
725 1399 834 1475 inquit,
862 1405 908 1462 εει
950 1402 1116 1468 siccitates.
1141 1403 1254 1472 nimiae
1269 1402 1437 1479 procellae,
1451 1408 1482 1464 et
1496 1400 1598 1464 alia'id
1614 1422 1714 1484 genus
1729 1413 1806 1474 mul·

6 1477 9 1518 Ι
36 1491 136 1548 terro
157 1492 188 1550 ει
204 1486 375 1564 plenitudo
398 1487 479 1556 eim,
497 1483 582 1546 orbis
596 1493 771 1555 terrarum,
788 1490 818 1544 ει
831 1486 906 1546 urti-
950 1491 990 1556 ta,
1015 1492 1045 1546 et
1065 1498 1158 1546 voces
1173 1485 1228 1546 Dei
1250 1492 1333 1566 sunt,
1350 1501 1428 1562 quae
1444 1484 1589 1548 diiitibus
1605 1483 1722 1566 dicunt,
1738 1493 1809 1558 Nan

6 1559 8 1608 Ι
35 1573 144 1645 εει-ει,
161 1572 219 1648 qut
233 1568 383 1632 habitant
395 1569 434 1630 in
446 1583 497 1630 eo.
513 1564 649 1650 (Psalm.
660 1564 729 1642 23.)
743 1574 773 1626 ct
783 1579 904 1628 rursum
948 1570 1069 1646 poteris
1084 1567 1206 1631 diutius
1219 1565 1378 1630 villicare.

6 1645 8 1686 Ι
38 1652 140 1715 alibi:
158 1653 248 1734 ¹idacio
260 1658 338 1715 sunt
352 1665 462 1714 ornnes
476 1651 565 1726 ferae
578 1651 745 1731 sploamam
761 1651 908 1712 iumenta
992 1651 1078 1726 Quod
1093 1659 1194 1714 autem
1210 1652 1240 1713 in
1258 1657 1392 1727 extreme
1405 1649 1548 1736 parabola
1561 1651 1709 1718 Dominus
1721 1658 1807 1731 dicit,

6 1727 9 1774 ¹
36 1733 80 1798 in
97 1736 274 1806 montibus.
290 1741 322 1798 ει
336 1736 440 1799 εεεεε.
457 1733 493 1796 St
503 1735 659 1809 esurimo,
672 1749 741 1795 nan
752 1733 859 1796 dicam
869 1735 907 1794 ti·
951 1736 1059 1797 Facite
1073 1735 1160 1798 uobis
1174 1735 1295 1798 amicos
1307 1732 1348 1797 de
1359 1750 1550 1797 mammona
1563 1736 1762 1820 iniquitatis;
1774 1752 1811 1806 ει

6 1809 10 1852 ¹
37 1817 74 1880 bi
91 1835 208 1882 :meus
219 1825 264 1881 eat
275 1820 363 1882 enim
375 1817 460 1882 crois
471 1821 589 1886 lemae,
602 1824 632 1880 ει
640 1816 812 1896 planitudo
824 1818 906 1879 eius.
952 1835 1027 1880 cum
1050 1819 1239 1896 defeceritis,
1262 1818 1426 1898 recipiant
1439 1833 1495 1880 uos
1510 1820 1547 1880 iu
1559 1827 1691 1885 aeterna
1705 1825 1806 1888 taber·

6 1893 9 1938 ¹
37 1899 255 1984 (Psalmis.)
270 1909 301 1963 et
312 1904 342 1962 in
355 1901 434 1962 libro
447 1903 546 1978 primo
557 1900 824 1978 Paralipomenon.
837 1916 907 1962 oum
950 1903 1084 1976 nacula,
1097 1899 1187 1984 (buc.
1203 1897 1272 1983 lo.)
1285 1901 1348 1964 εεε
1363 1901 1517 1981 significat
1531 1903 1745 1984 eleemosynas
1761 1925 1809 1972 es-

6 1999 8 2018 *
38 1990 73 2046 in
92 1985 343 2048 aedificationem
356 1984 474 2061 Templi
487 1983 652 2046 obtulisset
666 1983 758 2044 David
774 1985 830 2044 tria
842 1983 909 2044 mil·
952 2002 987 2047 se
1008 1984 1169 2047 iaciendas
1184 1984 1223 2046 de
1238 1985 1363 2046 iniustis
1378 1983 1504 2054 divitiis,
1520 1982 1576 2048 sed
1592 1987 1810 2072 eleemosynas

6 2057 8 2102 ¹
39 2069 85 2129 lia
115 2071 297 2132 talentorum
320 2068 398 2143 auri,
422 2075 453 2130 et
473 2073 594 2143 septem
616 2065 711 2128 millio
725 2066 908 2130 talentorum
953 2066 1382 2134 esseiaciendesdediritiis,
1396 2083 1592 2144 quaererem
1607 2087 1668 2132 non
1682 2076 1810 2139 suntdi-

6 2141 10 2188 ¹
38 2152 171 2230 argenti
184 2150 407 2228 probatissimi,
420 2157 451 2213 ot
462 2166 595 2212 marmor
605 2150 736 2211 Patrium
749 2149 907 2211 abundan-
953 2151 1054 2218 vitiae.
1071 2153 1127 2214 sed
1143 2151 1270 2212 umbrae
1285 2151 1470 2213 diuitiarum.
1485 2151 1519 2213 Id
1535 2161 1641 2228 aperte
1656 2157 1812 2235 colligitur

6 2295 8 2304 ,
39 2236 189 2297 tissime:
206 2239 238 2297 et
248 2235 285 2295 ad
299 2234 474 2310 exemplum
486 2233 591 2314 Degis,
604 2233 764 2309 Principes
775 2233 909 2295 tribuum
953 2251 990 2296 ex
1013 2235 1121 2298 eodem
1142 2235 1212 2295 loco
1234 2231 1393 2314 Evangelii
1415 2233 1586 2296 secundum
1608 2235 1734 2310 Lucam,
1759 2241 1811 2308 ubi

6 2306 10 2352 ¹
39 2320 241 2381 obtulissent
255 2318 320 2380 auri
337 2316 451 2378 talentu
467 2319 604 2396 quinque
619 2315 851 2395 millia,argenti
868 2323 909 2376 te·
954 2318 1104 2380 Dominus
1126 2316 1217 2379 dicit:
1242 2315 1278 2378 Si
1298 2318 1335 2378 in
1355 2317 1470 2396 iniquo
1491 2333 1681 2384 mammona
1700 2321 1811 2394 ddeles

6 2393 9 2436 ¹
38 2402 132 2465 lente
154 2401 261 2464 decem
285 2400 390 2471 millia,
408 2405 440 2461 ει
453 2400 533 2462 aeris
545 2402 657 2461 talenta
674 2400 781 2461 decem
797 2405 827 2462 et
840 2406 909 2461 octo
953 2402 1159 2478 aceruatim
1181 2401 1271 2480 quod
1289 2415 1402 2463 nemun
1417 2408 1472 2477 εει,
1490 2401 1562 2479 ouis
1577 2405 1682 2466 medei
1696 2407 1813 2470 uobis?

6 2475 9 2520 ¹
40 2487 160 2551 millia.
186 2484 258 2546 lerri
286 2499 410 2562 quoque
436 2490 559 2544 contum
587 2483 681 2544 millia
708 2482 908 2568 talentorum3
953 2483 1028 2567 (ib.)
1044 2500 1173 2562 quorum
1197 2485 1360 2546 verborum
1376 2481 1455 2546 baec
1477 2490 1525 2546 est
1538 2489 1709 2550 sententia:
1727 2490 1763 2552 Si
1775 2493 1813 2553 in

6 2559 10 2602 ¹
40 2567 128 2630 dixit
152 2567 247 2630 David
270 2567 308 2629 ad
322 2567 418 2628 Deum
433 2583 442 2625 :
460 2567 529 2628 Dua
554 2573 599 2628 est
622 2566 758 2637 Domine
784 2569 909 2644 magni·
952 2585 1143 2631 mammona
1157 2568 1284 2647 iniquo,
1301 2565 1333 2628 id
1349 2573 1409 2638 est,
1425 2567 1450 2628 si
1467 2569 1498 2628 in
1515 2569 1628 2631 divitiis
1640 2571 1725 2634 tatsis
1736 2571 1813 2648 (ide-

6 2651 9 2681 ¹
38 2651 202 2727 picentia,
229 2655 259 2713 el
284 2651 451 2724 potentia.
477 2655 507 2710 ει
533 2650 660 2728 ebria.
690 2656 788 2729 atque
812 2654 908 2712 uicto·
954 2654 1080 2726 lession
1100 2650 1219 2729 sumtu,
1235 2657 1269 2711 ot
1283 2666 1336 2711 cas
1352 2649 1521 2712 liberaliter
1535 2650 1724 2730 largiremini
1740 2673 1813 2734 pau·

6 2725 9 2786 ¹
42 2738 118 2808 ria,
149 2742 179 2794 et
206 2733 265 2796 tibi
279 2734 375 2795 ιιιιιεε
404 2740 525 2797 cuncta
549 2734 637 2794 enim
657 2747 742 2810 quae
762 2734 801 2794 in
822 2733 910 2796 coelo
955 2735 1099 2813 peribus3
1121 2735 1195 2815 quis
1210 2734 1316 2796 credet
1328 2731 1416 2794 nobis
1438 2735 1560 2796 divitias
1573 2752 1674 2809 veros,
1691 2737 1812 2800 divitias

6 2811 9 2858 ¹
38 2823 136 2888 ειιιιι,
153 2821 182 2880 ει
205 2818 346 2880 interra
359 2823 417 2877 tua
431 2819 518 2878 sunl.
535 2815 668 2878 Domine
683 2814 816 2894 Regum,
832 2822 861 2878 ει
876 2825 910 2878 ιιι
956 2820 1109 2892 virtutum,
1124 2832 1203 2894 qnae
1218 2817 1376 2877 bominem
1392 2831 1462 2878 rere
1476 2819 1749 2882 diritem‘lacinnt?
1764 2823 1814 2884 Sic

6 2893 9 2970 Ι
41 2919 79 2964 εε
96 2917 199 2978 super
219 2915 331 2964 omnes
351 2898 540 2976 Principes:
558 2899 789 2969 tuocdiuitioe,
806 2904 838 2960 ει
852 2907 909 2960 tuo
956 2902 1098 2964 intellixit
1112 2906 1143 2976 et
1157 2899 1318 2977 explicarit
1333 2898 1416 2961 bunc
1438 2901 1540 2961 locum
1563 2910 1689 2964 sanctus
1711 2905 1813 2985 Cypri·

6 2975 8 3016 ¹
41 2992 93 3047 est
108 2985 238 3064 plaria3
254 2991 289 3044 tu
303 2983 486 3044 dominaris
508 2984 666 3053 omnium,
689 2985 721 3042 et
743 2978 818 3058 Quis
839 2997 908 3061 eya,
956 3001 1037 3046 anus
1058 2985 1089 3046 in
1114 2986 1262 3046 Sermone
1284 2982 1328 3045 De
1349 2998 1444 3059 opere
1466 2991 1497 3043 et
1519 2985 1739 3064 eleemosynis,
1757 3005 1816 3055 εεε

6 3061 8 3102 ¹
42 3077 76 3130 ει
102 3068 179 3146 quis
199 3067 342 3145 populus
369 3081 471 3130 meus.
501 3073 538 3127 ut
565 3067 724 3142 possimus
748 3065 828 3126 boec
854 3065 912 3128 tibi
957 3069 1051 3129 marito
1075 3067 1164 3128 aliter
1187 3065 1331 3143 exposuit
1344 3065 1676 3144 senctusdugustinus
1691 3071 1722 3130 in
1737 3071 1815 3133 libro

6 3145 8 3184 ¹
40 3155 208 3214 uniuerso
216 3147 423 3228 promittere?
434 3153 491 3211 tac
501 3153 579 3210 sunt
592 3149 713 3211 omnia.
728 3152 757 3208 ει
771 3161 856 3226 quac
871 3149 910 3210 de
956 3151 1095 3212 secundo
1117 3148 1336 3222 Quaestionum
1351 3147 1616 3228 Evangelicarum,
1634 3154 1815 3228 quaestione

6 3227 8 3270 ¹
40 3250 156 3297 manu
177 3241 236 3295 tua
256 3234 451 3310 accepimus,
481 3232 629 3294 dedimus
651 3230 720 3291 tibi.
737 3228 782 3310 (l.
798 3229 909 3292 Paral.
957 3235 1112 3308 trigesima
1136 3237 1252 3306 quarte,
1269 3230 1323 3292 ubi
1338 3247 1542 3318 mammonam
1559 3233 1729 3310 iniqnitatis
1745 3253 1815 3299 esse

6 3309 7 3364 Ι
43 3314 121 3400 29.)
136 3318 191 3380 Ηιε
213 3316 282 3378 addi
307 3322 409 3390 potest
432 3314 640 3377 testimonium
663 3313 761 3389 ipsius
776 3313 843 3386 Dei,
859 3314 911 3390 qui
957 3319 1031 3379 dicit
1046 3315 1166 3378 diritius
1182 3331 1259 3390 uuas
1271 3315 1328 3376 soli
1345 3314 1442 3392 iniqui
1455 3323 1486 3375 et
1500 3316 1584 3376 stulti
1601 3325 1744 3396 reputant
1761 3336 1816 3396 pro

41 3418 106 3480 per
120 3401 276 3480 Aggaeum
292 3400 476 3476 Propbelam
498 3397 584 3460 dicit.
605 3396 710 3460 Meum
731 3405 776 3458 εει
796 3413 911 3475 orgen·
957 3399 1070 3461 divitiis
1084 3419 1093 3478 3
1109 3415 1179 3460 oum
1197 3399 1341 3459 homines
1356 3397 1427 3459 iusti
1444 3405 1474 3460 ει
1490 3399 1648 3476 sapientes
1662 3403 1751 3464 nihili
1764 3419 1817 3464 cns

6 3475 8 3516 ¹
42 3491 138 3555 tum,
162 3490 192 3545 et
211 3497 321 3546 meum
347 3489 392 3544 est
413 3497 556 3557 aarum,
573 3479 664 3560 (App.
681 3475 728 3562 2.)
744 3481 825 3556 quod
840 3481 911 3542 ideo
958 3485 1080 3556 iaciant,
1099 3484 1130 3544 ει
1145 3481 1210 3542 sola
1226 3483 1305 3542 dona
1321 3479 1491 3558 spiritualia
1508 3481 1629 3544 diritius
1644 3501 1732 3548 veras
1748 3499 1834 3547 esse·

44 3569 203 3630 Dominus
224 3565 311 3638 dixit,
329 3574 361 3627 ut
375 3564 510 3642 populus
531 3565 727 3642 intelligeret.
744 3563 781 3623 ad
805 3579 912 3624 novam
958 3566 1158 3628 contendant.

6 3643 7 3684 Ι
44 3651 174 3730 Templi
195 3647 441 3712 aedificationem
465 3647 541 3708 nibil
570 3645 697 3708 omnino
719 3645 912 3718 deleturum,
1001 3649 1081 3711 Alter
1097 3647 1185 3709 locus
1200 3646 1405 3726 Evangelious
1421 3655 1469 3710 est
1484 3649 1515 3707 in
1532 3650 1641 3711 eodem
1655 3651 1754 3728 capite
1769 3652 1819 3713 lti.

6 3727 7 3764 ¹
45 3751 124 3798 oum
140 3735 210 3813 ipse
226 3733 387 3810 Templum
409 3729 581 3793 reedificari
602 3730 738 3804 iuberet,
762 3730 915 3791 cuiosest
959 3731 1196 3802 succubuere,
1224 3729 1538 3808 quipotestbaberi
1566 3739 1817 3812 tamqnamcom·

44 3833 161 3882 eurum
188 3820 219 3879 et
239 3821 417 3895 argentum,
441 3813 524 3892 quod
544 3813 576 3875 in
598 3813 742 3875 universo
764 3820 912 3875 terrarum
959 3817 1128 3878 neuterius
1150 3811 1316 3890 parabolae
1343 3813 1382 3876 de
1403 3813 1704 3891 villico-iniqnitatis.
1721 3818 1821 3881 Homo

47 3901 131 3965 orbe
145 3900 314 3977 reperitur.
616 3915 617 3920 ¹
959 3899 1094 3978 quidam
1110 3897 1208 3974 inquit
1223 3895 1375 3959 Dominus
1392 3903 1463 3959 erat
1476 3899 1576 3967 diues,
1593 3905 1650 3978 qui
1664 3901 1821 3964 indueba-

93 3985 213 4046 Addam
226 3998 262 4045 ex
275 3982 471 4044 Testamenta
483 3993 562 4042 novo
574 3985 605 4042 et
615 3979 719 4042 serbis
732 3978 843 4041 Christi
855 3979 916 4041 duo
960 3991 1012 4043 tur
1036 3995 1188 4058 purpura
1213 3983 1243 4042 et
1270 3978 1374 4062 bysso,
1403 3987 1431 4042 ει
1454 3981 1646 4058 epulebatur
1671 3985 1818 4064 quotidie

49 4063 485 4129 aliatestimonia.1’erabola
501 4062 916 4143 extatapudbuoamderil·
957 4062 1138 4140 splendidc.
1159 4064 1199 4124 Dt
1221 4071 1290 4124 crat
1312 4063 1448 4141 quidam
1477 4067 1657 4136 mendicus.
1682 4068 1816 4129 nomine

47 4151 116 4214 lico
131 4147 314 4225 iniquitatis.
338 4145 438 4208 Homo
461 4147 609 4226 quidam,
632 4148 732 4223 inquit
754 4145 915 4218 Dominus,
959 4149 1115 4223 Lazarrrs,
1139 4148 1197 4224 qui
1218 4145 1344 4208 iacebat
1359 4147 1404 4207 ad
1418 4149 1557 4208 ianuam
1573 4150 1642 4210 eius
1657 4150 1821 4212 ulceribus

47 4233 312 4311 melducensi
326 4229 463 4293 babebat
475 4229 642 4307 uillicum3
658 4237 687 4290 et
699 4228 752 4290 bie
767 4226 916 4308 diffcmc·
960 4233 1087 4310 plenus,
1104 4231 1239 4306 cupieos
1251 4233 1397 4292 saturari
1411 4230 1450 4291 de
1462 4231 1553 4291 micis
1566 4245 1650 4309 quae
1663 4233 1823 4296 cadebant

47 4327 108 4380 tus
131 4324 177 4378 est
198 4314 410 4392 medillam,
428 4313 525 4392 quasi
538 4313 726 4390 dissipasset
738 4312 824 4376 bono
838 4314 915 4388 ipsi·
962 4318 1000 4376 de
1015 4329 1128 4375 mensa
1143 4313 1263 4381 divitis,
1283 4318 1312 4372 ει
1326 4327 1421 4374 nemo
1437 4314 1489 4373 itti
1504 4313 1625 4375 dabat:
1648 4317 1704 4378 sed
1720 4322 1750 4376 ει
1770 4333 1822 4378 co·

6 4391 7 4432 ¹
48 4418 109 4470 aas,
133 4408 163 4460 ει
182 4399 309 4468 εεεεειι
329 4397 436 4472 illam,
453 4404 482 4458 ει
496 4396 543 4456 ait
556 4395 626 4473 itti,
644 4393 728 4470 Quid
741 4395 800 4456 boo
815 4397 917 4458 audio
961 4415 1017 4460 nes
1037 4395 1209 4458 ueniebant
1231 4400 1260 4456 ει
1275 4394 1442 4474 litapebant
1457 4397 1570 4458 ulcera
1585 4399 1665 4459 eius.
1682 4399 1821 4462 Factum

49 4487 96 4548 de
118 4481 175 4544 te?
194 4481 295 4544 redde
314 4481 477 4542 romonem
498 4477 707 4540 villicationis
729 4484 828 4556 tuae3
850 4480 919 4539 iam
962 4486 1007 4543 εει
1021 4485 1130 4542 autem
1143 4485 1178 4539 ut
1193 4487 1373 4539 nommetur
1387 4479 1568 4548 mendicus,
1587 4489 1618 4542 ct
1635 4487 1821 4562 portaretur

51 4568 149 4632 enini
162 4580 232 4627 oon
244 4569 365 4642 poteris
379 4562 539 4625 villicare.
555 4559 715 4640 (uicto)
730 4561 859 4642 Nomine
872 4561 915 4623 di·
963 4565 1003 4627 ab
1019 4563 1146 4641 Angelis
1160 4563 1199 4622 in
1213 4564 1323 4624 sinum
1336 4559 1643 4626 Abrabaeldortuus
1659 4573 1703 4626 εει
1714 4572 1824 4628 autem

51 4652 130 4713 vitis
158 4663 221 4710 non
249 4653 352 4726 potest
380 4661 452 4708 esse
479 4644 606 4706 dubium
634 4643 707 4719 quin
728 4643 918 4723 intelligetur
963 4648 1062 4720 diues,
1087 4652 1115 4706 et
1135 4645 1279 4723 sepultus
1301 4647 1347 4705 εει
1367 4643 1404 4705 in
1425 4645 1565 4720 interno.
1580 4645 1669 4728 (luc.
1684 4644 1750 4731 ti.)
1767 4649 1822 4711 Hic

51 4737 153 4804 Deus,
172 4731 236 4806 εει,
253 4735 287 4791 ει
301 4730 393 4806 paulo
405 4733 475 4790 ente
487 4727 681 4802 dicebamus,
694 4743 750 4806 per
764 4729 916 4808 lggaeum
964 4738 1046 4792 certe
1063 4729 1149 4790 dives
1164 4727 1255 4806 epulo
1271 4743 1352 4790 unus
1368 4735 1433 4788 erat
1445 4729 1567 4803 exitlis,
1582 4732 1635 4808 qui
1647 4728 1824 4793 existimant

6 4805 7 4844 ¹
52 4819 194 4881 clamet:
210 4812 316 4876 Meum
330 4819 375 4875 est
387 4817 571 4890 arpentum,
585 4819 614 4872 ει
624 4825 732 4873 meunt
744 4819 790 4872 εει
801 4827 919 4873 aarum
964 4831 998 4875 se
1020 4813 1163 4873 dominos
1185 4827 1256 4872 esse
1277 4809 1449 4872 divitiarum
1467 4827 1604 4884 suorum,
1622 4821 1651 4874 ει
1668 4830 1729 4875 εεε
1746 4815 1824 4875 villi-

52 4899 155 4978 (App.
170 4893 218 4978 2.)
232 4895 361 4958 Domine
376 4895 468 4960 villici
484 4895 549 4956 sire
572 4893 747 4963 oeconomi,
762 4902 795 4954 ut
808 4893 920 4970 legitur
964 4912 1018 4959 cos
1040 4901 1092 4957 eut
1112 4909 1301 4957 oeconomos
1324 4893 1392 4964 Dei,
1417 4895 1488 4956 ideo
1503 4910 1566 4956 uon
1581 4896 1775 4958 existimabat
1789 4915 1824 4960 sc

53 4986 92 5046 in
117 4979 285 5043 codicibus
307 4977 445 5046 Graecis,
461 4976 593 5058 intelligi
608 4976 701 5038 debet
715 4975 807 5038 bomo
822 4977 919 5046 dives,
966 4995 1095 5057 peccare
1111 4979 1141 5039 in
1156 4977 1265 5044 Deum,
1281 4976 1309 5038 si
1324 4977 1505 5039 indueretur
1521 4995 1654 5058 purpure
1671 4988 1701 5040 ει
1715 4981 1823 5061 bysso.

6 5081 7 5088 ¹
55 5073 95 5130 ει
110 5070 272 5142 exponunt
282 5061 385 5125 Sancti
402 5061 518 5136 Patres,
535 5060 671 5123 loannes
685 5059 921 5136 chrysostomus
964 5071 994 5124 et
1009 5064 1184 5139 epularetur
1200 5059 1338 5136 quotidie
1360 5058 1536 5138 splendide,
1553 5071 1584 5123 et
1598 5079 1692 5126 cenes
1707 5066 1821 5126 multos

6 5135 7 5224 ¹
56 5145 307 5228 apudSanctum
322 5143 516 5206 Tbomamin
539 5142 672 5206 Cathena
698 5159 801 5217 soree.
819 5147 921 5222 Augu·
964 5144 1319 5208 aleret-tortasscetiam
1336 5143 1448 5205 mimos
1461 5151 1491 5204 et
1503 5145 1682 5208 histriones
1698 5146 1824 5208 Dicebat

6 5229 7 5256 ¹
56 5235 165 5298 stinos
179 5231 211 5290 in
227 5226 466 5302 Quaesticnrbus
477 5225 683 5307 Evangelicis,
692 5225 772 5287 libro
784 5224 814 5285 2.
829 5242 921 5302 quae·
967 5227 1049 5290 enim
1064 5228 1141 5288 intre
1158 5241 1192 5287 se
1208 5245 1215 5284 ε
1232 5225 1296 5303 ligo
1313 5241 1364 5287 res
1380 5243 1464 5288 meas
1475 5243 1637 5306 consumo,
1651 5229 1725 5290 nolli
1741 5230 1820 5291 iacta

6 5299 8 5342 ¹
56 5325 102 5382 st.
117 5312 169 5377 bl.
181 5311 377 5380 Ambrosius,
392 5309 485 5378 Beda,
501 5309 751 5390 theophylactus
766 5317 796 5370 ει
810 5308 922 5390 Enthy-
966 5313 1119 5377 iniuriam,
1134 5327 1195 5370 non
1208 5311 1288 5369 ricto
1301 5308 1462 5385 tegesDei.
1476 5326 1537 5370 nco
1551 5312 1746 5388 blasphemo,
1762 5331 1821 5373 non

6 5383 8 5426 ¹
57 5399 159 5468 mins,
185 5403 217 5458 ει
236 5395 289 5456 alii
311 5395 343 5456 in
364 5395 447 5455 bunc
470 5393 570 5454 iocum
594 5393 695 5455 Sancti
712 5391 923 5470 Evangelistae
967 5396 1084 5471 peiere,
1101 5393 1231 5454 observo
1247 5391 1423 5460 Sabbatum,
1448 5395 1744 5472 bonoroparcntes,
1763 5413 1822 5456 non

6 5465 10 5510 ¹
58 5485 179 5548 Lucae.
201 5477 310 5542 Dmnis
332 5478 424 5555 igitur
437 5475 531 5536 boma
547 5475 633 5537 dives
645 5475 760 5537 saeculi
776 5477 879 5548 huius,
897 5477 923 5538 si
967 5477 1122 5540 bominem
1146 5475 1267 5549 nocido,
1290 5491 1351 5535 non
1373 5475 1556 5538 adulterium
1580 5485 1734 5556 perpetro,
1760 5494 1821 5540 non

6 5549 10 5596 ¹
57 5564 229 5644 Evangelio
250 5558 360 5630 credit,
383 5557 471 5622 lateri
493 5557 597 5633 debet,
621 5573 710 5636 opes,
733 5577 810 5636 quas
825 5560 923 5638 possi·
969 5563 1077 5622 laisum
1098 5559 1307 5621 testimonium
1325 5558 1407 5628 dico,
1421 5575 1483 5620 non
1497 5563 1684 5638 concupisco
1698 5575 1824 5624 oaorem

6 5635 8 5680 ¹
60 5652 130 5716 det.
154 5647 218 5712 sire
233 5644 321 5709 titulo
343 5647 424 5704 iusto
441 5640 506 5704 siro
519 5640 647 5712 iniusto,
663 5657 724 5704 non
740 5657 812 5718 esse
827 5659 922 5705 suas:
968 5653 1020 5706 aut
1035 5659 1098 5706 rem
1115 5641 1256 5704 alienam.
1273 5641 1346 5702 disi
1361 5657 1412 5704 res
1427 5642 1466 5702 ita
1479 5659 1514 5704 se
1529 5645 1631 5714 babet,
1649 5659 1704 5704 cur
1717 5647 1822 5722 scpul-

6 5721 7 5748 ¹
60 5735 121 5801 sed
139 5730 165 5792 si
181 5730 260 5792 iusta
276 5726 363 5788 titulo
377 5725 529 5804 possidet,
547 5741 581 5786 se
604 5725 739 5792 villicum
756 5725 820 5790 sire
836 5742 926 5790 occo·
971 5735 1020 5790 tus
1036 5735 1082 5790 ost
1098 5726 1128 5788 iu
1150 5723 1295 5787 intercal
1310 5741 1364 5787 cur
1379 5725 1531 5789 cruciatur
1547 5729 1617 5808 igue
1632 5727 1826 5805 gebennas?

180 5832 335 5888 Βειιιιιιιιιιι
354 5827 413 5884 vet.
430 5827 472 5884 Vl.
511 5861 513 5866 ·
1570 5827 1605 5884 58
