4044 6256
7 395 22 445 ι

7 475 21 528 i

7 561 20 612 i

7 649 16 672 Ι

7 675 19 698 ¹!

837 287 940 348 nitebit
960 287 1114 348 ectitius
1708 291 1761 348 bib

76 423 171 484 ciero
188 435 250 484 nou
265 419 425 500 potuisset,
441 418 611 502 zelotypiae
632 421 725 484 ttrorc
748 420 869 485 loedere
885 439 935 484 co·
979 423 1098 484 tuerent
1114 437 1167 500 per
1179 420 1394 485 contessorem
1406 419 1531 494 Chrisiic
1545 421 1714 496 ridensnuc
1729 428 1831 487 caicu-

73 505 204 581 piterio.
217 506 324 567 rolens
339 504 444 565 saitem
461 504 568 565 tamam
584 503 651 566 elus
664 505 798 570 laedere.
813 509 860 566 cui
873 523 933 568 non
981 506 1055 572 loru,
1073 522 1163 581 ouem
1180 521 1268 567 manu
1284 505 1418 578 tenebat,
1441 504 1557 566 vocarit
1578 505 1727 567 satellites
1743 525 1828 575 suos,

75 590 186 662 potuit
201 585 406 665 corruptionis
421 587 531 647 ruinus
553 585 710 662 infligere3
726 587 801 648 iacta
817 599 863 650 est
880 592 935 669 igi·
979 591 1031 663 coi
1054 603 1138 651 more
1159 588 1244 664 regin
1265 597 1388 665 semper
1410 586 1469 652 sibi
1492 589 1694 656 assistebant,
1711 599 1741 650 et
1756 593 1830 652 dixit

73 676 135 731 tur
151 676 275 732 auclore
291 668 425 739 diabolo,
443 674 585 744 suspecta
609 669 757 737 criminis.
780 687 858 750 quae
873 690 936 745 nnn
979 673 1015 730 ed
1032 687 1110 731 ens:
1133 669 1308 738 Pontifices,
1332 678 1363 732 et
1385 669 1545 747 Principes
1560 670 1655 748 Regni
1680 675 1777 734 nostri
1794 678 1830 735 ad

75 752 375 815 noreralmacuiam
391 759 608 826 corruptionis.
626 752 685 813 Sed
708 752 777 828 qnia
800 756 934 817 crudelis
979 769 1036 814 nos
1057 761 1174 828 rucutc,
1199 759 1231 814 ut
1256 758 1454 831 cognoscant.
1479 760 1508 814 et
1532 751 1655 814 rideant
1679 756 1828 817 mirahiiie

74 844 147 912 est,
165 835 216 912 qui
241 833 396 895 iniamiam
422 837 560 911 negligit.
587 835 813 920 expurgationis
838 840 932 916 gratia
978 835 1044 911 ιιιι,
1062 853 1139 912 quae
1156 834 1332 904 irreiiahiiis,
1347 842 1376 896 ei
1391 835 1830 900 inenarrabilismisericordie

7 929 16 946 ’·
74 920 144 979 sibi
164 915 312 980 iudicium
327 917 431 994 elegii3
448 924 527 993 quod
545 928 668 996 parapter
682 919 821 979 duritiam
839 921 934 982 homi·
978 935 1048 977 curu
1067 921 1199 994 pctnnti'e
1217 920 1285 978 eius
1299 918 1436 980 iecerunt
1453 918 1482 977 in
1501 933 1566 978 me:
1583 927 1612 977 at
1628 917 1672 978 ilii
1690 923 1829 980 mentiare

75 1017 160 1061 num
188 1000 358 1061 institutum
385 1015 455 1060 esse
483 999 689 1077 cogitostitur.
713 998 850 1077 Cumque
871 1004 933 1066 beo
979 1001 1071 1078 Regis
1087 1017 1177 1062 cursu
1205 1001 1297 1062 celeri
1321 1001 1512 1080 perierentes
1534 1003 1570 1059 ad
1588 1000 1760 1081 Principes3
1776 1006 1830 1064 ad·

74 1083 196 1144 diiecto
213 1081 250 1144 ad
265 1083 341 1144 iliud
357 1081 515 1148 iudicium,
530 1083 610 1142 velut
622 1081 686 1142 uris
697 1085 733 1143 ed
747 1088 933 1148 occisionem
979 1084 1130 1145 duxerunt
1145 1099 1211 1158 ιιι
1228 1090 1258 1144 ιι
1272 1099 1339 1144 cum
1358 1083 1516 1144 venisseut
1531 1083 1568 1144 ad
1582 1099 1664 1154 cum,
1678 1085 1753 1146 dixit
1769 1086 1828 1160 eis,

72 1167 261 1236 duceretur,
277 1166 437 1242 ingemuit,
454 1169 484 1226 et
498 1167 550 1238 uit,
566 1163 696 1250 bomine
714 1167 795 1226 bens
817 1178 934 1231 creator
977 1165 1109 1240 Fratres,
1127 1173 1156 1226 ct
1179 1167 1405 1228 commilitones
1429 1165 1488 1226 mei
1505 1164 1710 1243 magnificate
1724 1167 1830 1230 bonei-

74 1248 178 1322 coeli,
195 1255 225 1309 cl
241 1256 349 1314 terrae,
373 1247 424 1321 qui
447 1248 570 1323 probes,
594 1263 698 1318 renes,
722 1257 751 1308 et
768 1251 870 1319 corda,
890 1254 933 1312 iu·
976 1263 1060 1310 num
1073 1265 1192 1316 menan,
1214 1257 1243 1310 et
1263 1249 1442 1311 eoecilcmus
1463 1264 1584 1310 nomen
1605 1249 1674 1310 ctus
1694 1253 1731 1310 in
1745 1252 1829 1329 idip-

73 1329 150 1392 dica
169 1330 314 1392 iudicium
331 1346 444 1398 meum,
461 1335 491 1390 et
507 1331 593 1406 cripe
609 1345 669 1400 mc,
687 1337 715 1392 te
731 1335 811 1392 enirn
825 1340 932 1396 testem
977 1347 1061 1408 sunt,
1078 1332 1148 1408 nuria
1164 1333 1230 1408 ipsa
1244 1339 1290 1392 est
1301 1345 1441 1409 mupntts
1457 1331 1621 1402 Dominus,
1638 1339 1666 1392 ct
1679 1331 1829 1394 tondebi-

7 1403 12 1446 s
74 1414 193 1475 inroco
209 1413 312 1485 hodie,
329 1419 360 1474 ct
372 1411 519 1477 iudicem.
537 1413 606 1488 cuia
623 1427 680 1474 nec
693 1412 775 1475 hunc
788 1431 928 1492 praesen
977 1413 1016 1475 iis
1031 1413 1141 1488 nime,
1155 1421 1183 1476 et
1195 1413 1433 1492 mcpnitudc'nc's
1446 1414 1515 1474 cius
1525 1428 1593 1474 non
1604 1419 1649 1475 cai
1659 1416 1746 1490 tiele,
1759 1414 1827 1494 ipse

75 1500 142 1556 tem
161 1495 336 1560 tterrrioum.
354 1510 412 1556 nec
426 1496 554 1554 silerum
571 1509 745 1572 quenquam
760 1496 855 1559 uirum
869 1517 933 1562 car·
978 1498 1119 1573 percutit,
1136 1503 1166 1556 et
1182 1503 1333 1567 credetur,
1350 1495 1481 1574 flagellat
1496 1503 1693 1572 peccatores,
1710 1506 1740 1559 et
1755 1514 1825 1572 poe·

74 1577 144 1638 nati
171 1577 386 1640 commixtione
410 1593 541 1652 uuquam
568 1577 710 1656 cognovi.
727 1578 809 1641 Haec
824 1583 932 1644 dicens
977 1579 1146 1640 nitentibus
1172 1579 1358 1648 miseretur,
1388 1579 1475 1641 bunc
1498 1579 1663 1651 humiliot,
1690 1585 1719 1640 et
1742 1580 1828 1644 haenc

7 1725 8 1732 ,
74 1660 291 1738 stupentibus,
308 1676 343 1722 ec
366 1657 513 1722 bentibus
540 1661 778 1739 uniuersis‚qui
792 1664 931 1734 ederant.
976 1661 1379 1740 emotionquiccoiimin
1397 1661 1830 1727 mnnubomtniuinimeri

76 1758 222 1806 vomeres
238 1743 406 1804 candentes
421 1746 503 1804 nudo
521 1744 647 1822 vestigio
662 1743 800 1810 calcarit.
818 1754 847 1807 et
863 1749 930 1810 sine
975 1745 1090 1820 plenos
1106 1745 1223 1807 mimio.
1241 1745 1283 1805 bn
1309 1761 1378 1822 ego.
1397 1746 1447 1818 qut
1473 1743 1537 1804 heri
1561 1746 1647 1820 morti
1673 1745 1828 1826 proximus

7 1827 10 1870 t
75 1824 254 1888 adustionis
269 1825 405 1888 molestia
421 1825 551 1886 transiit.
569 1825 609 1886 ite
633 1825 714 1887 beus
736 1832 932 1906 omnipotens
974 1823 1030 1900 ini,
1046 1843 1100 1904 per
1116 1829 1356 1891 misericordiam
1374 1827 1426 1888 bei
1447 1827 1540 1888 hodie
1563 1842 1657 1888 senus
1673 1829 1760 1888 nohis
1775 1846 1826 1906 ap·

77 1910 238 1969 vinculum
255 1913 355 1969 costae
370 1909 545 1969 dilectionis
562 1911 705 1974 servarit,
724 1911 928 1975 innocentiam
977 1924 1081 1985 pareo.
1099 1916 1128 1970 et
1144 1911 1283 1973 aculeum
1308 1912 1424 1978 mortis,
1448 1925 1539 1986 quem
1562 1907 1627 1970 heri
1649 1911 1765 1988 gestari
1780 1913 1827 1972 in·

76 1992 303 2067 comprobarit,
318 1989 482 2071 integritati
499 1993 669 2052 custodiam
687 1991 864 2057 humilitatis
880 1995 931 2058 ad·
975 1995 1094 2053 clusum
1110 1993 1231 2067 corpori
1248 2010 1328 2061 rnen,
1346 1992 1437 2052 hodie
1453 1992 1552 2052 oculis
1568 1996 1675 2052 restris
1698 1991 1824 2056 risibili·

7 2109 8 2120 ι
77 2073 194 2133 hibuit.
977 2077 1170 2137 terostcndo.
1185 2075 1238 2136 llis
1250 2077 1341 2137 dictis
1354 2073 1487 2135 ostendit
1498 2077 1544 2134 ets
1556 2076 1718 2145 calculum,
1733 2091 1824 2152 quem

7 2163 8 2202 ι
122 2156 207 2217 luter
232 2156 309 2217 baec
334 2154 502 2217 beatissimi
525 2152 674 2228 Prirrrtpis
696 2155 817 2219 Henriei
833 2161 929 2240 glosis
974 2175 1063 2217 urrann
1080 2158 1225 2235 tenebal;
1248 2169 1277 2221 ct
1291 2159 1460 2220 ostendens
1483 2157 1528 2217 eis
1550 2158 1685 2218 uulneris
1701 2158 1824 2220 cicatri-

7 2247 9 2288 ι
78 2242 192 2316 magis,
206 2255 242 2300 ac
255 2239 352 2312 meeis
365 2237 553 2317 proiciebat,
568 2248 596 2298 et
609 2240 701 2316 gratia
714 2239 768 2301 bei
782 2249 846 2304 erat
861 2260 928 2306 corn
974 2254 1053 2313 cem,
1069 2243 1168 2301 omnia
1192 2257 1270 2316 quae
1295 2257 1349 2319 per
1368 2240 1510 2300 Sanctum
1525 2237 1724 2302 benedictum
1740 2243 1822 2303 circa

77 2321 164 2398 ipso.
180 2321 244 2382 Nun
261 2321 424 2383 declinarit
439 2324 566 2400 clypeus
581 2322 702 2384 eiusde
717 2323 812 2400 hetto,
830 2334 859 2387 ei
877 2329 929 2389 ha·
973 2331 1109 2401 segesta
1132 2322 1263 2394 inerant,
1290 2323 1410 2386 cunctis
1433 2321 1629 2383 audientibus
1654 2337 1692 2385 err
1713 2324 1824 2386 ordine

7 2443 8 2450 ,
76 2414 124 2463 san
153 2407 222 2466 etus
247 2421 308 2465 nnn
335 2412 382 2466 est
408 2420 525 2466 auersa.
548 2403 682 2481 apetiam
705 2405 862 2470 aGreecis
877 2408 929 2472 diu
972 2405 1135 2468 reiciebat.
1152 2405 1186 2466 tt
1201 2407 1243 2469 itii
1264 2407 1417 2480 ridentes,
1433 2407 1464 2466 et
1485 2403 1647 2466 audientes
1668 2405 1819 2469 mirabilia

78 2502 257 2563 possessam
274 2486 409 2548 Romano
421 2486 554 2561 imperio
569 2492 769 2566 recuperarit,
786 2497 816 2551 et
829 2491 928 2554 cidem
972 2486 1027 2548 Dei
1042 2488 1124 2565 plus.
1142 2492 1347 2567 quiam-possit
1361 2487 1458 2556 credi,
1471 2484 1608 2558 admirali
1625 2495 1707 2560 sunt,
1724 2489 1820 2551 etbe-

79 2571 255 2645 prorincine
269 2567 454 2630 Ismahelem
471 2569 577 2632 ducem
596 2568 742 2646 praefecit
756 2573 806 2647 qui
825 2580 928 2649 postca
972 2571 1152 2633 deducentes
1167 2572 1276 2643 ileum,
1299 2571 1415 2649 diuque
1437 2571 1467 2630 in
1490 2568 1611 2630 laudem
1633 2571 1701 2632 eins
1722 2572 1823 2634 accia-

77 2649 109 2710 in
129 2651 205 2712 urbe
222 2651 437 2730 bambergensi
460 2657 607 2728 mortuus,
624 2658 654 2713 el
668 2651 698 2714 in
717 2653 850 2732 capituto
868 2675 928 2718 ma·
973 2659 1100 2724 mantes,
1115 2655 1153 2715 de
1165 2652 1373 2717 incolumitate
1384 2654 1467 2730 regis
1481 2651 1574 2726 gavisi
1588 2659 1671 2714 sunl:
1685 2666 1822 2716 rursum·

77 2735 155 2794 ioris
181 2733 356 2796 lionesierii
381 2734 525 2812 sepultus
550 2734 716 2811 requiescit
740 2737 769 2797 in
787 2737 927 2802 bomine.
972 2749 1032 2810 ιιι
1046 2736 1110 2799 Rex
1125 2736 1164 2798 ad
1180 2753 1235 2797 eos
1250 2739 1304 2812 ait3
1321 2736 1402 2810 Quas
1417 2733 1580 2813 gratiarum
1601 2738 1752 2810 cotiones,
1770 2744 1823 2797 aut

77 2815 328 2878 beneventanum
343 2815 560 2878 nonasterium
575 2817 722 2887 condidit,
739 2827 770 2878 et
783 2822 865 2881 orrrni
881 2837 928 2882 or·
972 2833 1059 2892 uuae
1076 2833 1201 2880 munera
1228 2819 1317 2880 ιιιιιι
1333 2816 1505 2892 ιιιιιιιιιι
1526 2817 1677 2894 condigna
1701 2819 1826 2880 medico

78 2904 170 2960 natos
184 2897 295 2962 decore
310 2899 517 2974 locupletarit.
536 2897 673 2974 Cumque
696 2900 832 2962 civitates
847 2905 928 2981 dpu-
971 2908 1075 2962 nostro
1091 2901 1202 2962 Sancto
1217 2900 1383 2964 Benedicta
1400 2915 1566 2977 possumus
1586 2900 1775 2977 rependeret
1787 2901 1823 2963 at

75 2980 136 3042 liae
153 2983 383 3059 pertransisset,
401 2989 431 3044 et
446 2997 524 3059 quae
540 2981 577 3043 ad
593 2981 763 3059 utilitatem,
787 2991 817 3044 et
831 2985 928 3048 hono·
971 2982 1014 3044 illi
1040 2998 1150 3044 omnes
1177 2983 1386 3046 iudicauerunt
1410 2997 1480 3043 eum
1508 2982 1590 3058 regia
1612 2982 1821 3046 muniiicentin

75 3079 141 3124 rem
158 3063 244 3141 regni
258 3064 460 3142 pertinebant,
474 3065 640 3141 prudenter
654 3065 684 3125 in
697 3066 743 3127 eis
755 3065 926 3145 disposuis·
971 3079 1041 3128 csse
1053 3064 1192 3145 dignum.
1206 3066 1268 3128 ber
1281 3081 1351 3128 tero
1363 3065 1493 3128 consilio
1504 3063 1679 3140 Principum
1693 3081 1819 3127 suornm

77 3153 136 3218 set,
153 3145 255 3225 coepit
275 3149 306 3207 io
330 3147 504 3208 intirmiiute
529 3144 638 3208 calculi
665 3146 816 3211 laborare.
833 3148 926 3214 Cuius
970 3145 1102 3224 ingentia
1121 3165 1245 3209 rnrrocra
1268 3147 1298 3222 iu
1315 3148 1450 3225 praedis.
1475 3147 1506 3206 in
1521 3162 1606 3220 auro,
1632 3149 1662 3206 in
1678 3159 1819 3225 negeina,

77 3228 174 3289 morbi
195 3230 364 3291 molestiam
381 3230 426 3290 rir
439 3236 564 3290 sanctus
579 3234 659 3290 tanta
675 3230 817 3304 pollentia
833 3235 925 3295 susti·
971 3231 1000 3289 in
1016 3234 1204 3290 ornamentis
1221 3231 1360 3308 piurimis
1374 3227 1532 3291 Ecclesiae
1547 3229 1650 3290 Sancti
1662 3228 1820 3292 Benedicti

79 3312 154 3381 nuit,
172 3317 203 3372 ut
220 3313 373 3389 passionis
388 3311 489 3372 uernis
504 3315 541 3372 ιι
557 3312 724 3374 custodient
749 3314 925 3378 numilitatis
970 3312 1111 3389 contulii3
1127 3321 1157 3374 et
1173 3314 1237 3374 rate
1251 3312 1368 3375 iaciens
1382 3311 1541 3373 Fratribus
1562 3311 1701 3372 eiusdem
1717 3311 1822 3376 becle-

77 3391 142 3455 llco
157 3393 217 3455 sihi
233 3395 361 3456 euitatus
372 3400 535 3470 assereret,
551 3401 581 3455 et
591 3393 745 3474 ilageiium
759 3401 924 3475 correptio·
970 3395 1035 3457 siae
1061 3397 1207 3458 arrinistris
1229 3394 1388 3458 acessino
1410 3396 1514 3456 monte
1537 3393 1654 3464 hilaris,
1679 3401 1709 3456 et
1727 3411 1822 3459 sanus

80 3478 128 3536 nis
142 3475 346 3538 certissimum
363 3476 484 3555 siguum
502 3477 676 3538 dilectionis
691 3476 864 3541 affirmaret:
881 3480 923 3542 io·
968 3478 1109 3540 recessit.
1126 3477 1170 3539 tib
1185 3493 1223 3540 eo
1238 3486 1337 3540 autem
1359 3482 1516 3553 tempore,
1540 3483 1569 3537 et
1584 3477 1732 3555 deinceps
1748 3494 1820 3553 pue·

79 3566 178 3620 rrreuta
195 3564 293 3621 tomen
317 3562 506 3622 curationum
529 3559 587 3621 sibi
610 3560 682 3619 tecit
701 3561 852 3628 adhiberi.
867 3565 922 3627 sed
967 3559 1036 3624 dem
1052 3560 1177 3636 speciali
1194 3560 1369 3636 dilectione,
1386 3561 1414 3621 ei
1431 3559 1626 3620 veneratione
1641 3559 1751 3622 Sancto
1763 3559 1819 3622 Be·

77 3641 160 3702 nulia
192 3643 382 3702 medicorum
410 3649 473 3703 arte
499 3644 595 3720 potuit
621 3641 756 3706 liberari.
781 3645 923 3719 irrgraae·
966 3643 1099 3714 aedicto,
1115 3649 1146 3704 et
1161 3643 1303 3705 omnihus
1318 3641 1500 3705 bonesticac
1521 3641 1681 3718 religionis
1697 3642 1819 3704 cultori·

77 3730 294 3785 scentesulem
308 3726 413 3786 dolore
427 3725 567 3787 ascendit
577 3723 607 3785 ιι
621 3725 921 3791 montemdasstnum
967 3723 1024 3788 bus
1038 3726 1157 3789 studuit
1169 3729 1336 3797 deservire,
1350 3732 1379 3786 ei
1391 3727 1420 3784 in
1434 3723 1668 3804 empiiiieendis,
1684 3731 1714 3786 ct
1726 3727 1820 3788 rebus

78 3812 185 3880 petens
196 3805 278 3868 Beati
289 3805 460 3882 benedieti,
473 3806 644 3869 etSaoctae
657 3807 862 3871 scholasticae
874 3827 921 3872 sn·
968 3809 1166 3887 protegendis
1189 3807 1416 3871 Ecclesiasticis
1442 3807 1612 3886 benignus,
1637 3815 1667 3868 et
1689 3808 1818 3868 deuotus

77 3887 153 3952 ruris
169 3889 236 3950 eius
249 3890 407 3967 auxilium3
424 3899 452 3950 ct
467 3905 535 3950 com
552 3898 662 3961 oraret,
686 3891 788 3968 coepit
810 3898 920 3971 cogita·
966 3889 1053 3952 Peter
1068 3893 1211 3954 existere.

78 3985 121 4038 re.
138 3987 216 4049 poue
231 3973 270 4032 de
287 3970 480 4034 transtatione
494 3974 594 4034 Sancti
610 3971 776 4041 benedicti,
793 3977 921 4053 eiusque
1006 3973 1083 4036 Inde
1097 3973 1153 4035 iter
1173 3973 1287 4034 taciens
1308 3971 1431 4035 bomem
1454 3978 1603 4049 perrenrt.
1622 3971 1672 4032 uhi
1688 3988 1705 4034 ι
1721 3971 1818 4034 Βιιι-

79 4053 191 4115 sororis
216 4053 366 4123 audierat,
389 4054 458 4132 quie
484 4056 626 4118 videlicet
651 4056 799 4134 reliquiae
815 4071 920 4121 eorum
965 4053 1047 4117 dicto
1061 4053 1142 4118 viil.
1160 4057 1235 4132 Papo
1252 4054 1396 4134 benigne,
1410 4061 1441 4114 et
1454 4053 1622 4116 honorilice
1638 4060 1816 4137 susceptum

77 4133 369 4198 dicebanturiurtim
382 4137 511 4211 ablatae,
525 4139 699 4199 etinaiinnr
712 4140 812 4201 locum
826 4147 922 4203 trans·
963 4144 1093 4214 ouantes
1117 4137 1346 4213 miserationes,
1370 4142 1401 4199 el
1421 4135 1570 4198 bencilcia
1594 4151 1649 4212 per
1670 4135 1815 4198 Sanctum

79 4218 163 4293 latae,
182 4218 313 4296 ideoque
329 4221 432 4298 coepit
446 4222 484 4279 de
495 4221 645 4297 corporati
661 4235 764 4283 eornm
777 4238 922 4300 praesen·
963 4219 1172 4296 benedictum,
1186 4221 1213 4281 ci
1226 4219 1373 4281 Dominus
1386 4217 1559 4290 contulerit,
1573 4217 1817 4297 iudicarithpu·

76 4303 117 4362 ιιι
132 4300 284 4363 dubitare:
299 4299 452 4381 compieta
469 4316 540 4363 uero
554 4301 690 4364 oratioue
706 4304 742 4365 ad
756 4304 921 4380 hospitium
965 4305 1093 4365 stolidus
1108 4317 1178 4364 tero
1193 4305 1303 4379 gratias
1318 4301 1454 4379 egilbeo
1470 4315 1525 4379 pro
1540 4300 1684 4363 omnibus
1696 4301 1812 4364 beneit-

77 4399 112 4446 sc
129 4385 267 4460 contulit,
291 4401 327 4446 ac
343 4385 484 4448 lassatos.
507 4401 543 4446 ac
557 4383 735 4447 debilitatus
756 4402 793 4447 er
810 4387 919 4452 itinere
964 4384 1111 4447 ciissuis.
1129 4392 1159 4446 et
1174 4399 1230 4462 pro
1245 4384 1341 4445 salute
1357 4383 1468 4460 begis,
1480 4388 1510 4446 ei
1530 4382 1622 4446 totius
1643 4385 1748 4461 popuii
1764 4403 1818 4446 ca·

7 4515 8 4536 ,
79 4465 108 4526 in
124 4467 242 4530 scctulo
265 4484 300 4529 se
322 4467 490 4529 collocarit.
514 4466 650 4546 Cumque
672 4467 919 4547 obdormivisset,
963 4466 1067 4529 thoiici
1084 4465 1194 4528 obtulit
1208 4465 1390 4528 sacrificium
1411 4466 1522 4527 laudis.
1538 4465 1652 4528 bodem
1678 4475 1814 4546 tempore

79 4550 159 4610 eudit
178 4548 239 4611 sihi
252 4549 396 4612 Sanctum
418 4547 617 4612 benedictum
640 4551 801 4622 assistere,
818 4556 849 4613 et
862 4554 921 4616 ier·
963 4548 1026 4611 ilex
1042 4549 1254 4612 sanctissimus
1268 4548 1524 4626 bambergensem
1547 4548 1673 4610 lendum
1696 4565 1764 4610 cum
1781 4565 1817 4612 o-

77 4645 138 4691 rum
153 4633 317 4694 sectoriam
339 4633 379 4693 ad
392 4633 590 4694 medicinales
612 4634 766 4697 sectiones
786 4642 919 4711 aptatum
963 4633 1087 4694 mnibus
1103 4630 1295 4709 pertinentiis
1310 4634 1375 4693 sois
1390 4631 1481 4692 beato
1495 4630 1584 4694 Petro
1599 4631 1813 4710 Apostolorum

79 4728 165 4775 manu
187 4720 303 4790 tenere,
321 4714 373 4791 ιιι
396 4715 470 4776 dixit
490 4713 530 4789 ei,
548 4715 621 4787 Quia
643 4717 773 4792 sperasti
796 4716 826 4779 iu
841 4717 919 4788 beo,
962 4713 1095 4796 Principi
1108 4713 1302 4782 contradidit,
1319 4721 1349 4775 et
1362 4712 1538 4791 Apostolico
1551 4713 1684 4775 Praesuii
1701 4717 1730 4776 in
1745 4731 1814 4793 per·

79 4802 107 4854 ιι
123 4800 150 4855 ιι
166 4797 282 4859 ιιιιιιι
298 4797 377 4864 cios,
395 4813 468 4859 ecce
484 4800 597 4860 missus
611 4814 679 4860 sum
695 4816 711 4859 a
727 4799 801 4860 bun.
820 4806 852 4861 ut
868 4818 921 4879 per
962 4798 1330 4874 petuam-detendendum
1350 4797 1588 4868 commendarit,
1605 4804 1635 4858 et
1650 4797 1680 4857 in
1698 4813 1811 4859 memo·
1929 4812 1931 4820 ¹

80 4877 257 4940 medicinam
270 4883 368 4942 meam
381 4879 419 4941 ab
430 4879 605 4942 infirmitate
617 4887 665 4942 tua
679 4881 919 4946 libererisllcce
961 4879 1035 4942 ιιιιι
1053 4881 1143 4942 huius
1159 4879 1309 4959 pactionis
1330 4878 1460 4956 singulis
1481 4879 1570 4940 aunis
1585 4876 1687 4941 album
1704 4880 1810 4943 ambu-

80 4977 133 5036 ιιι
149 4961 235 5024 cuius
249 4977 319 5023 ossa
334 4961 435 5025 lortim
452 4962 549 5025 abiate
564 4977 633 5026 esse
647 4969 818 5042 putaueras,
834 4981 919 5041 prae·
962 4962 1087 5024 intorem
1110 4979 1176 5025 curn
1199 4961 1301 5023 ieleris
1315 4963 1452 5025 itomano
1466 4961 1600 5024 Praesuli
1617 4961 1682 5023 duri
1697 4962 1813 5025 consti·

80 5045 203 5105 sentiam
221 5059 317 5107 meam
332 5044 387 5107 tihi
404 5044 546 5116 exhibeo,
563 5052 592 5108 et
605 5046 635 5108 in
648 5057 858 5124 argumentum
872 5065 920 5110 re·
961 5046 1028 5106 tuit.
1051 5045 1114 5108 boc
1136 5059 1258 5123 quoquc
1279 5045 1471 5119 humilitate,
1495 5051 1524 5105 et
1546 5044 1707 5106 deuotione
1728 5047 1808 5122 apud

78 5125 170 5187 ritulis
185 5129 348 5206 passiones
364 5132 431 5190 tuas
443 5129 568 5192 corabo.
582 5127 664 5190 lieec
677 5129 786 5190 dicens
802 5140 917 5206 purtem
961 5126 1121 5190 Dominum
1137 5126 1345 5207 Apostolicum
1360 5126 1502 5189 obtinuit.
1520 5135 1551 5187 ιι
1566 5125 1748 5190 hismeniam
1764 5131 1809 5189 in-

80 5208 157 5268 iiiam
174 5211 323 5285 corporis.
337 5226 416 5286 ιιιι
430 5209 580 5274 calculum
595 5211 719 5274 tenebat
732 5210 810 5273 icrro
822 5215 917 5275 medi·
962 5216 1064 5285 traret,
1086 5215 1116 5273 et
1131 5209 1363 5289 bambergensis
1384 5209 1540 5273 Ecclesiae
1563 5225 1671 5273 uorem
1693 5209 1807 5285 planta-

7 5329 11 5380 ,
79 5292 163 5353 cirrati
180 5292 311 5370 operuit,
327 5299 359 5356 et
372 5293 479 5356 evolso
501 5293 633 5356 moitiier
654 5294 786 5366 caicato,
803 5295 918 5359 hiatum
961 5291 1073 5355 tionem
1095 5293 1252 5371 risitercl3
1275 5294 1355 5369 cuod
1376 5299 1407 5354 et
1427 5291 1467 5353 ita
1486 5291 1598 5354 iactum
1614 5299 1671 5354 cst.
1686 5291 1759 5356 eam
1774 5293 1805 5354 ιι

79 5373 209 5436 uulneris
226 5379 384 5438 sanatione
404 5374 504 5438 subita
527 5375 754 5455 redintegravit,
772 5384 801 5438 et
817 5377 917 5441 caicu-
960 5378 1097 5452 proximo
1112 5375 1305 5454 Apostolicus
1320 5375 1441 5437 aduenit
1456 5375 1652 5446 hiemantem,
1670 5384 1698 5434 et
1710 5375 1807 5438 omni·

79 5455 146 5532 ium,
171 5474 261 5534 quem
285 5461 395 5520 tulerat
415 5459 445 5518 in
464 5474 553 5521 manu
566 5457 660 5537 Regis
674 5458 854 5522 dormientis
870 5479 902 5522 re
960 5456 1018 5520 bus
1034 5458 1204 5521 ciuitatibus
1224 5463 1360 5536 regionis
1376 5458 1458 5518 iiiios
1472 5455 1649 5537 peragratis,
1667 5463 1805 5532 ternpore
1866 5467 1871 5482 ⁸

80 5543 182 5614 posuit.
200 5539 265 5614 Quo
280 5541 358 5604 iacto
371 5541 649 5605 christianissimus
659 5540 838 5621 imperator,
855 5543 915 5607 eri·
959 5558 1020 5622 quo
1034 5541 1200 5605 condixerit
1220 5541 1326 5603 urhem
1339 5539 1593 5619 bambergensem
1606 5539 1689 5599 adire
1702 5541 1805 5618 dispo-

79 5621 168 5698 gtians
194 5624 386 5704 pertractarit
410 5639 538 5699 secum,
566 5639 644 5703 cuae
669 5625 749 5688 circa
775 5639 809 5688 se
830 5633 914 5706 gesta
960 5627 1032 5688 suit.
1049 5625 1135 5686 Venit
1152 5641 1225 5702 ergo
1240 5623 1313 5686 teria
1329 5623 1431 5702 quinta
1448 5623 1569 5684 maioris
1582 5621 1804 5701 hebdomadae,
