4086 6258
803 315 908 374 lllteli
925 317 1059 377 petbus
1666 323 1716 388 tet

3 469 11 510 s
27 446 146 526 cipiet
162 495 170 526 ,
194 454 224 512 ei
252 456 409 526 utramque
436 448 715 526 incomparabiliter
741 449 898 526 arciorem,
940 465 1028 514 scere
1042 451 1131 529 cupis
1146 452 1312 530 potentiam
1327 451 1440 533 gradec
1455 451 1508 514 bei
1523 451 1536 512 ι
1558 453 1681 531 respice
1696 457 1787 518 latro-

3 552 9 592 ι
27 531 198 607 quamsit
220 547 270 596 res
286 531 334 595 illa
351 547 405 609 pro
420 529 540 596 Cbristo
562 531 698 596 dimissa.
721 531 852 594 Primum
868 549 900 596 e·
945 549 1013 597 nem
1030 532 1158 600 bouum.
1173 533 1230 598 llio
1250 533 1348 599 lucret
1369 533 1500 614 insignis
1526 546 1686 612 peccatur,
1714 546 1743 600 ol
1759 541 1789 600 in

2 633 8 678 ι
26 614 109 675 nim
123 615 254 690 accipiet
265 615 421 696 spirituale
433 612 656 694 gaudium,sive
671 614 832 692 spirituale
845 614 899 677 do·
944 619 1022 676 stetu
1037 615 1090 678 ille
1105 617 1270 692 deterrimo
1297 623 1471 698 perseverat
1494 631 1592 694 usque
1611 622 1647 678 ad
1674 621 1789 699 suppli·

2 717 8 762 a
31 712 122 788 num
138 700 168 760 in
181 697 238 760 bac
251 697 468 774 vita,eeutuplo
483 698 580 758 maius
593 715 627 758 ec
640 699 794 774 pretiosus
810 714 899 773 quom
945 696 1024 759 ciuu
1041 702 1154 774 crucis,
1171 701 1286 774 idest,
1304 700 1394 780 paulo
1417 699 1518 760 minus
1534 716 1623 776 quam
1639 706 1788 781 usquead

30 785 85 840 sit
102 797 157 844 res
172 781 223 843 illa
239 797 292 858 pro
305 778 425 842 cbristo
441 778 628 855 dimissa,sic
640 787 672 842 ιιι
688 787 772 842 recto
787 778 902 842 iudicio
945 790 1086 844 mortem:
1103 786 1134 845 et
1147 799 1210 850 unu
1225 785 1329 846 ederet
1343 782 1385 844 iiii
1403 782 1433 842 iu
1450 788 1532 844 lauto
1548 781 1685 859 periculo
1707 787 1789 848 dorn-

30 864 136 925 malit
152 863 197 925 vir
211 863 263 926 iile
280 862 441 941 spirituale
457 863 531 924 iliud
548 861 662 924 bouum
679 861 738 925 sibi
755 863 900 940 retinere,
945 864 1078 926 nationis
1092 873 1234 930 aeternae
1246 867 1338 936 ullus,
1356 867 1407 944 qui
1424 865 1470 926 rei
1485 864 1631 940 concito,
1649 866 1696 928 rol
1707 870 1789 932 aoxi-

31 963 139 1014 uuam
157 946 231 1008 illud
247 961 314 1010 oum
331 951 453 1009 centurn
471 945 634 1012 domibus.
660 944 706 1007 ael
723 944 828 1026 agris,
853 945 898 1007 vel
944 945 985 1006 liu
1001 962 1070 1008 eom
1086 949 1215 1014 iuvaret:
1231 947 1368 1028 quemvis
1385 945 1466 1008 euim
1483 947 1691 1010 vicinissimus
1707 957 1791 1012 esset

28 1027 116 1090 aliis
132 1029 225 1092 rebus
237 1027 391 1092 similibus
403 1025 725 1090 commutarelleinde
736 1045 772 1092 ac
783 1028 809 1089 si
824 1044 902 1090 mer·
946 1027 1089 1090 salvatori
1114 1037 1212 1094 tamen
1234 1031 1376 1096 audiebat
1392 1028 1552 1093 locttbces
1568 1038 1598 1090 et
1611 1029 1791 1096 Pharisaeus

30 1126 99 1172 ces
118 1110 173 1174 ista
188 1114 295 1191 exigue
312 1118 363 1175 aut
378 1111 459 1174 nulia
478 1108 597 1180 luisset,
614 1109 748 1188 accipiet
761 1108 833 1172 lelix
850 1109 902 1172 illc
945 1109 1129 1174 ellirmeules
1149 1115 1234 1176 illum
1258 1130 1329 1178 osse
1350 1113 1542 1176 seductorem
1557 1157 1565 1180 ,
1583 1113 1789 1185 ambitiosum,

32 1201 197 1256 mereator
212 1197 242 1255 ln
262 1194 360 1256 tuturo
382 1192 504 1255 sacculo
528 1193 615 1253 vitevn
641 1199 819 1270 aeternam3
843 1208 902 1270 qua

2 1307 3 1322 .
38 1291 126 1338 voce
154 1279 302 1340 immensa
328 1277 478 1340 bonorum
505 1274 641 1336 omnium
669 1273 756 1356 eopia
782 1273 899 1356 signiti-

2 1367 142 1422 *catum

2 1471 4 1492 v
82 1441 171 1504 llaec
186 1441 326 1506 videlicet
341 1445 387 1504 est
411 1435 520 1500 christi
542 1437 636 1518 Regis
653 1438 774 1502 maximi
789 1440 901 1502 libere·

2 1537 4 1594 i
33 1523 119 1586 lites
134 1529 164 1586 in
178 1541 242 1601 eos,
260 1524 310 1601 uui
324 1523 405 1585 serio
421 1535 455 1582 se
470 1518 568 1598 ipsius
583 1521 706 1585 servitio
725 1524 900 1601 mancipare

1 1641 4 1680 2
33 1621 108 1668 nou
127 1607 281 1669 dubitant.
298 1605 342 1668 tin
360 1621 419 1666 nou
434 1604 524 1682 igitur
539 1605 622 1664 stulti
635 1609 717 1676 sunt,
733 1605 797 1682 oui,
816 1604 901 1668 Chri·

2 1705 3 1734 ι
33 1697 94 1750 sto
112 1689 254 1758 dimisso,
272 1703 485 1762 mammonae,
503 1693 551 1748 out
567 1688 676 1766 gulae,
700 1693 751 1750 cut
765 1687 901 1754 luxuriae

2 1805 3 1816 κ
34 1771 167 1836 servire
182 1769 325 1852 cupienti
340 1769 412 1840 Sed,
428 1767 637 1845 inquiunt‚qui
655 1767 768 1831 Cbrisli
782 1769 901 1832 divilias

1 1886 5 1910 ι
33 1871 107 1915 uon
125 1858 288 1924 noverunt,
306 1855 362 1916 isla
379 1850 468 1914 rerba
483 1857 567 1921 suut,
592 1867 647 1914 nos
663 1851 745 1914 euim
762 1853 900 1916 videmus

2 1987 3 1992 ,
31 1935 158 1999 Christi
176 1937 305 2002 lemulos
329 1936 510 2015 plerumque
535 1949 709 2010 pauperes,
734 1935 899 2010 sordidos,

2 2057 3 2062 κ
30 2019 196 2091 abiectus,
211 2020 327 2082 tristes:
344 2017 424 2081 istud
442 2032 512 2078 nero
528 2017 723 2094 centuplum,
740 2019 821 2095 quod
838 2035 899 2080 ma·

1 2139 2 2144 κ
32 2102 188 2179 guitinus,
203 2117 368 2178 numquam
385 2099 528 2163 vidimus.
545 2095 587 2160 lla
605 2105 675 2170 est,
699 2100 829 2162 earnalis
845 2099 898 2162 he·

1 2251 2 2258 ,
33 2201 94 2244 ruo
113 2203 176 2248 nou
191 2184 262 2246 vidit
276 2200 418 2261 umquem
436 2179 510 2244 iliud
525 2183 799 2260 centuplum,ubed
817 2181 900 2244 Chri·

1 2337 2 2340 Ἴ
33 2273 114 2330 stus
131 2267 294 2346 promisit,
311 2268 380 2344 quia
398 2281 459 2326 nou
476 2262 568 2325 babet
583 2265 689 2326 oeulos
704 2311 712 2338 ,
730 2265 842 2340 quibus
857 2265 898 2327 vi-

32 2350 112 2412 deri
129 2357 347 2428 potesl;ueoue
363 2363 507 2424 umquam
524 2345 656 2408 solidum
669 2347 899 2427 illudgaudium

1 2491 2 2494 ,
36 2436 206 2511 gustavit,
231 2433 312 2512 quud
336 2448 410 2508 pure
427 2429 614 2492 conscicntia
639 2435 669 2490 et
685 2446 753 2492 vere
770 2431 901 2494 charites

39 2533 76 2576 ru
91 2517 193 2580 Deum
211 2515 372 2594 degustare
399 2512 489 2574 solet.
512 2509 573 2572 Sed
596 2512 767 2591 exemplum
791 2510 898 2576 elierre

33 2599 254 2674 colocando
271 2602 435 2674 utcumque
452 2593 583 2655 carnalis
598 2599 687 2654 etlam
705 2595 826 2656 artimus
838 2595 899 2672 spi-

35 2679 175 2744 rituales
190 2679 310 2742 delitias
322 2685 352 2740 et
367 2676 486 2740 divilias
498 2677 648 2752 suspicari
666 2677 901 2756 possitbugitur

36 2763 74 2822 in
94 2764 178 2826 libro
194 2765 402 2840 exemplorum
428 2759 466 2820 de
493 2757 664 2820 illustribus
690 2761 762 2822 viris
784 2761 901 2824 ordinis

42 2844 289 2916 cisterciensis,
317 2841 410 2926 (Diei.
428 2841 457 2904 3.
474 2857 601 2926 o‘aeeanp.
618 2837 687 2926 26.)
710 2841 899 2919 ernulphum

39 2930 213 3004 quemdam
230 2927 325 2990 virum
343 2923 476 2986 nobiiem
493 2930 522 2985 et
538 2923 659 2986 divitem
673 2924 788 2986 relictis
804 2922 900 2984 omui·

1 3057 2 3074 .
39 3013 108 3076 bus
125 3012 235 3072 leolum
249 3026 319 3071 osse
333 3007 513 3071 monachum
528 3003 761 3070 cisterciensem
773 3006 830 3066 sub
844 3005 902 3068 eb·

1 3151 2 3154 ,
44 3096 120 3156 trote
136 3102 242 3157 sencio
257 3091 422 3154 bernardo.
437 3088 526 3152 Hunc
549 3087 631 3150 beus
652 3087 782 3168 flagellis
804 3088 900 3149 doris·

1 3215 2 3238 i
43 3177 139 3240 simis
155 3177 303 3238 rariorum
319 3172 701 3250 rpnrborum,.praeserlim
715 3171 794 3232 circe
807 3167 899 3234 linctu

41 3261 139 3335 vilae,
158 3257 305 3322 exercuit.
322 3256 382 3320 Sed
398 3273 467 3316 cum
484 3254 641 3316 doloribus
663 3250 764 3314 acrius
780 3258 899 3328 torque·

37 3353 142 3416 retur,
159 3341 260 3420 coepit
276 3356 383 3416 magna
401 3353 474 3398 voce
487 3335 669 3408 clamare,ao
686 3333 799 3398 dicere:
817 3331 895 3396 Vero

39 3431 125 3487 saint
144 3427 266 3494 canario,
283 3437 367 3502 paroc
382 3420 507 3488 dimisti,
525 3417 657 3480 Domine
672 3414 756 3480 iesu.
773 3416 902 3479 interro·

43 3507 211 3584 gacnlibus,
229 3506 280 3578 nul
298 3503 447 3576 astabant,
472 3517 526 3560 cur
541 3501 596 3562 ista
613 3505 728 3560 diceret
745 3545 753 3573 ,
769 3500 823 3565 eit:
846 3497 903 3562 iio-

41 3593 157 3651 nvinue
171 3591 208 3651 in
218 3586 395 3664 Evangelio
409 3599 467 3646 suo
483 3582 572 3656 dicit,
597 3582 655 3662 poi
669 3581 836 3660 reliquerit
851 3583 899 3646 di·

40 3675 154 3740 citius,
170 3677 198 3731 et
213 3671 336 3734 omnio.
354 3683 438 3746 pirric
453 3664 545 3729 bobel
559 3671 690 3742 propter
703 3666 900 3744 ipsunteunv

40 3763 257 3834 accepturum
273 3749 457 3828 centuplum
470 3751 506 3810 in
521 3747 581 3810 boo
595 3745 673 3819 nitu,
687 3755 715 3808 et
729 3754 842 3824 postea
855 3751 899 3810 ni·

43 3843 113 3900 lom
127 3831 376 3910 oeternum.iipo
388 3831 452 3892 uim
465 3829 560 3892 liniris
574 3830 901 3906 prcnclcslooisnnnc

40 3922 176 3980 demum
192 3916 338 3992 intelligo
355 3917 384 3976 cl
398 3911 524 3990 faleor,
540 3929 591 3973 rne
605 3928 694 3974 nuno
710 3915 899 3990 centuplum

41 4002 192 4080 acccipere
209 4000 355 4062 oninium
370 4012 453 4074 quoe
469 3994 755 4074 dimisi:sipnideea
766 3997 900 4058 ininten-

39 4101 80 4144 cra
96 4084 196 4146 buius
213 4081 333 4146 doloris
350 4076 507 4141 acerbitas
523 4077 603 4140 odeo
626 4078 707 4140 acilii
729 4082 814 4158 sopit
828 4095 900 4156 pro·

38 4173 116 4243 pler
131 4181 219 4244 spera
237 4163 368 4226 diuinae
392 4160 609 4222 miserationis
623 4206 630 4231 ,
649 4177 733 4236 quoe
748 4161 785 4222 in
800 4180 836 4222 eu
854 4178 901 4224 re·

39 4251 152 4326 posito
169 4253 212 4310 cst
226 4245 318 4319 milti,
333 4249 368 4307 ιιι
382 4243 443 4304 itae
457 4243 531 4318 ipso
553 4246 696 4304 caruisse
718 4260 768 4304 nte
785 4245 897 4319 rioilus,

41 4348 103 4408 pro
120 4328 339 4406 centuplicato
353 4327 469 4388 mundi
483 4323 687 4397 substantie,
711 4341 809 4403 qttonr
826 4329 887 4388 veli

41 4417 115 4493 qui.
144 4413 216 4474 Vere
231 4411 314 4474 cniva
331 4407 502 4486 spirituale
516 4409 688 4486 posidium.
702 4412 790 4488 quud
803 4411 899 4472 inodo

42 4507 88 4556 est
104 4498 143 4558 in
156 4491 474 4573 sperentiesauitlirs
490 4496 646 4567 essuperet
659 4491 820 4570 goudium
832 4509 900 4554 sue·

43 4579 169 4654 cariore,
186 4577 373 4656 quodnnatc
388 4578 433 4636 est
447 4573 484 4635 in
498 4589 544 4634 re:
561 4577 636 4632 llaec
651 4574 714 4634 illc.
730 4573 901 4652 impendat

43 4661 156 4724 lector
172 4662 247 4722 baec
261 4659 363 4733 rerba,
381 4663 412 4717 el
424 4661 528 4736 postea
543 4656 777 4731 iudicet,quanti
790 4657 901 4720 iacieu·

44 4746 80 4806 da
100 4745 140 4806 sit
155 4759 228 4822 spes
243 4748 324 4803 certe
340 4737 485 4803 divinitus
501 4735 612 4826 inlusa,
638 4735 836 4802 beatitudinis
852 4757 902 4802 ae-

45 4835 154 4890 ternae
170 4844 228 4889 ratu
246 4823 444 4886 obtinendae.

395 4987 475 5052 cal.
495 4989 541 5052 tl.

945 1191 1040 1272 Regni
1068 1194 1160 1259 elicui
1184 1194 1399 1260 affectatorem:
1422 1194 1565 1256 audiebat
1579 1195 1725 1260 latronem
1742 1212 1790 1260 so·

946 1276 1025 1335 cium
1042 1293 1129 1338 suum
1146 1279 1256 1340 similia
1278 1276 1397 1341 Cirristo
1412 1277 1680 1356 improperantem.
1696 1279 1789 1343 iieruo

947 1364 1021 1430 erat,
1045 1359 1096 1436 oui
1114 1377 1167 1437 pro
1183 1358 1301 1424 Christo
1316 1359 1440 1422 verbum
1455 1359 1577 1438 aliquod
1600 1361 1787 1440 loqueretur3

946 1456 980 1502 ac
1001 1456 1040 1500 ue
1063 1443 1129 1519 ipse
1149 1445 1271 1520 quidem
1294 1440 1432 1506 Christus
1453 1441 1660 1520 blasphemias
1680 1445 1791 1508 illesel

945 1523 1102 1587 maledieta
1117 1523 1289 1588 refellebat.
1301 1525 1338 1588 lit
1350 1531 1450 1587 temen
1466 1523 1619 1602 aspirante
1630 1529 1722 1604 gratio
1735 1527 1789 1590 bei

945 1622 1013 1667 euru
1027 1605 1076 1668 bic
1093 1609 1209 1670 nulium
1232 1608 1411 1670 adsalutem
1435 1604 1605 1668 subsidium
1623 1607 1734 1673 bebere
1750 1610 1790 1671 vi·

945 1695 1079 1761 deretur,
1096 1699 1126 1753 et
1139 1693 1300 1771 genennae
1316 1686 1522 1752 noluissimus
1544 1697 1640 1766 esset,
1657 1697 1715 1754 ete
1732 1694 1788 1754 rita

945 1777 1066 1834 aeterne
1082 1791 1173 1852 quern
1187 1772 1367 1854 longissimo
1382 1772 1516 1845 abesset,
1531 1767 1562 1830 in
1579 1779 1744 1846 momento,
1756 1776 1791 1838 it·

945 1854 1102 1932 lustratos,
1117 1863 1146 1916 el
1158 1857 1195 1920 ud
1212 1858 1336 1919 meliora
1353 1853 1693 1927 conversus,coulltetuv
1708 1855 1792 1918 Cirri-

945 1943 1023 1998 stum
1040 1951 1110 2000 esse
1125 1937 1321 2001 innocentem
1338 1944 1367 2000 et
1382 1935 1494 2015 Regem
1517 1935 1607 1998 luluri
1619 1939 1746 2002 saeculi:
1763 1943 1793 2002 el

947 2017 1035 2098 quasi
1052 2021 1239 2096 praedicator
1254 2019 1394 2090 effectus,
1409 2015 1535 2094 corripit
1549 2018 1685 2083 sodalem
1702 2037 1791 2083 suum

945 2101 1052 2164 suadet
1067 2101 1112 2163 illi
1129 2101 1358 2180 poeniteutiam3
1375 2103 1405 2160 et
1419 2115 1520 2162 coram
1537 2099 1692 2172 omnibus,
1710 2119 1795 2166 eoin·

946 2185 1068 2246 tuendel
1082 2201 1116 2246 se
1132 2187 1239 2248 devote
1256 2189 1286 2246 et
1297 2180 1449 2244 humililer
1462 2179 1734 2262 Cirrist0.Deniuue
1751 2186 1792 2248 ite

945 2281 979 2328 se
994 2265 1082 2344 gerit,
1106 2274 1138 2328 ut
1153 2267 1232 2343 quud
1248 2267 1407 2343 supererat
1428 2263 1566 2342 poenalis
1588 2265 1742 2330 eruciatus
1760 2269 1790 2329 in

946 2346 1041 2426 ligno,
1057 2347 1341 2412 cuarvertereturilli
1364 2346 1395 2408 iu
1418 2345 1620 2426 purgatoriam
1643 2364 1786 2427 poenam,

946 2434 977 2491 ct
991 2447 1057 2492 rnox
1081 2449 1095 2490 a
1112 2439 1207 2494 niorto
1224 2431 1348 2492 intraret
1368 2429 1398 2490 in
1422 2425 1565 2507 gaudium
1589 2427 1710 2493 Domini
1728 2434 1790 2496 sui.

944 2513 988 2576 lla
1003 2528 1063 2591 quo
1076 2511 1287 2590 intelligimus,
1305 2512 1423 2575 nullum
1439 2509 1552 2572 debere
1565 2511 1729 2589 desperare
1742 2531 1789 2576 sa·

948 2597 1056 2669 lulem,
1073 2597 1195 2671 quando
1218 2595 1300 2670 iste,
1322 2593 1373 2673 qui
1390 2593 1471 2654 remit
1486 2592 1522 2654 ed
1539 2592 1655 2654 vineam
1671 2595 1793 2663 Domini

947 2679 1020 2740 bora
1036 2677 1098 2741 iere
1114 2677 1316 2748 duodecima,
1339 2677 1512 2738 mercedem
1533 2675 1641 2752 accipit
1656 2695 1726 2740 cum
1743 2679 1792 2744 iis.

945 2757 999 2836 qui
1014 2766 1158 2822 venerant
1170 2762 1242 2822 bora
1259 2761 1367 2838 prime.
1384 2755 1491 2820 Contra
1505 2773 1573 2820 vero
1586 2760 1660 2821 lelro
1672 2764 1795 2838 aller‚ut

945 2843 1123 2904 ostendatur
1139 2842 1298 2906 intirmilas
1313 2843 1467 2912 bumana,
1493 2857 1553 2902 non
1576 2846 1621 2902 rsl
1637 2852 1793 2908 correctus

946 2939 983 2985 ex
998 2929 1055 2986 tam
1069 2923 1182 3004 insigni
1199 2925 1344 2988 obesitate
1359 2921 1479 2990 Christi,
1495 2923 1546 3000 qui
1561 2939 1621 2986 non
1635 2924 1793 2990 crucifixo·

945 3005 1032 3069 ribus
1043 3007 1108 3070 suis
1122 3015 1178 3068 tem
1192 3015 1329 3071 amanter
1341 3008 1447 3082 oravll;
1459 3002 1545 3087 (buc.
1561 3003 1793 3084 diluscescit

946 3091 1068 3166 proprio
1090 3089 1243 3168 supplicio
1257 3104 1333 3162 suo,
1356 3103 1458 3165 nequo
1480 3104 1516 3148 ex
1537 3089 1742 3153 admonitione
1764 3099 1794 3154 et

946 3172 1087 3250 exemplu
1102 3173 1297 3250 sarliusque
1312 3188 1347 3234 er
1365 3169 1495 3232 insolitis
1513 3170 1658 3248 tenebris,
1675 3178 1791 3236 etscls·

945 3253 1033 3316 sione
1050 3261 1215 3331 petrarum3
1233 3269 1332 3331 neque
1347 3253 1486 3331 exemplo
1499 3267 1615 3326 eorum,
1632 3258 1696 3332 qni,
1711 3254 1792 3319 Clui·

944 3347 991 3399 sto
1020 3342 1162 3408 mortuo,
1184 3337 1415 3400 revertebantur
1440 3339 1644 3412 perculientes
1671 3349 1792 3415 pectora

946 3436 1014 3481 sua.
1032 3419 1115 3492 Quae
1130 3420 1230 3482 omnic
1253 3419 1449 3498 contigerunt
1471 3425 1539 3494 post
1561 3419 1792 3484 conversionem

946 3503 1019 3563 boni
1034 3501 1173 3574 latronis,
1192 3500 1650 3578 ut,intelligeremus,lalrouem
1666 3505 1793 3568 alterum

945 3584 1014 3648 sine
1033 3586 1082 3648 bis
1097 3585 1245 3647 subsidiis
1262 3583 1397 3647 converti
1414 3584 1565 3661 potuisse;
1581 3582 1707 3646 alterurn
1724 3603 1792 3650 curu

947 3665 996 3729 liis
1011 3668 1156 3730 omnibus
1172 3683 1231 3730 uon
1246 3667 1397 3746 potuisse.
1412 3665 1458 3728 vel
1474 3667 1575 3742 potius
1591 3666 1739 3730 noluisse.

985 3747 1022 3812 Αι
1038 3767 1106 3825 cur,
1123 3749 1255 3828 inquies,
1273 3749 1355 3820 ileos
1369 3749 1421 3810 uni
1437 3750 1561 3828 gratiam
1584 3749 1796 3814 conversionis

945 3832 1117 3908 inspirarit,
1134 3833 1220 3896 alteri
1238 3849 1297 3894 nou
1314 3830 1488 3908 inspiravit?
1506 3830 1698 3908 despondeo,
1712 3831 1794 3894 suili-

945 3914 1077 3978 cieutorn
1093 3918 1219 3993 gratiam
1234 3917 1332 3977 neutri
1349 3910 1498 3987 demisse,
1516 3919 1545 3990 et
1560 3913 1585 3972 si
1599 3913 1675 3976 alter
1690 3930 1797 3976 eoruru

946 3998 1047 4073 periit,
1065 3998 1153 4076 culpa
1170 4015 1223 4062 sua
1241 3997 1341 4077 periit,
1358 3995 1384 4058 si
1401 3995 1475 4058 alter
1488 4011 1655 4058 conversus
1668 4003 1795 4076 est‚gra·

947 4082 984 4142 lia
1001 4079 1056 4142 liei
1075 4094 1241 4146 conversus
1258 4085 1380 4152 estnon
1397 4077 1463 4140 sine
1476 4077 1691 4154 cooperatione
1709 4078 1797 4141 liberi

945 4163 1073 4226 arbitrii.
1093 4163 1151 4224 Sed
1168 4181 1223 4226 eur
1240 4165 1361 4240 iugules
1386 4177 1447 4222 uon
1472 4160 1556 4221 dedit
1578 4163 1699 4238 utrique
1714 4160 1796 4224 Deus

945 4245 1069 4326 gratiam
1087 4247 1167 4307 illern
1185 4245 1352 4318 elllcaoem,
1376 4256 1484 4322 queue
1502 4241 1586 4304 nullo
1608 4243 1683 4306 duro
1701 4243 1794 4306 eorde

946 4327 1117 4406 respuitur?
1133 4327 1216 4390 lsrau
1233 4329 1269 4388 ad
1283 4331 1398 4389 secreta
1415 4325 1467 4388 bei
1484 4323 1629 4401 pertinet,
1644 4341 1722 4404 quae
1739 4342 1795 4386 rios

946 4411 1100 4480 admirari,
1119 4429 1179 4474 uon
1193 4407 1322 4473 scrutari
1333 4409 1434 4478 decet,
1447 4425 1515 4470 corn
1530 4407 1605 4468 illud
1619 4407 1709 4472 nobis
1723 4409 1797 4470 satis

947 4509 1017 4557 esse
1030 4495 1151 4558 debeat.
1171 4509 1232 4554 non
1248 4507 1320 4554 esse
1336 4488 1527 4564 iniquitatem
1544 4489 1623 4563 apud
1641 4491 1750 4558 Deum,
1768 4498 1800 4552 ut

946 4577 1107 4654 llposlolus
1124 4569 1426 4654 loqultmiltoaat.)
1437 4578 1466 4635 el
1478 4571 1592 4634 iudicia
1606 4570 1660 4634 liei
1677 4574 1795 4636 occulta

947 4675 1018 4722 osse
1031 4659 1246 4730 posseiniusta
1257 4673 1330 4720 esse
1345 4673 1406 4720 uon
1424 4659 1564 4732 possenti
1578 4653 1712 4716 louuitur
1726 4671 1796 4719 sau·

946 4750 1013 4802 olus
1027 4741 1138 4803 Ductor
1152 4740 1351 4819 Augustinus.
1369 4737 1484 4818 (Epist.
1503 4733 1588 4810 lbi.)
1605 4735 1683 4798 iliud
1698 4739 1796 4814 magis

946 4827 983 4886 ed
999 4840 1055 4886 uos
1069 4826 1212 4902 pertinet,
1229 4828 1261 4886 ut
1274 4821 1312 4884 ab
1327 4821 1375 4884 bis
1390 4820 1539 4898 exemplis
1563 4819 1721 4886 discemus,
1734 4836 1795 4880 nou

946 4904 1067 4968 dillerre
1083 4906 1313 4968 conrersiunem
1330 4917 1428 4982 usque
1450 4903 1486 4963 ed
1502 4901 1581 4964 vitae
1603 4899 1707 4962 baem.
1724 4899 1798 4964 Nem

947 4992 1003 5053 etsi
1021 4989 1072 5050 uni
1090 4987 1229 5066 contigit,
1252 4985 1283 5050 in
1299 4985 1520 5050 extranaeum
1538 4982 1590 5044 Dei
1607 4985 1734 5060 gratiana
1753 4986 1797 5046 iu-

863 5089 865 5094 ’
947 5073 1064 5150 venire3
1079 5070 1165 5135 elteri
1180 5071 1307 5150 contigit
1322 5069 1467 5133 iudicium
1481 5065 1625 5129 inveniri.
1640 5068 1675 5130 El
1690 5067 1714 5129 si
1730 5063 1799 5142 ouis

187 5157 231 5222 lle
245 5157 385 5222 renuardo
397 5157 505 5234 fructu
519 5158 605 5223 corbi
618 5160 765 5222 secundi.

87 5327 172 5390 Alter
186 5323 303 5390 iructus
318 5331 366 5388 est
376 5323 514 5388 eiusdem
537 5325 665 5388 secundi
681 5323 781 5397 verbi,
796 5323 901 5402 cogni·

49 5411 89 5472 lio
106 5407 260 5486 potentiae
274 5409 389 5488 gratiae
404 5409 469 5478 liei,
487 5414 515 5468 el
531 5407 749 5470 imbecillitatis
764 5407 898 5470 volunte-

49 5499 88 5556 lis
106 5491 318 5556 bumeueelia
330 5509 389 5570 que
406 5491 579 5570 cognitione
594 5492 717 5553 discere
733 5491 903 5568 poterimus

47 5577 197 5654 optimum
212 5591 283 5640 esse
298 5573 454 5638 conlidere
471 5574 635 5652 plurimum
659 5574 689 5634 in
708 5572 820 5636 auritio
834 5571 898 5646 bei,

48 5666 78 5722 et
95 5657 236 5736 diffidere
249 5657 417 5738 plurimum
434 5655 471 5719 de
488 5655 602 5720 viribus
625 5657 767 5734 propriis.
786 5653 903 5734 cogno·

946 5155 994 5218 vel
1006 5153 1150 5216 bistorias
1165 5154 1259 5232 leget,
1275 5153 1323 5214 vel
1337 5167 1427 5214 casus
1441 5147 1640 5228 quotidianos
1657 5150 1800 5212 observet

946 5237 1080 5300 inveniet
1094 5235 1246 5315 prolecto,
1270 5236 1443 5298 rarissimos
1459 5231 1571 5302 luisse,
1592 5233 1642 5309 qui
1667 5231 1798 5294 ielioiter

947 5322 986 5384 de
998 5320 1057 5382 boo
1073 5319 1186 5382 mundo
1202 5317 1342 5385 exierint,
1365 5333 1433 5378 oum
1449 5331 1504 5392 per
1517 5318 1615 5376 toturn
1633 5317 1709 5376 vilae
1725 5329 1800 5376 suae

948 5418 1071 5466 cursum
1082 5401 1202 5480 perdite
1218 5401 1357 5474 vixerint,
1374 5406 1404 5461 et
1419 5403 1522 5463 contre
1538 5397 1689 5474 plurimos
1704 5395 1800 5456 tuisse

946 5487 998 5564 qui
1014 5492 1083 5564 post
1098 5485 1188 5548 vitam
1205 5484 1397 5562 negligenter
1412 5485 1532 5553 actem,
1558 5482 1598 5542 ed
1615 5495 1731 5557 poenes
1748 5494 1796 5538 ae-

948 5575 1049 5633 ternos
1069 5567 1147 5646 rapti
1169 5566 1292 5628 lucriul.
1317 5561 1578 5638 Quemadmodum
1602 5579 1618 5624 e
1642 5563 1798 5622 contrario

949 5667 1061 5730 paucos
1076 5649 1199 5714 omniuo
1217 5647 1380 5725 numerari,
1404 5645 1454 5725 qui
1472 5647 1550 5710 bono
1574 5650 1739 5720 sancteque
1759 5644 1799 5706 vi-
