4044 6256
810 321 918 380 mann
942 287 1100 396 enarres

1714 327 1767 392 563

2 428 21 480 ³³
61 467 129 527 oea
159 455 374 538 blasphemiae
406 452 587 521 unctoribus
617 458 849 518 mercenarium
874 454 932 518 liei
976 452 1187 529 nelim,beiua
1202 453 1413 518 milesinde
1425 459 1579 520 rectorem
1592 457 1774 533 [lcumena
1787 460 1841 538 eui

59 537 221 614 templum
246 539 437 615 traditurus3
460 537 515 599 sed
537 535 666 608 silibet,
691 551 740 600 me
756 536 932 601 interlicere
976 543 1080 600 centra
1095 534 1842 620 illiumsuumunigenitumloenenterblaspbe·

3 619 21 705 j}
60 615 120 678 bic
137 623 234 698 inians,
254 620 302 685 rei
316 619 448 696 cuspide
463 619 583 687 bastae,
600 617 649 681 rel
664 618 770 697 gladie
793 619 933 684 contedi-

2 699 23 788 ᾗ
62 706 116 761 to:
137 719 206 765 sum
234 704 315 766 euim
345 701 471 779 cupide,
493 718 530 762 ae
552 702 687 763 libenter
706 702 786 764 bane
800 703 929 766 caedam

59 795 268 858 excepturus.
286 785 392 862 Longe
418 790 521 844 nemin
538 798 688 860 pompare
705 790 785 859 posi,
803 784 856 846 nbi
868 785 929 848 bia·

3 867 19 986 Ξ
57 866 169 929 ximus
186 869 226 931 de
241 868 378 931 iaciuere
394 873 502 928 eontra
523 866 806 942 praeclarissimum
822 869 930 930 verita·

57 950 101 1008 t·s
131 966 320 1024 praeconem
350 947 572 1024 Ambrosium3
602 962 658 1023 per
681 947 930 1012 Valentinianum

979 617 1068 689 uiae,
1085 616 1191 684 itidem
1206 619 1367 695 detestari,
1384 626 1415 683 et
1427 628 1583 699 ,tamquam
1605 625 1745 703 ingratos
1767 641 1839 702 erpa

977 705 1178 775 servatorem,
1196 707 1227 764 et
1242 708 1403 781 patronum
1419 720 1509 766 seem
1522 704 1593 768 odie
1607 708 1767 784 prosequi.
1783 707 1842 770 du·

977 781 1026 844 ies
1042 784 1217 848 institutum
1234 801 1304 848 cem
1317 786 1389 848 ,boe
1412 793 1501 864 pecte
1523 789 1722 865 cognovisset
1738 789 1839 868 impe-

978 870 1071 942 rater;
1083 866 1160 929 taeta
1177 866 1256 937 eiua,
1270 867 1415 944 elaeone
1431 869 1522 930 simul
1536 870 1720 946 admiratus;
1737 872 1838 948 legem

978 947 1119 1022 protinus
1142 949 1341 1028 conseripsit,
1366 967 1446 1029 puae
1463 950 1593 1027 vetabat,
1611 958 1784 1015 curremus
1800 954 1838 1016 nb

4 1021 16 1066 ³³
56 1031 213 1107 admisso,
232 1032 347 1096 certior
363 1032 536 1106 taeteses13
554 1031 663 1090 scribit
686 1029 725 1092 ad
741 1030 929 1094 Valentinia-
977 1029 1142 1096 haereticis
1165 1031 1227 1109 agi.
1252 1034 1362 1094 Teium
1386 1049 1497 1096 amnes
1519 1034 1695 1096 eommunis
1709 1033 1839 1096 humani

9 1113 12 1141 ¹
58 1129 139 1174 num
169 1117 288 1186 literas,
313 1116 514 1190 imitaturque
535 1114 577 1174 uti
600 1119 662 1175 tum
685 1129 700 1177 a
723 1113 807 1176 belle
822 1119 930 1178 eontra

976 1109 1105 1188 perieris
1125 1115 1293 1178 aduersarii
1311 1114 1485 1180 tendiculas
1501 1116 1609 1190 aliare,
1624 1133 1686 1179 nou
1701 1117 1779 1180 adeo
1795 1117 1838 1180 ia·

5 1189 15 1231 f
58 1195 211 1266 pietatem
228 1197 370 1259 iaciendo
386 1195 608 1270 desistat,'tum
633 1211 672 1258 nu
687 1202 847 1274 palernam
864 1198 931 1275 pie-
977 1192 1039 1255 cilc
1062 1199 1121 1260 ost.
1140 1197 1332 1276 Quapropter
1358 1197 1549 1260 admirabilis
1576 1200 1643 1275 ipsa
1669 1199 1841 1275 Imperator

5 1276 14 1318 '-
59 1283 157 1340 tatem
185 1281 318 1357 prodero
346 1276 500 1348 rnoliater,
519 1285 678 1353 postremo
703 1280 849 1352 minatur,
866 1279 931 1342 bel·

3 1353 13 1392 ³
56 1358 141 1434 luni,
155 1363 180 1424 si
198 1377 260 1424 non
276 1362 482 1431 obtemperet,
500 1375 535 1420 se
551 1367 659 1421 contra
679 1374 748 1421 euni
765 1369 931 1439 suscapie-

3 1437 13 1486 ἓ
56 1458 143 1513 ium,
161 1454 253 1519 atoue
269 1444 351 1521 qued
370 1443 467 1504 literis
483 1441 722 1522 significaverat,
736 1443 825 1506 iactis
842 1460 931 1522 pree·

3 1522 13 1564 ¹3·
56 1527 152 1587 stitit.
170 1528 241 1588 Nam
267 1527 400 1587 collecto
417 1525 556 1586 exercite
569 1524 792 1602 Mediolanum,
808 1525 862 1588 ubi
878 1543 931 1589 ae·

3 1591 12 1650 'i

57 1613 156 1669 tatoni
185 1608 296 1687 agebat
324 1607 579 1682 Valentinianus,
608 1614 728 1668 mutere
752 1609 926 1674 contenditt

2 1691 10 1732 i
57 1691 154 1752 ouius
179 1693 313 1754 ediante
341 1691 478 1768 cognite,
495 1689 733 1752 Valentinianus
747 1690 825 1769 inpii
840 1691 871 1774 in
888 1691 929 1754 Il·

2 1775 12 1816 l

3 1841 4 1844 Ἴ
54 1770 206 1849 lyricum,
225 1775 285 1836 iarn
308 1773 440 1836 edoctus
464 1772 652 1848 experientia
675 1771 748 1848 quid
773 1771 927 1835 commodi

3 1855 11 1902 t
57 1860 241 1917 rnaternum.
252 1857 407 1918 attulisset
421 1856 600 1916 eonsilium.
615 1853 811 1918 Theodosius
823 1863 926 1918 auteur

3 1941 5 1980 i
55 1940 146 1997 omni
164 1939 256 2000 laude
278 1939 456 1999 cumulatus
470 1937 654 2013 Imperator,
672 1953 743 1998 eum
758 1937 872 2000 certior
886 1940 912 1999 ia

2 2023 9 2066 i
57 2027 132 2084 eins
148 2028 235 2082 esset
260 2027 319 2082 tam
345 2020 493 2082 derebus
516 2019 554 2080 ab
578 2018 928 2082 adolescentellalenii·

5 2136 10 2152 .
59 2104 156 2163 niano
172 2103 362 2178 Imperatore
376 2103 485 2179 gestis,
500 2117 590 2178 enam
609 2100 794 2179 deTyranni
807 2101 929 2166 Maximi

58 2183 173 2261 lileris3
190 2187 297 2247 scribit
314 2187 351 2245 ad
368 2185 631 2249 Valentinianum.
647 2201 707 2244 nen
721 2183 839 2258 debere
852 2200 926 2248 eum

60 2268 178 2331 mirari.
195 2273 279 2344 oiiod
297 2269 355 2327 sibi
372 2267 553 2344 Imperatori
580 2276 676 2328 terren
699 2269 847 2329 incessas
863 2267 929 2328 lue·

59 2358 119 2423 rat,
138 2357 166 2409 et
184 2351 278 2412 robur
293 2351 437 2430 Tyranno
458 2349 651 2411 adiunctum.
668 2349 739 2409 tiam
757 2349 926 2426 imperate·

978 1276 1133 1338 benarnae
1166 1289 1294 1341 naturae
1326 1279 1482 1359 particeps
1508 1297 1523 1339 a
1555 1281 1841 1357 perturbationibus

978 1359 1842 1441 ninimeiaeuusluii:oeippeimmoderalnnnimieon·

979 1441 1218 1518 eitatieue‚euin
1236 1446 1316 1506 iusta
1335 1445 1494 1506 iracundia
1511 1447 1692 1520 coniuncta,
1709 1446 1832 1508 lacinus

977 1525 1105 1585 crudele
1122 1525 1290 1590 commisit.
1305 1526 1391 1602 Quod
1405 1525 1530 1604 quidem
1547 1528 1585 1588 ad
1599 1528 1768 1604 tepentium
1782 1529 1841 1588 iili-

976 1606 1092 1668 litetem
1110 1607 1169 1669 bec
1194 1608 1263 1671 lece
1290 1610 1558 1671 eornrnernorabe:
1585 1627 1654 1671 nam
1671 1611 1839 1684 eiusmodi,

975 1691 1116 1766 proiecte
1133 1697 1193 1760 est,
1210 1699 1243 1751 ut
1266 1691 1439 1766 irnpernter
1459 1695 1517 1753 iste
1540 1691 1731 1754 admirabilis
1753 1692 1792 1754 eb
1809 1697 1839 1754 ie

976 1777 1039 1832 tuni
1056 1770 1088 1832 in
1103 1774 1222 1835 crimen
1238 1775 1349 1835 merite
1366 1774 1478 1844 iocari,
1497 1782 1692 1836 tamensim
1712 1791 1835 1836 summe

979 1852 1083 1929 leude,
1101 1871 1137 1917 ac
1155 1855 1386 1931 praedieatione
1402 1855 1506 1917 efferri
1522 1857 1645 1919 debeat.

1019 1936 1241 1998 Thessalonica
1259 1939 1334 1998 urbs
1350 1939 1603 2012 estamplissima
1626 1938 1679 2002 ilia
1695 1940 1837 2016 puidam,

977 2021 1009 2080 el
1031 2023 1137 2083 irruitis
1160 2019 1344 2082 hominibus
1370 2021 1584 2093 ireeeentaln:
1609 2037 1689 2097 quae
1715 2023 1839 2085 tametsi

975 2098 1117 2164 subiecta
1132 2109 1180 2165 est
1194 2101 1303 2163 ditioni
1319 2101 1543 2180 btaeedenum3
1569 2119 1642 2180 prae
1658 2105 1778 2166 cunetis
1797 2111 1840 2163 ln-

977 2199 1049 2244 men
1068 2184 1399 2260 urbibesTbesaaliae.
1415 2185 1561 2259 lebetae,
1577 2186 1747 2248 oratiarum
1764 2206 1840 2264 pree-

977 2269 1052 2327 tium
1071 2266 1285 2342 plurimarum,
1309 2282 1387 2343 quas
1402 2265 1579 2330 Praefectus
1594 2268 1717 2347 Illyriae
1733 2269 1841 2330 mede-

976 2357 1082 2428 rrtur3
1106 2349 1221 2426 primas
1244 2349 1377 2411 oblinet.
1394 2348 1428 2410 ln
1452 2350 1508 2410 liae
1530 2355 1652 2410 civitate
1675 2368 1745 2413 curn
1761 2351 1841 2412 luite

60 2447 128 2491 rem
144 2434 239 2494 armis
255 2433 399 2509 pietatem
417 2434 632 2508 impetrassem
649 2429 825 2511 Tyrannum
842 2447 925 2494 eam·
977 2432 1090 2493 sedilie
1105 2433 1258 2493 concitata
1276 2436 1373 2502 esaei,
1391 2434 1589 2508 magistrates
1605 2432 1721 2510 aliquot
1736 2434 1839 2495 obruti

59 2513 132 2574 dem
150 2516 343 2577 deiendisse.
369 2516 467 2591 libne
494 2514 580 2575 illum
609 2515 667 2577 buc
694 2515 826 2590 prodita,
844 2515 925 2578 iner-
975 2511 1132 2590 lapidibus
1157 2514 1257 2582 lucre,
1282 2521 1313 2575 ei
1339 2515 1486 2593 gravibus
1511 2516 1708 2578 contumetiis
1728 2517 1841 2579 nenati.

60 2612 142 2658 mem
160 2598 191 2658 in
208 2597 309 2677 lugam
333 2598 508 2659 contectum
524 2615 533 2675 3
557 2596 641 2658 bene
662 2610 697 2655 en
723 2596 815 2657 retuli
832 2596 927 2661 armis
976 2593 1096 2667 Quibus
1111 2598 1205 2659 rebus
1222 2597 1382 2670 nuntiatis,
1400 2595 1571 2669 imperator
1587 2596 1651 2659 bile
1673 2611 1838 2660 aecensus:

3 2693 5 2734 i
60 2679 924 2757 niunitnm,euniillanudatumdevicisse3pieiatienim
975 2677 1842 2754 flammeeneutiuuamrepressitirneundine,sedillies

61 2760 133 2821 eius
150 2761 359 2837 legislatorem
379 2763 492 2824 lavere.
509 2761 571 2824 lata
593 2761 719 2836 euidcm
744 2777 814 2822 cum
832 2761 926 2841 longo
973 2759 1517 2841 arbitriepermisitprenenciandae
1530 2761 1704 2824 sententiae
1717 2763 1843 2837 ‹iesup-

61 2843 308 2906 avalaniiniano
321 2845 456 2914 abesset,
471 2842 599 2920 scripsit
610 2841 926 2920 Theodosiusbloue
976 2842 1070 2918 plicia
1086 2842 1423 2918 Thessalonicensibus
1439 2843 1623 2918 irrogandae
1641 2850 1840 2920 potestatem.

59 2925 155 2985 simet
170 2933 201 2986 nt
214 2930 332 3004 aceepit
345 2928 382 2987 du
396 2926 464 3004 tuga
478 2925 698 2998 Valentiniani,
714 2925 798 2986 venii
811 2926 840 2986 ei
853 2927 926 2989 sub·
978 2923 1139 2988 iracundia
1162 2926 1256 3002 igitur
1279 2927 1358 2986 banc
1380 2928 1593 2986 austeritatem
1616 2931 1703 2987 nacta
1719 2927 1842 3003 gladios

59 3009 156 3077 sidio,
172 3009 325 3087 illumque
341 3010 401 3069 iam
417 3009 573 3084 epreprie
587 3007 723 3086 imperio
735 3009 884 3080 electum,
897 3016 929 3072 et
975 3016 1083 3068 centra
1109 3023 1221 3068 omnies
1237 3007 1403 3076 distrinxit,
1426 3013 1457 3068 ct
1479 3006 1622 3072 insontes
1638 3009 1840 3084 perticarum

59 3089 99 3149 ad
117 3105 203 3152 suam
220 3091 369 3152 ditionem
383 3091 586 3158 repedantem
599 3089 813 3165 conspicatus.
829 3091 929 3166 primo
977 3088 1123 3151 sentibus
1139 3089 1311 3151 truotdnrit.
1325 3087 1397 3150 Nam
1414 3093 1535 3167 sepiem
1553 3089 1713 3151 bominum
1732 3089 1840 3162 millia,

3 3191 5 3234 i
61 3172 168 3232 aniano
184 3171 253 3234 eius
279 3174 409 3234 adtribei
436 3173 639 3236 curationem.
665 3171 832 3248 impietatis
849 3188 930 3234 mor·
976 3171 1018 3232 uti
1034 3173 1148 3247 icrunt,
1163 3170 1323 3233 interiecta
1338 3170 1472 3241 luerunt,
1487 3172 1516 3230 in
1534 3187 1591 3243 oua
1604 3172 1763 3234 occisione
1778 3187 1841 3232 nen

62 3257 138 3314 beni
154 3254 247 3315 altius
267 3254 396 3319 insitum
420 3254 542 3328 evellit,
566 3260 596 3316 et
610 3255 648 3315 ad
667 3253 812 3331 pietatem
830 3263 931 3332 pater·
975 3254 1124 3320 tudinium
1145 3259 1367 3326 antecesserat,
1393 3269 1496 3326 neone
1521 3261 1667 3314 auctores
1695 3261 1755 3316 turn¹
1771 3256 1842 3314 ber·

63 3352 134 3396 narn
153 3335 286 3398 reducit:
304 3338 418 3398 deinde
434 3335 520 3398 tebet
536 3338 619 3399 bone
634 3338 740 3398 aninie
753 3351 840 3397 esse.-
855 3354 930 3400 eena
976 3336 1065 3398 renel
1078 3335 1223 3402 facinoris
1236 3336 1316 3398 iusta
1332 3342 1362 3397 et
1375 3335 1511 3410 legitima
1523 3339 1677 3398 sententie
1691 3335 1838 3400 condem·

57 3427 106 3477 tra
123 3418 300 3496 Tyrannum
312 3419 427 3480 bellem
441 3422 533 3495 gerit,
546 3418 614 3479 sine
627 3417 789 3494 sanguinis
800 3417 927 3499 eilnsioa
976 3420 1051 3495 nnti;
1068 3419 1125 3481 sed
1141 3434 1252 3484 omnes
1268 3420 1372 3488 simet,
1390 3417 1484 3479 ueluti
1501 3417 1608 3492 spicae
1624 3419 1656 3480 in
1669 3433 1774 3480 messe
1786 3420 1842 3480 de·

67 3517 107 3559 ne
123 3501 317 3562 adolescenti
340 3501 473 3562 restituit
495 3501 682 3578 Imperium,
699 3507 737 3562 *et
750 3499 928 3579 Tyrannum
975 3509 1093 3575 aeetae,
1112 3501 1383 3563 concisi-tuerent.
1400 3499 1464 3562 Hac
1481 3499 1656 3562 miseranda
1669 3508 1700 3562 et
1714 3499 1840 3578 lugubri

66 3582 225 3644 latericii.
242 3585 313 3644 bain
329 3600 394 3645 rem
413 3585 558 3658 iniustam
583 3599 617 3644 se
630 3579 782 3646 iacturum
800 3587 929 3659 putanti,
976 3584 1149 3646 calamitate
1170 3585 1313 3660 cognita,
1330 3580 1509 3644 Ambrosius
1525 3581 1708 3658 imperatori
1724 3583 1841 3645 Medio·

66 3671 98 3725 et
114 3665 237 3727 loedere
255 3683 325 3728 cum
342 3665 485 3728 Gratiano
501 3669 589 3743 pacta
611 3665 807 3742 violaturum3
823 3663 851 3728 ai
866 3681 927 3729 nun
977 3666 1079 3726 lenum
1096 3666 1285 3737 adventanti,
1303 3671 1334 3725 et
1350 3667 1380 3726 in
1398 3679 1520 3726 sacrum
1543 3665 1693 3741 temptem
1715 3664 1841 3743 ingredi

68 3762 187 3822 poenas
202 3748 242 3811 de
258 3746 509 3810 intertectoribus
524 3749 591 3809 suis
607 3754 775 3823 repeteret,
975 3749 1131 3827 cupienti3
1148 3756 1244 3810 extra
1258 3762 1345 3809 sacra
1368 3745 1519 3808 vestibula
1543 3749 1663 3809 ebriam
1681 3748 1835 3824 procedit,

109 3829 354 3908 t’oslTbeodesit
368 3829 865 3907 illinereiiiinm.emptiilccliius
879 3829 932 3894 ille
974 3836 1119 3907 acinique
1146 3831 1177 3890 in
1203 3830 1353 3906 templum
1380 3833 1495 3891 intrare
1505 3855 1517 3896 .·
1530 3835 1561 3890 et
1583 3829 1632 3890 bis
1654 3830 1720 3891 lere
1737 3828 1839 3892 inibis

66 3911 270 3982 admirabilis,
287 3916 419 3974 accessit
436 3911 657 3988 imperatorem
672 3919 828 3986 crateres,
846 3921 879 3974 ui
894 3929 931 3975 ex
977 3927 1047 3973 eum
1065 3910 1186 3987 effatur.
1203 3913 1255 3974 liei
1272 3912 1451 3985 verisimile,
1469 3925 1489 3972 e
1505 3910 1688 3988 imperator,
1706 3916 1736 3973 le
1752 3911 1839 3990 igne·

66 3993 211 4069 urbibus,
229 3993 412 4056 baianorum
428 4002 599 4056 conventus
614 3993 731 4056 eiiciet.
750 3996 785 4054 itt
797 3993 931 4072 impere-
977 4009 1047 4056 rnre
1062 3994 1168 4056 caedis
1183 3994 1239 4056 abs
1256 3999 1285 4056 te
1302 3997 1437 4071 patratae
1454 3993 1712 4071 magnitudinem,
1737 4009 1840 4072 neque

68 4082 127 4142 lor,
146 4079 386 4151 postulationem
405 4078 487 4138 illam
505 4075 600 4136 nimis
622 4091 777 4149 severam,
794 4085 824 4139 et
839 4078 929 4142 inbe·
977 4082 1049 4154 post
1062 4079 1200 4138 sedatam
1218 4077 1408 4138 iracundiam
1424 4077 1595 4138 admissum
1607 4074 1728 4136 lneinns
1740 4077 1840 4152 perii·

68 4175 190 4220 minam
214 4161 392 4233 arbitratus,
417 4163 536 4220 reiecit.
559 4159 815 4236 sapientissimus
837 4158 932 4238 ipiinr
977 4160 1066 4220 dere:
1085 4175 1153 4220 nam
1170 4159 1389 4238 imperatorius
1408 4157 1539 4220 tortasse
1562 4159 1754 4234 principatus
1769 4173 1841 4236 per-

66 4239 315 4316 Amptiiiocbiua.
330 4257 362 4303 re
373 4242 410 4301 ad
424 4246 549 4316 tempus
561 4240 662 4316 tacita,
674 4241 765 4302 eliam
780 4242 931 4308 rationem
978 4245 1079 4302 eninm
1093 4255 1269 4321 agnoscere
1285 4256 1346 4302 neo
1363 4240 1454 4313 sinit,
1472 4239 1528 4300 sed
1552 4246 1690 4314 potestas
1709 4237 1841 4300 effundit

66 4323 103 4383 ad
127 4323 156 4384 id
180 4325 261 4398 quod
285 4323 418 4397 volebat,
443 4323 661 4397 obtinendum,
684 4337 815 4399 eamque
838 4323 930 4399 piane
977 4321 1088 4385 rationi
1104 4325 1283 4402 caliginem.
1300 4320 1413 4383 Verum
1434 4335 1514 4398 oeae
1536 4320 1576 4383 sit
1592 4326 1701 4383 nature
1722 4330 1839 4397 nestra,

68 4406 301 4468 memorabilem
320 4405 517 4482 excogitavit:
533 4421 603 4464 nam
619 4421 689 4466 euin
707 4408 767 4467 alie
791 4414 930 4482 lantpero
977 4411 1010 4466 et
1025 4421 1115 4480 unam
1131 4405 1250 4484 lrayitis
1266 4420 1302 4464 ae
1316 4403 1396 4466 tinia
1413 4403 1676 4466 considerandum
1692 4411 1750 4478 est,
1765 4407 1796 4479 ei
1808 4408 1839 4464 in

68 4489 145 4549 lnrlo
160 4487 239 4548 intrn
258 4489 404 4565 petatium
422 4496 518 4556 esset,
548 4485 729 4565 videretque
745 4489 855 4548 astanti
871 4487 932 4549 Im.
977 4487 1091 4547 antium
1114 4488 1274 4562 pellerem
1297 4501 1333 4548 ex
1349 4500 1411 4562 eun
1434 4486 1492 4546 orti
1507 4501 1628 4562 sumus,
1645 4491 1676 4547 et
1697 4487 1728 4548 in
1745 4501 1839 4563 quem

68 4574 198 4646 peratoti
217 4570 312 4631 tilium
330 4587 419 4640 situm
437 4569 931 4647 Arebadiumuuinuperlmpe-
977 4568 1127 4642 recasuri,
1154 4573 1240 4632 acies
1267 4569 1381 4631 mentis
1406 4567 1615 4643 intendenda,
1644 4583 1746 4644 neoue
1771 4567 1840 4647 ipse

69 4660 149 4713 rator
164 4657 288 4716 creatus
305 4657 416 4731 luerat3
432 4653 535 4730 ipsum
552 4650 774 4729 Imperatorem
790 4653 930 4714 Tbendo·
975 4651 1145 4730 splendore
1161 4665 1318 4730 perpurae
1330 4651 1495 4729 deeeptus,
1509 4651 1662 4729 corperis,
1676 4650 1727 4713 illa
1740 4653 1840 4728 operti

69 4736 161 4806 sium,
180 4739 213 4795 et
228 4751 295 4796 mes
311 4742 370 4810 est,
387 4734 528 4798 salutarit
544 4735 596 4794 ille
609 4735 747 4810 quidem.
762 4735 817 4796 sed
831 4733 929 4796 illium
976 4731 1224 4796 imbecillitatem
1251 4734 1395 4812 ignorare
1422 4733 1532 4795 debes.
1555 4733 1636 4807 Quin
1659 4732 1752 4794 etiam
1774 4733 1838 4795 illis

69 4819 136 4876 sine
150 4818 268 4879 bonore
281 4819 398 4880 dimisit
409 4819 580 4893 imperator
592 4825 692 4877 autern
707 4824 789 4878 rates
805 4817 930 4896 ltmpbi·
976 4817 1125 4894 imperas,
1142 4815 1195 4894 eei
1211 4823 1242 4878 ei
1256 4817 1397 4879 eiusdem
1414 4822 1486 4878 sunt
1508 4821 1636 4877 naiurae
1658 4814 1837 4892 participes,

68 4901 203 4962 ioebium
220 4901 350 4961 oblitum
368 4899 472 4966 etilcii.
491 4900 578 4962 iubet
597 4899 634 4959 ad
652 4899 747 4960 tilium
764 4900 929 4972 accedere,
974 4895 1837 4974 atoueadeueeoserii.tinusenimbominusemnium,

71 4997 204 5059 eirnrqne
221 4983 368 5044 salutare.
384 4983 421 5044 bt
435 4981 673 5058 Amphilochius
689 4982 864 5060 respondit.
881 4998 927 5044 aa·
977 4988 1007 5042 et
1020 4981 1095 5056 iter,
1111 4981 1203 5044 buius
1216 4980 1424 5044 universitatis
1435 4978 1600 5042 labrieetor
1613 4979 1706 5041 bens.
1720 4979 1839 5052 Quibus

70 5066 108 5126 tis
123 5081 212 5134 esse:
224 5068 305 5140 aaron
323 5067 351 5127 ei
367 5065 517 5128 bonorem
535 5063 694 5127 babuerat.
711 5063 930 5141 liaeoeTbee·
976 5064 1070 5140 ipiiur
1092 5063 1193 5127 oeulis
1208 5064 1382 5126 intueberis
1399 5063 1546 5138 templum
1563 5062 1660 5138 illies,
1676 5064 1792 5140 quiesi
1807 5077 1839 5122 o·

70 5149 176 5208 dosius
193 5163 255 5208 rein
273 5148 400 5223 acerbe,
416 5152 447 5210 et
461 5150 594 5224 praviter
606 5147 722 5214 terens.
736 5147 882 5224 probrum
897 5146 931 5208 tl·
977 5146 1097 5224 mnium
1112 5145 1289 5209 Dominus?
1305 5145 1421 5223 ouibus
1436 5144 1570 5222 pedibus
1581 5145 1745 5218 sanetum,
1761 5141 1838 5204 illud

70 5229 109 5291 lio
125 5229 295 5301 obiectum,
312 5231 528 5294 iniuriaeleee
551 5228 612 5291 sibi
629 5229 688 5304 ipsi
704 5228 809 5292 illatae
826 5245 931 5293 neme·
977 5228 1078 5290 solum
1095 5228 1259 5292 calcabis?
1273 5228 1326 5306 oui
1342 5243 1459 5306 quaese
1475 5243 1585 5290 manus
1601 5225 1713 5288 iniuste
1728 5226 1836 5288 caede.

3 5349 4 5376 i
70 5310 238 5374 raittTum
252 5313 504 5388 sapientissimus
516 5311 754 5390 ampnltocbins
766 5311 930 5376 declarans
977 5310 1176 5390 atsanynine
1200 5325 1364 5389 respersas
1389 5310 1556 5373 extendere
1582 5308 1724 5378 audebis,
1741 5306 1840 5368 otiis·

71 5395 247 5471 lmperaiori
266 5398 346 5470 qued
364 5397 466 5457 aruime
479 5395 669 5470 instituebat,
681 5401 826 5458 contenta
840 5410 929 5468 rece,
978 5393 1050 5456 dem
1078 5399 1311 5456 sacrosanctum
1328 5408 1449 5473 cerpus
1463 5391 1587 5456 Domini
1602 5391 1745 5468 accipere
1757 5388 1773 5450 t
1786 5399 1839 5452 net

70 5477 172 5540 ilites,
197 5477 310 5552 innirii,
333 5495 351 5540 e
374 5479 558 5554 imperaror,
582 5493 673 5555 quam
699 5493 773 5556 apic
797 5477 928 5555 ipnemi·
976 5476 1133 5552 quomedo
1148 5477 1358 5554 venerandum
1375 5475 1445 5538 eius
1465 5475 1650 5552 sangninem
1672 5472 1717 5534 ori
1733 5472 1839 5536 admo·

3 5577 4 5582 ¹
71 5562 147 5622 niem
163 5559 215 5621 titii
234 5563 275 5621 tui
289 5561 428 5640 patiaris,
442 5559 505 5622 irne
518 5575 589 5622 nere
600 5560 664 5623 iltis
679 5561 733 5638 qul
746 5576 816 5620 euni
832 5559 929 5622 insul·
975 5557 1077 5636 nebia,
1093 5558 1145 5638 qui
1170 5557 1275 5620 [erere
1298 5557 1363 5621 irae
1378 5557 1506 5628 iubente
1521 5563 1636 5617 tantem
1653 5559 1837 5634 sanguinem

3 5693 5 5728 ἰ
71 5649 141 5717 iant,
169 5643 370 5708 vehementer
396 5655 579 5708 succenses.
605 5641 721 5706 Credas
743 5642 838 5719 ipiinr
852 5642 930 5707 mibi
976 5647 1038 5704 tam
1054 5640 1163 5720 iniquo
1186 5639 1347 5704 elindisiil
1361 5639 1486 5704 ileeede
1502 5639 1605 5718 igiter,
1624 5644 1654 5700 et
1670 5653 1709 5700 ne
1725 5653 1840 5700 conare
