4056 6260
330 245 386 309 iia
922 248 970 306 DE
987 245 1164 308 ΑΕΤΕΗΝΔ
1182 245 1396 306 FELICITATE

243 399 336 466 quum
351 397 460 450 serras
475 382 576 450 molus
590 379 745 462 einiger,
768 387 802 448 ut
816 380 920 465 (doit.
935 375 1004 463 25.)
1018 378 1105 445 iibri-
1152 379 1195 444 lie
1211 385 1240 445 ic
1254 381 1356 463 ipsum
1368 381 1385 444 i
1399 381 1474 448 Ama
1488 382 1587 448 Deum
1602 397 1641 448 cx
1654 387 1718 448 toto
1732 383 1827 448 cordo
1838 381 2024 463 mahumi'

243 473 311 531 sius
323 469 392 545 ipsc
406 473 513 531 mouet
527 471 558 531 iu
572 466 715 547 parabola
732 466 770 530 dc
784 466 919 529 talentis:
933 473 962 527 et
974 463 1105 542 aposio—
1150 464 1227 527 iiore
1242 466 1302 529 sub
1317 466 1435 548 potenti
1449 483 1540 530 manu
1556 467 1637 546 eius,
1661 467 1753 532 lauda
1775 467 1860 536 ilium
1876 471 1908 532 iu
1924 471 2010 533 omui

244 551 295 614 ius
311 553 565 632 grauiterurooei
586 567 656 614 curo
672 547 758 612 dicii:
782 547 903 626 senta
916 595 925 620 ,
949 553 979 611 ei
993 547 1105 612 baere-
1152 554 1303 627 tempore,
1326 543 1492 630 acquies'ce
1515 552 1649 612 libenter
1669 553 1817 614 roiubtoti
1840 555 1924 630 eius,
1950 551 2013 615 siri

243 635 313 714 des3
336 635 493 700 haeredes
515 635 649 717 cuidem
672 633 755 711 Dei,
778 632 974 696 cohaeredes
993 638 1106 696 autom
1151 631 1274 695 diuitem
1291 634 1356 697 sire
1372 649 1554 714 pauperem,
1569 635 1635 696 sire
1650 635 1820 714 gloriosum
1833 639 1898 701 siue
1913 637 2014 715 iugio

244 717 372 783 Christi:
387 719 418 784 si
432 725 543 784 tamen
556 718 796 798 compotimur,
818 719 855 784 tri
877 721 907 780 ct
922 713 1104 795 conclarifi-
1151 715 1243 792 rium,
1259 717 1324 780 sire
1341 734 1451 780 sanum
1466 719 1532 780 sire
1547 725 1707 797 aegrotum
1733 725 1763 783 ta
1786 736 1857 784 esse
1874 721 1959 784 velit.
1981 718 2015 781 0

243 818 365 867 cemnr.
383 800 489 885 (Rom.
506 802 553 884 8.)
1150 801 1232 862 roais
1248 800 1329 864 enim
1346 803 1487 865 raiuotas
1502 802 1570 863 eius
1584 801 1664 864 bona
1681 808 1750 881 est,
1767 811 1798 870 et
1813 805 1915 867 omnia
1934 804 2015 867 iudi·

283 889 325 949 ic
337 903 376 949 oe
389 887 459 966 quis
471 885 547 950 ioric
561 889 756 966 queratur‚se
767 898 829 946 aaa
842 881 960 947 habere
974 882 1102 964 diguam
1151 884 1199 946 cie
1214 883 1282 948 aius
1297 885 1375 947 iuste
1391 890 1477 948 sunt.
1493 884 1585 947 Dicas
1600 883 1792 957 Deo,·Tuum
1803 905 1872 951 sum
1889 887 2012 970 egesar

242 971 388 1050 pretium,
405 971 483 1032 sciat
499 986 560 1033 uou
577 967 758 1048 postularia
774 967 879 1046 uobis,
895 966 957 1030 uisi
974 968 1104 1048 idoneo
1149 967 1189 1030 do
1205 983 1254 1030 ma
1269 969 1442 1033 secundum
1458 969 1689 1046 beneplacitum
1706 977 1790 1033 tuum
1807 989 1868 1036 uon
1886 973 2013 1044 resisto¹

240 1056 405 1119 hebernus.
423 1053 475 1116 Sic
490 1055 573 1114 cuim
588 1053 724 1130 loquitur
738 1057 863 1114 sanctus
885 1051 1101 1130 Augustinus:
1147 1066 1212 1114 non
1228 1053 1375 1130 reclamo,
1400 1069 1461 1116 nou
1485 1053 1623 1130 detrecto
1644 1055 1829 1134 imperium:
1853 1056 2016 1118 Paratum

238 1138 387 1218 Boanum
400 1134 459 1198 Dei
473 1139 601 1202 tantam
622 1135 728 1208 unici,
751 1140 915 1216 quantum
935 1134 1102 1199 habueris.
1149 1136 1604 1215 cor.meum‚Dcus,oaratom
1619 1153 1677 1201 cor
1689 1135 2014 1222 menm;(Psoi.ib'i.i

240 1220 397 1303 (Tractat.
413 1219 451 1282 in
467 1218 554 1284 Psoi.
571 1216 640 1301 19.)
666 1226 697 1280 et
718 1219 829 1296 probat
846 1218 996 1298 exemplis
1023 1219 1104 1282 Scri·
1147 1217 1218 1280 Non
1232 1235 1306 1286 mea
1319 1222 1482 1296 uoluntas,
1505 1223 1563 1284 sad
1584 1227 1641 1284 tua
1662 1219 1732 1301 fiai.
1753 1222 1845 1298 (Luc.
1861 1221 1931 1306 22.)
1948 1223 2014 1285 Ηοι

241 1313 350 1386 prorae
366 1305 497 1368 divinae:
505 1301 590 1380 Quid
601 1311 668 1365 tom
681 1303 847 1382 uite,quid
861 1309 928 1365 iam
939 1310 1104 1367 eumenum
1148 1299 1360 1366 holocaustum
1376 1319 1472 1383 super
1487 1319 1580 1368 ornae
1596 1305 1728 1383 pretium
1745 1312 1792 1368 est
1806 1310 1887 1384 anuo
1901 1309 2012 1376 ticum,

240 1404 341 1470 quam
355 1387 509 1469 francone
522 1403 647 1468 ponem
661 1386 837 1471 esurienti?
848 1387 932 1450 ionii
945 1387 1032 1449 oatei
1045 1385 1102 1449 Re·
1147 1389 1198 1462 aui
1216 1386 1367 1450 bonorum
1383 1395 1559 1450 nostrorum
1575 1405 1637 1452 nou
1650 1385 2012 1471 eget.(Psai.i5.)Num·

236 1487 340 1554 9num
355 1473 533 1536 caetorum.
551 1469 717 1549 Scriptum
739 1477 784 1532 cet
806 1471 917 1533 enim:
940 1469 1102 1534 Possideie
1147 1470 1230 1552 quid
1243 1470 1313 1533 unii
1327 1470 1497 1543 Dominus,
1510 1471 1612 1551 inquit
1626 1471 1762 1542 Samuel.
1775 1473 2013 1538 botocoustaet

238 1561 396 1635 paratam
412 1553 500 1618 uobis
515 1555 677 1634 Boanum,
695 1554 818 1616 esuriei
839 1553 927 1616 enim
942 1600 951 1629 ,
967 1561 998 1616 ei
1013 1554 1103 1616 dedi
1145 1553 1315 1625 uictimas,
1333 1562 1363 1616 et
1375 1570 1446 1616 non
1459 1557 1567 1634 potius
1580 1558 1618 1616 ut
1633 1553 1805 1620 obediatur
1817 1559 1891 1622 uoci
1905 1557 2013 1620 Domi·

238 1641 296 1702 stis
307 1639 391 1702 mibi
404 1654 539 1717 panem.
564 1639 654 1700 Emit
673 1637 778 1700 uidua
803 1636 931 1700 duobus
952 1639 1102 1700 minatis.
1145 1636 1199 1700 aii
1214 1635 1259 1719 (1.
1274 1637 1352 1716 Rea.
1367 1634 1435 1718 15.)
1450 1639 1515 1701 Hoc
1528 1638 1741 1700 holocaustum
1757 1641 1962 1704 obedieutiae
1974 1642 2011 1704 oi

235 1721 323 1786 Emit
337 1723 452 1789 Petrus
465 1722 657 1801 relinquens
670 1719 768 1785 retia.
790 1721 878 1781 Emit
893 1719 1100 1792 Zacchaeus,
1149 1720 1267 1782 icrebat
1282 1723 1420 1798 quotidie
1434 1719 1574 1786 Christus
1589 1721 1680 1795 Patri,
1697 1723 1780 1800 quod
1795 1724 1865 1802 ipse
1882 1730 2012 1788 testatur

238 1807 352 1870 dando
367 1805 546 1870 dimidium
567 1804 785 1867 matrimonii.
802 1803 886 1865 Haec
901 1812 1028 1866 sancius
1043 1805 1103 1866 Au·
1145 1820 1215 1865 cour
1229 1802 1376 1874 aitztiuoe
1386 1805 1512 1883 piacita
1522 1813 1599 1868 sant
1610 1805 1740 1884 cidariu
1750 1807 2011 1888 semperdicam.

233 1893 397 1974 gostinus,
414 1889 465 1952 cui
482 1892 634 1952 consonat
648 1886 837 1950 venerabilis
852 1885 946 1960 Beda,
970 1903 1040 1954 curn
1057 1890 1102 1949 oi·
1145 1884 1192 1970 8.)
1208 1894 1239 1950 et
1251 1889 1417 1965 Apostolus
1434 1887 1548 1951 Christi
1562 1905 1654 1952 verus
1670 1891 1814 1952 imitator:
1833 1891 2012 1955 contendi·

236 1973 291 2051 cii,
308 1989 392 2047 eum,
409 1973 461 2052 qui
476 1969 663 2035 nihil'iiabei
678 1976 800 2051 preater
822 1987 867 2040 se.
881 1971 984 2033 duodo
1001 1986 1048 2040 se,
1064 1969 1099 2032 ii·
1143 1987 1217 2034 mus
1231 1971 1297 2034 siue
1312 1971 1470 2046 absentas,
1492 1970 1560 2036 siue
1570 1978 1773 2053 praesentes,
1793 1977 1928 2054 placere
1950 1977 2015 2039 iiii.

237 2057 292 2120 iud
308 2073 425 2120 emere.
442 2055 504 2119 Res
519 2056 592 2132 iiia,
610 2055 722 2132 inquit,
739 2056 777 2118 id
792 2053 1009 2134 ambianum
1030 2071 1100 2117 cao·
1144 2053 1191 2133 (i.
1210 2054 1330 2118 Carini.
1348 2053 1395 2139 5.)
1409 2054 1491 2118 Haec
1508 2059 1642 2133 ncri‘eeta
1658 2059 1845 2121 renuntiatio
1858 2061 2017 2136 omnium,

237 2133 325 2213 leste,
343 2141 437 2204 atiud
449 2156 520 2203 non
531 2139 935 2221 quaeritaroiiumauum
950 2143 979 2200 ie
992 2139 1102 2218 ipsum
1145 2155 1226 2214 quae
1240 2139 1333 2201 bomo
1350 2139 1502 2218 possidet,
1519 2137 1611 2223 (Luc.
1630 2139 1696 2223 11.)
1711 2141 1759 2203 vel
1776 2144 1945 2221 possidere
1962 2160 2016 2206 ou·

236 2230 366 2288 taniam
380 2223 477 2305 ualet,
517 2229 658 2287 uantum
673 2238 706 2284 es
723 2228 769 2296 tu3
793 2226 823 2283 ie
838 2222 899 2295 da,
924 2229 952 2284 et
967 2221 1099 2285 babebis
1145 2223 1201 2299 pit:
1226 2224 1301 2284 baec
1317 2223 1483 2298 abnegatio
1498 2226 1546 2285 sui
1563 2223 1675 2300 ipsius,
1700 2223 1807 2288 utlieo
1822 2227 1883 2288 soii
1897 2229 2017 2290 seruiat

234 2301 332 2373 itiad.
348 2241 525 2392 (sermig.
543 2309 584 2370 de
599 2303 854 2390 Sanctis.)sserio
869 2305 951 2366 enirn
967 2306 1099 2367 Lazarus
1146 2313 1194 2366 est
1209 2321 1312 2368 rerum
1331 2306 1462 2382 pretium
1480 2305 1627 2368 Paradisi.
1643 2305 1761 2383 Neque,
1778 2309 1830 2389 qui
1846 2311 1907 2374 hac
1921 2312 2015 2374 ratio-

236 2392 402 2457 meudieus
420 2391 497 2456 nibil
513 2391 661 2461 habebat,
678 2389 761 2467 quod
785 2390 883 2460 deret,
906 2391 967 2450 nisi
984 2393 1100 2468 putica·
1144 2403 1182 2450 oe
1199 2389 1417 2465 inscissum,
1439 2396 1472 2451 ut
1487 2389 1666 2451 Paradisum
1689 2399 1770 2454 aurai
1785 2439 1792 2466 ,
1809 2393 1924 2456 amittit
1950 2395 2015 2458 sei·

237 2477 352 2540 iiamiu
368 2475 578 2547 doloribus,ei
592 2478 731 2552 portatus
746 2476 793 2536 est
809 2472 847 2534 ab
863 2469 991 2552 Angelis
1007 2473 1038 2534 iu
1054 2472 1096 2534 si·
1143 2487 1232 2551 psum
1250 2518 1259 2550 ,
1290 2473 1346 2534 sed
1376 2472 1538 2535 verissime
1562 2473 1807 2552 felicissimeque
1829 2479 1953 2540 ioreuit
1975 2495 2013 2541 se

235 2578 310 2624 num
326 2559 419 2640 (Luc.
437 2557 504 2638 16.)
519 2559 673 2621 Abrahae:
691 2562 722 2619 et
735 2557 838 2619 honus
860 2557 938 2618 iatro
954 2555 1032 2617 nihii
1046 2558 1097 2617 ha·
1142 2557 1259 2634 ipsum,
1278 2555 1401 2618 dicente
1418 2554 1560 2619 Domino:
1578 2555 1637 2632 Qut
1650 2558 1834 2635 perdiderit
1855 2563 2013 2626 unimam

233 2642 302 2709 buit
317 2645 426 2724 iothoc
441 2643 570 2718 mundo,
585 2641 668 2719 quod
685 2656 776 2703 suum
793 2645 899 2716 essct,
918 2639 1098 2720 praeterii·
1143 2655 1239 2702 snam
1261 2644 1395 2718 propter
1409 2655 1484 2716 me,
1501 2641 1646 2702 inueniet
1660 2655 1745 2702 eom:
1772 2643 1874 2720 (Muti.
1894 2645 1966 2724 ib.)
1989 2656 2014 2708 et

234 2727 340 2791 beram
356 2729 476 2800 roccio,
494 2744 553 2802 auo
571 2726 723 2788 clamarit:
746 2723 902 2788 Memento
922 2725 998 2794 mei,
1023 2739 1097 2786 cum
1141 2725 1199 2804 qui
1210 2722 1277 2785 odii
1289 2725 1438 2785 animam
1452 2739 1548 2786 suom
1562 2723 1600 2786 in
1615 2724 1674 2784 boc
1689 2727 1814 2799 mundo
1829 2773 1838 2802 ‚
1853 2729 1890 2790 in
1905 2729 2010 2792 uitam

232 2812 359 2876 ueneris
373 2817 410 2875 in
420 2811 571 2890 Regnum
583 2815 688 2877 tuum.
705 2807 861 2870 obaudivit
874 2806 1097 2880 coutiouozdo·
1141 2811 1310 2869 aeternam
1325 2807 1465 2869 custodit
1480 2821 1564 2868 eam.
1580 2805 1690 2884 (ioan.
1705 2807 1773 2890 12.)
1785 2809 1845 2872 Sed
1859 2813 2010 2891 quoniam

233 2898 287 2960 dia
302 2911 431 2958 mecum
446 2896 510 2958 eris
532 2896 571 2958 in
592 2892 765 2955 Paradiso.
790 2887 882 2972 (Luc.
896 2885 963 2972 23.)
986 2888 1097 2953 Orere
1141 2890 1384 2967 haeesapieuiia
1398 2887 1838 2974 abscondita(taaitb.ii.)est
1850 2912 1866 2956 a
1878 2896 2009 2974 sapien-

233 2996 376 3062 maguam
392 2978 449 3041 Dei
466 2977 681 3041 iiberaiiiateiu
698 2975 706 3036 t
721 2992 740 3038 o
756 2971 1099 3038 ineffabilemhominis
1140 2973 1223 3036 tibus
1238 2981 1269 3035 et
1285 2973 1492 3050 prudentibus
1509 2972 1603 3035 huius
1619 2974 1738 3048 muudi,
1755 2980 1806 3053 qui
1829 2993 1904 3040 rere
1920 2979 2009 3041 stulti

229 3057 422 3146 [elicitatcm
438 3063 490 3141 qui
506 3078 576 3124 oum
593 3059 725 3123 Domino
741 3074 797 3122 suo
813 3058 853 3121 de
869 3057 968 3138 pretio
983 3058 1027 3120 rei
1044 3074 1095 3118 su·
1140 3064 1213 3119 suut
1227 3056 1309 3134 apud
1325 3055 1437 3126 Deum,
1455 3062 1485 3119 ci
1499 3057 1664 3118 stultorum
1687 3054 1824 3139 (doctos.
1843 3059 1889 3143 i.)
1906 3061 2010 3125 iuiiui-

231 3162 287 3228 per
304 3161 412 3209 omues
425 3144 671 3226 pretiosissimae
684 3150 742 3206 tara
755 3141 845 3206 iaoiia
858 3143 1028 3222 transigere
1042 3156 1097 3221 po·
1141 3147 1190 3203 tus
1206 3147 1253 3203 est
1269 3139 1513 3216 uumerus,ideo
1528 3139 1617 3203 mulii
1632 3148 1706 3205 sunt
1721 3145 1832 3222 uocati,
1846 3147 1940 3225 pauci
1956 3163 2007 3211 re·

229 3229 308 3295 testi
324 3228 418 3309 Ouios
434 3230 527 3293 homo
542 3246 559 3290 a
573 3227 639 3292 Deo
656 3226 836 3290 Paradisum
846 3225 992 3289 omnium
1010 3227 1093 3286 roiu-
1140 3229 1173 3286 io
1187 3225 1291 3287 electi.
1307 3221 1519 3312 (daumii.)
1696 3231 1708 3248 “·

229 3321 349 3394 plutum
360 3314 377 3377 1
390 3312 434 3378 Da
450 3319 480 3380 te
495 3315 612 3394 iusum,
629 3318 661 3377 ei
674 3310 808 3376 habebis
823 3310 913 3374 iilud.
930 3308 1010 3387 Quid
1033 3315 1095 3383 cst,
