4048 6242
231 258 286 320 210
927 261 1133 324 PRAEFATIO

162 406 275 476 eorpus
290 393 449 463 reiciendi
462 397 544 483 cibo,
561 406 593 468 et
607 402 680 484 polu
694 443 702 474 ,
717 402 749 464 et
768 395 936 479 captandae
957 413 1013 480 par
1061 400 1214 465 creaturus
1228 393 1398 464 ascendere
1412 393 1450 462 ad
1466 393 1601 462 notitiam
1623 397 1654 460 cl
1674 405 1809 460 amorem
1825 387 1918 460 drea·

161 491 304 541 somnum
320 478 443 558 quietis.
459 481 539 551 Etsi
556 500 669 566 eorpus
689 482 769 548 lianc
790 481 987 547 remotionem
1003 529 1013 560 ‚
1064 481 1150 558 loris,
1166 481 1257 546 docel
1271 481 1351 547 liber
1365 480 1555 561 Sapientiae,
1578 484 1610 543 et
1623 477 1789 557 Apostolus
1802 474 1840 538 od
1855 472 1916 536 lio·

163 563 195 621 ei
208 562 342 640 quietem
360 564 439 631 iuste
453 567 551 647 petit,
574 575 688 651 queutu
713 564 810 646 magis
831 564 956 644 spiritus
972 563 1011 628 ci·
1064 579 1183 639 manus,
1199 570 1230 629 ci
1243 567 1319 631 ratio
1335 565 1400 646 lpse
1416 562 1490 629 sutis
1505 563 1685 641 coullrmul,
1708 576 1777 626 cum
1793 575 1831 622 ex
1842 553 1916 621 ella·

162 640 238 706 bum
260 651 291 709 ct
311 659 451 713 somnum
466 666 556 716 suum
573 657 639 716 iura
651 650 766 730 optimo
783 655 887 728 petet:
911 663 1013 727 neque
1064 650 1122 712 ctis
1136 664 1230 713 causa
1252 647 1407 724 alliciens,
1419 653 1461 712 'el
1479 663 1517 725 ex
1536 647 1670 728 imagine
1691 641 1849 723 exemplar
1866 654 1920 704 co·

163 726 246 790 enim
257 731 326 793 siue
341 731 398 795 heo
412 732 580 800 relectione
593 739 677 800 recte
690 730 777 814 longi
791 729 892 800 olllcio
907 747 963 796 suo
981 732 1014 793 iu
1063 731 1172 814 presel
1187 733 1297 812 possit:
1314 737 1345 796 ci
1358 730 1486 796 dubium
1500 745 1572 794 asse
1587 735 1730 809 nequeat,
1746 741 1798 791 ras
1810 731 1920 789 omncs

162 813 243 872 tante
262 813 342 877 mola
355 816 554 884 maximorum
567 817 760 902 negotiorum
776 816 839 883 ullu
855 814 946 884 moue
961 829 1014 893 pu·
1065 820 1185 880 creatus
1199 829 1270 880 essa
1285 831 1384 896 opera
1394 815 1461 896 liei,
1477 820 1509 881 et
1522 812 1692 888 homiuem,
1713 817 1805 891 atquc
1819 808 1922 902 Auge:

163 894 334 959 casalono
350 895 438 963 cilius
452 901 571 967 animae
586 898 680 966 orario
693 903 786 974 astet
799 911 928 964 somnus
943 913 1015 962 con·
1064 900 1141 978 lum,
1156 911 1218 966 nou
1233 899 1334 964 solum
1347 914 1466 978 opera,
1493 895 1550 964 sed
1575 897 1667 960 oliano
1692 894 1844 974 imagines
1866 890 1924 953 lter

161 979 335 1055 templonio,
351 996 406 1060 par
427 999 518 1062 uuam
541 987 747 1059 disponuntur
768 982 968 1044 ascensiones
983 982 1016 1043 in·
1067 997 1138 1047 esse
1153 981 1310 1060 Scriptura
1322 988 1427 1046 sancta
1444 997 1500 1045 uus
1518 981 1619 1044 ducet.
1814 1057 1821 1072 ι

162 1061 269 1136 corde,
285 1067 319 1125 ut
333 1064 471 1129 rideatur
485 1067 567 1133 Deus
582 1069 717 1132 Deorum
731 1065 764 1128 iu
780 1063 867 1140 Siou;
890 1078 1016 1140 cuomu·
1109 1065 1175 1147 ligo
1190 1064 1282 1147 igitur
1296 1065 1346 1130 luis
1360 1062 1531 1130 rationibus
1545 1065 1717 1138 excitatus,
1735 1057 1767 1122 lu
1782 1057 1924 1139 aliquau-

163 1142 203 1204 do
219 1143 249 1205 in
272 1143 349 1208 valle
366 1147 568 1230 lacrymarum
585 1149 681 1214 uideri
708 1152 820 1228 polest.
844 1146 930 1213 Scala
944 1160 1016 1212 sero
1069 1149 1129 1217 tula
1144 1149 1252 1227 aeuule
1267 1166 1282 1212 a
1300 1148 1434 1228 publicis
1452 1145 1586 1228 negotiis
1607 1146 1682 1209 milri
1704 1157 1868 1238 concessu,
1892 1142 1927 1238 et

163 1227 358 1292 ascensionis
370 1230 401 1292 in
416 1230 514 1298 licum
531 1235 614 1299 nulla
637 1232 756 1296 videtur
777 1228 868 1294 uobis
885 1228 1017 1294 mortali·
1070 1249 1097 1297 s.
1115 1231 1345 1297 Bououcuturee
1359 1231 1499 1312 exemplo
1511 1229 1697 1307 admonitus
1714 1227 1768 1306 qui
1782 1225 1814 1289 lu
1830 1223 1928 1288 simili

162 1306 223 1394 bus
237 1316 343 1389 putere
358 1329 463 1392 posse,
479 1335 569 1396 quoru
586 1333 641 1398 per
656 1330 748 1395 opero
764 1312 843 1377 lloi:
868 1314 920 1392 eui
934 1316 1017 1378 euim
1069 1331 1196 1380 recessu
1216 1315 1341 1396 scripsit
1355 1315 1543 1379 itinerarium
1559 1315 1671 1377 mentis
1687 1313 1716 1374 iu
1732 1309 1843 1406 licum,
1860 1312 1927 1369 len·

132 1467 137 1474 Ι
164 1391 312 1472 singulari
333 1395 388 1458 ltei
411 1397 493 1463 douo
508 1402 667 1482 perullaru
694 1397 771 1462 rium
794 1397 825 1459 iu
841 1395 1019 1461 Paradisum
1070 1399 1128 1462 tari
1143 1398 1256 1463 scalam
1271 1404 1530 1463 excreeturarum
1553 1395 1806 1461 considerandus
1831 1387 1928 1454 ouull·

166 1473 294 1538 admissi
309 1477 472 1546 audierunt
485 1501 594 1548 areuna
608 1484 681 1558 Dei,
700 1495 779 1562 uuae
795 1495 856 1544 nou
878 1480 951 1542 licet
966 1481 1020 1544 lau·
1069 1496 1153 1556 carc,
1170 1497 1225 1560 par
1240 1498 1330 1562 quam
1347 1486 1514 1562 oleumque
1528 1482 1565 1544 ud
1582 1479 1677 1543 licum
1694 1476 1796 1557 possit
1816 1487 1929 1570 asceu-

166 1559 354 1640 minimum,
371 1561 393 1626 ii
407 1580 469 1629 nou
483 1567 675 1643 ascendisse,
692 1564 748 1628 scd
762 1564 840 1643 rapti
863 1563 960 1626 luisse
975 1562 1020 1625 di·
1045 1605 1050 1612 ·
1070 1565 1112 1644 ili,
1130 1581 1196 1628 eam
1212 1581 1283 1630 vero
1297 1565 1475 1647 quindecim
1497 1562 1645 1644 gradibus
1666 1559 1816 1636 distinxi,
1831 1557 1869 1620 ad
1885 1571 1930 1619 sr-

168 1641 261 1706 ceudl
276 1651 362 1718 suut,
378 1648 461 1726 cuod
476 1650 515 1714 de
530 1667 565 1715 sa
587 1651 620 1714 bi
637 1649 747 1714 Paulus
767 1651 873 1726 aperte
895 1643 1021 1710 conllie·
1070 1646 1274 1712 militudinem
1289 1646 1468 1729 quindecim
1483 1643 1767 1728 graduumqoibus
1779 1639 1930 1739 ascende·

167 1727 228 1796 luc,
245 1742 315 1788 eum
332 1728 394 1792 ait:
411 1729 534 1814 Raptus
548 1750 622 1799 eram
634 1735 672 1797 ic
691 1731 907 1812 paradisum
923 1734 1022 1793 clon-
1071 1731 1159 1795 betur
1173 1730 1212 1796 ed
1228 1733 1376 1812 templum
1393 1729 1586 1807 Salomonis,
1609 1735 1641 1794 et
1655 1726 1832 1811 quindecim
1847 1723 1931 1790 lsai·

166 1805 236 1872 diei
250 1825 378 1880 sienne
389 1815 498 1894 cerdo,
516 1831 681 1902 posonen
692 1813 901 1880 licatteomici
919 1812 1022 1894 toqui.
1073 1829 1204 1893 murum,
1222 1817 1273 1900 qui
1286 1815 1451 1899 periculos
1464 1812 1620 1882 dicuutur.

207 1890 1025 1986 Posseauiomuumluamparoperullei,idest,per
1316 1895 1318 1912 '

921 3255 1232 3580 W
