4080 6252
331 751 334 758 κ
466 685 644 926 ⁸uu
738 586 1344 860 orricio

334 1011 335 1016 Ὗ
600 982 870 1090 ‚piranis
900 981 1191 1138 nnana

773 1204 910 1262 unm
929 1202 1049 1260 TRES

209 1408 464 1534 ruccone
506 1405 763 1528 nocuum
808 1349 928 1524 ssa.
952 1405 1003 1526 u.
1048 1405 1208 1529 ιιιιιι.
1250 1407 1601 1527 annulanda

709 1641 740 1712 Ε
756 1636 993 1710 scordilla
1005 1637 1114 1712 absit

334 1849 388 1922 Ab
407 1844 622 1919 sanctiss,
640 1846 866 1920 perterruit
881 1840 1158 1944 winnisburi
1176 1841 1418 1920 stolsllttltbl
1433 1839 1480 1912 tlt

640 2047 778 2102 Pdlolltlb
795 2049 830 2102 iti
846 2045 967 2104 striculi
982 2045 1067 2102 taldis
1083 2046 1180 2100 tlttld

822 2312 999 2355 ...eoa-—

70 2782 188 2862 Sorispi
202 2783 314 2848 librum
327 2785 366 2846 de
377 2783 478 2847 cilicio
494 2782 641 2863 principis
653 2781 891 2857 christianinou
937 2782 1079 2849 debetur.
1095 2787 1137 2852 'la
1151 2786 1244 2868 igitur
1255 2789 1342 2865 quasi
1358 2787 1553 2854 investibulo
1572 2793 1614 2852 lot
1626 2803 1790 2868 regnorum

33 2881 104 2928 mea
121 2874 244 2946 sponte,
261 2869 317 2932 sed
334 2868 371 2930 ab
385 2867 425 2930 iis
448 2873 571 2949 rogatus
608 2865 722 2945 quibus
738 2865 892 2930 eiusmodi
937 2869 1132 2949 collocatum,
1147 2876 1177 2934 ct
1191 2871 1228 2933 ad
1244 2871 1294 2950 pio
1307 2879 1477 2951 sancteque
1490 2872 1681 2954 regnandum
1695 2889 1710 2936 a
1726 2875 1789 2956 glo·

30 2952 220 3026 opusculum
235 2967 348 3032 negare
364 2965 425 3012 nou
438 2950 538 3028 potui.
562 2913 681 3026 scripsi
702 2963 803 3012 arrlem
828 2964 891 3010 uon
938 2951 1019 3014 rioso
1035 2961 1239 3030 parentatum
1256 2971 1317 3018 uon
1333 2955 1432 3018 solum
1448 2954 1563 3028 verbis,
1581 2955 1636 3018 sed
1654 2957 1744 3020 eliam
1760 2971 1790 3022 e·

30 3039 66 3096 ul
83 3033 241 3113 principes
254 3036 350 3098 nostri
366 3035 482 3096 saeculi
498 3034 696 3096 aalauouerem
712 3031 815 3109 cilicii,
833 3031 889 3094 sed
935 3036 1067 3109 templis
1083 3038 1249 3114 eruditnm3
1265 3053 1324 3116 ego
1339 3054 1460 3118 quoque
1475 3045 1507 3102 ut
1522 3053 1619 3104 senex
1640 3043 1671 3103 cl
1685 3038 1790 3104 Sacer·

29 3121 65 3177 ut
82 3116 120 3178 iis
137 3117 286 3196 optimum
300 3114 437 3196 regimen
454 3117 639 3195 gratularer.
663 3121 755 3194 alque
769 3118 805 3176 ad
823 3131 891 3191 per·
936 3120 992 3177 rios
1007 3117 1037 3179 in
1056 3122 1136 3182 bono
1153 3121 1312 3201 proposito
1326 3121 1508 3185 conllrruere
1535 3121 1639 3198 volui,
1672 3138 1733 3185 nou
1752 3138 1790 3186 ex

26 3201 236 3263 securandum
252 3201 361 3278 inpia,
379 3207 409 3262 et
426 3203 503 3261 iustu
514 3199 739 3278 gubernatione
751 3200 891 3260 coborte-
937 3216 1016 3276 mea,
1032 3217 1111 3281 quae
1127 3203 1209 3265 nulla
1226 3211 1285 3274 est,
1301 3203 1465 3284 sapientia.
1483 3205 1537 3269 sed
1555 3222 1592 3267 er
1606 3205 1787 3277 verissimis,

30 3297 95 3345 ror.
113 3282 272 3362 Siquidem
294 3290 396 3346 nostra
419 3287 518 3344 aelate
540 3277 635 3364 (quod
662 3281 811 3361 singulari
835 3280 890 3343 Dal
936 3290 1026 3358 atque
1043 3286 1246 3348 sanctissimis
1258 3286 1379 3351 divinae
1393 3287 1472 3368 legis
1486 3286 1788 3367 oraculis.Scriptum

29 3364 216 3445 benignitati
233 3365 430 3428 tribuendum
448 3362 510 3448 esi)
522 3363 660 3428 Ecclesia
673 3362 828 3428 catholica
845 3377 890 3426 ra·
936 3375 983 3426 est
999 3369 1092 3440 enim,
1109 3367 1200 3430 Labie
1213 3370 1381 3433 sacerdotis
1394 3370 1569 3432 custodient
1581 3369 1742 3432 scientiam
1759 3376 1790 3433 et

29 3465 89 3528 ges
105 3463 238 3521 omnes,
263 3450 403 3524 aliosque
420 3447 577 3525 principes
599 3447 780 3526 primarios,
804 3462 892 3526 egre·
935 3448 1035 3526 legam
1053 3452 1211 3529 requirent
1227 3468 1264 3514 ex
1279 3469 1331 3514 ore
1349 3453 1428 3516 ratus.
1444 3454 1541 3532 bique
1558 3458 1593 3522 ul,
1605 3451 1742 3526 lelioiler.
1758 3461 1789 3516 et

28 3531 102 3611 glos
116 3535 245 3595 omuino
260 3537 291 3594 et
307 3531 456 3610 singulari
471 3532 583 3609 pietate
598 3577 606 3600 ‚
624 3529 801 3604 lucinianae
817 3545 890 3592 con·
936 3529 1088 3595 inoffenso
1105 3535 1184 3611 pede
1199 3551 1255 3610 per
1279 3535 1404 3596 semitas
1425 3534 1560 3597 iustiliae
1588 3535 1762 3614 gradereris
1778 3581 1786 3606 ,

27 3614 159 3694 splenos
171 3631 206 3678 sa
222 3615 337 3677 babere
356 3615 464 3677 merila
486 3613 608 3692 gloriari
631 3621 742 3691 potest.
763 3611 822 3674 Cur
837 3629 890 3674 au·
935 3612 1033 3676 adieci
1044 3614 1073 3677 in
1091 3632 1159 3678 meo
1173 3616 1251 3698 libro
1263 3617 1336 3680 ritas
1350 3617 1521 3695 principum
1537 3623 1710 3682 sanctorum
1724 3634 1786 3682 uon

27 3705 92 3758 tem
113 3697 393 3777 limpdissimam,
411 3696 566 3760 sereniss.
583 3695 760 3771 wladislao,
775 3695 888 3758 librum
936 3709 1060 3773 paucas,
1079 3715 1208 3776 quorum
1226 3698 1396 3779 principum
1414 3701 1554 3779 exempla
1577 3716 1714 3777 sequeus
1729 3749 1736 3774 ,
1753 3717 1785 3765 o·

29 3781 116 3842 bunc
128 3779 233 3843 dicare
248 3781 410 3852 voluerim,
430 3779 480 3840 illa
497 3786 663 3850 causaest,
682 3780 751 3856 quia
766 3795 846 3840 unus
859 3784 890 3840 iu
937 3780 1041 3842 mnino
1058 3796 1161 3844 errare
1177 3797 1237 3844 nou
1255 3784 1380 3861 poteris.
1397 3781 1578 3862 Opportune
1593 3789 1690 3846 aulem
1706 3785 1786 3846 ucel-

29 3861 63 3924 in
81 3861 180 3942 primu
197 3861 274 3924 floro
289 3863 469 3938 iuventutis,
485 3879 521 3926 eo
536 3863 563 3925 si
578 3868 740 3925 ueteranus
757 3861 890 3939 impera·
936 3862 990 3937 dit,
1011 3870 1041 3926 ul
1055 3863 1113 3926 aila
1137 3866 1233 3928 saneti
1249 3866 1397 3944 principis
1413 3873 1536 3929 uoslraa
1553 3866 1642 3928 aerari
1658 3867 1787 3944 proximi

29 3953 197 4022 iurasses,
214 3945 889 4025 exercitumsupienterducis,bellagravis·
936 3945 1026 4008 inierit
1040 3949 1137 4008 sancti
1155 3946 1307 4016 casimiri.
1324 3965 1415 4028 quem
1438 3949 1501 4012 Leo
1528 3947 1671 4012 liecimus
1697 3949 1785 4013 Pont.
1804 3941 1808 3952 '

29 4029 109 4091 simu
126 4035 253 4091 sirenue
268 4031 362 4110 geris.
377 4034 407 4092 ct
421 4027 521 4091 omnia
537 4029 638 4090 munia
656 4026 890 4106 prudentissimi
933 4027 1011 4092 llam
1028 4028 1059 4092 iu
1075 4044 1236 4093 numerum
1248 4039 1421 4094 sanctorum
1435 4031 1611 4096 retulil.llle
1622 4031 1703 4094 euim
1717 4049 1786 4095 san·

33 4113 228 4189 imperatoris
250 4111 416 4186 adimples.
432 4109 476 4174 lle
500 4127 538 4174 ue
552 4111 583 4173 id
601 4113 711 4173 mirum
737 4110 828 4173 nobis
849 4112 892 4172 ri·
935 4111 1092 4176 ctissimus
1107 4113 1239 4187 iuvenis,
1257 4131 1325 4178 cum
1341 4114 1425 4194 regis
1440 4114 1585 4179 Poloniae
1602 4114 1683 4176 lilius
1697 4115 1787 4178 luerit

30 4194 230 4268 deridebat,
255 4211 323 4257 oum
339 4195 379 4256 'le
397 4129 585 4271 providenda
610 4194 682 4268 bei,
705 4210 766 4256 nou
789 4193 827 4256 ad
843 4209 891 4256 re·
936 4201 968 4258 ul
981 4195 1025 4258 'lu
1041 4195 1110 4274 lpse
1127 4214 1209 4259 nuuc
1224 4214 1272 4274 es;
1288 4209 1317 4257 aa
1335 4197 1490 4274 plurimis.
1509 4197 1712 4278 maximisque
1725 4197 1785 4260 vir·

32 4293 127 4356 guum
141 4294 236 4340 unum
253 4279 501 4356 gubernandum.
519 4277 573 4339 sed
590 4277 626 4338 ed
644 4278 736 4338 multa
753 4276 847 4338 simul
860 4285 891 4340 oi
936 4278 1051 4340 tutibus
1067 4279 1268 4356 clarus,breri
1285 4282 1402 4344 rranrilc
1417 4281 1447 4342 in
1464 4281 1584 4342 caelum
1597 4282 1786 4344 conscende·

33 4359 163 4423 maxilua
181 4360 313 4439 primum
330 4359 530 4436 acquirenda,
548 4349 661 4422 dcinda
677 4360 890 4421 administran-
934 4362 985 4438 ril;
1001 4360 1134 4425 idoneus
1148 4362 1215 4424 Tibi
1232 4363 1307 4424 ritae
1322 4409 1329 4430 .
1346 4377 1528 4442 morumque
1545 4365 1689 4443 magister
1712 4377 1794 4428 esse-

34 4445 71 4506 da
88 4444 245 4524 delegisse
259 4490 266 4512 .
284 4450 315 4506 et
329 4459 456 4508 vocasse
473 4443 620 4506 rideatur.
637 4441 679 4504 'la
695 4443 778 4505 euim
801 4438 888 4505 Polo·
936 4448 1060 4521 polerit:
1078 4447 1165 4508 cuius
1185 4445 1319 4524 vestigiis
1334 4449 1359 4508 si
1375 4447 1580 4520 continenter,
1595 4454 1626 4510 ut
1638 4445 1723 4518 lueis,
1738 4446 1785 4508 iu·

34 4528 104 4590 niae
134 4542 260 4606 regnum
292 4533 433 4605 expectat
461 4525 697 4602 amplissimum.
721 4525 819 4590 Tuum
842 4532 890 4590 est
935 4529 1064 4590 baerere
1078 4527 1318 4601 volueris-nibil
1335 4529 1402 4601 arii,
1420 4531 1501 4607 quod
1517 4528 1558 4590 Te
1574 4546 1589 4589 a
1607 4544 1673 4590 aera
1690 4531 1785 4607 pieta·

31 4610 236 4673 beercdiiario
254 4605 318 4673 iore
334 4624 461 4688 regnum
478 4608 615 4681 sveciae,
632 4610 714 4686 quod
729 4609 844 4673 iniuste
856 4625 888 4673 e·
934 4611 985 4673 tis.
1003 4618 1033 4672 et
1047 4610 1180 4672 iustiliae
1194 4613 1252 4682 ria,
1267 4627 1344 4691 quae
1360 4611 1444 4675 ducit
1458 4615 1494 4673 ad
1512 4611 1783 4684 caetumaaenarc

32 4700 167 4771 raptura,
182 4691 264 4755 lleus
280 4693 379 4755 lusus
395 4692 535 4766 luderet
552 4693 695 4770 princeps
708 4708 812 4770 regum
830 4699 888 4757 ler-
936 4694 1045 4768 possit.
1063 4692 1176 4771 accipe
1191 4693 1283 4772 igitur
1305 4695 1450 4774 princeps
1469 4709 1599 4774 magne,
1620 4712 1783 4758 raruouscu·

32 4793 84 4838 rae
102 4775 155 4840 tibi
175 4777 345 4838 iustissimo
361 4775 484 4838 haeredi
501 4781 639 4854 tempore
661 4792 718 4839 suo
733 4778 885 4838 restituat.
935 4777 996 4838 lum
1013 4778 1226 4856 perexiguum.
1251 4781 1305 4840 sed
1322 4795 1381 4840 non
1397 4779 1505 4858 exigua
1520 4778 1672 4840 uoluntate
1687 4781 1782 4840 dona·

34 4859 102 4922 Tibi
120 4875 250 4937 magnus
266 4857 437 4921 llosooriac
453 4858 598 4929 lineatus,
617 4856 668 4935 qui
684 4859 780 4921 instar
795 4859 885 4921 maxi·
934 4868 995 4921 lum
1012 4859 1050 4922 ab
1063 4875 1113 4937 eo,
1126 4861 1178 4936 qui
1194 4859 1259 4922 l'ibi
1276 4861 1321 4922 sia
1333 4861 1556 4937 diuturnumet
1568 4859 1637 4923 lolia
1653 4877 1779 4942 regnum

32 4943 74 5004 rui
93 4943 213 5019 imperii
229 4943 468 5018 asapientrione
482 4941 520 5004 ad
537 4939 692 5003 Orientem
720 4957 818 5018 usque
834 4958 888 5021 por
934 4949 1016 5020 optat
1030 4942 1061 5004 in
1085 4943 1185 5014 terris,
1210 4949 1241 5005 ul
1256 4945 1324 5006 sinc
1350 4945 1431 5014 dua.
1460 4953 1489 5006 ei
1509 4943 1688 5007 felicissime
1710 4963 1778 5008 curu

32 5026 225 5088 vastissimas
241 5024 385 5106 regiones
409 5024 600 5103 protenditur
614 5071 622 5098 ,
646 5022 807 5090 cluullouis
822 5026 886 5090 iure
934 5023 1055 5090 cbristo
1070 5039 1199 5108 regnare
1214 5027 1317 5105 possis
1332 5027 1363 5089 iu
1374 5027 1481 5090 caelis.
