4044 6256
265 313 320 372 ιιι
581 267 585 278 ’
947 281 1268 372 mensurnorum

194 442 324 526 ligionis-
346 444 495 521 dedecus,
524 445 658 525 pedibus
684 445 916 508 conculcarunt.
940 445 1060 508 Poterat
1106 443 1217 518 christi
1234 444 1417 526 religionem
1434 443 1611 518 traducens,
1636 442 1751 505 maltos
1774 440 1962 518 captivosre

194 542 271 590 sone
286 527 374 590 tacite
392 529 473 592 elabi
488 534 613 590 sanctos
628 529 701 598 Rea,
719 545 788 590 corn
814 527 856 590 illi
874 529 911 589 ad
935 543 1059 590 manum
1105 530 1240 601 dimens,
1268 535 1299 590 et
1314 527 1408 590 orbes
1437 527 1562 601 aliquot.
1586 537 1616 589 et
1631 532 1731 589 eastre
1747 522 1883 606 egregie
1898 539 1962 586 ocu·

194 618 281 672 esset
297 613 393 682 naris,
411 614 466 675 sed
483 621 594 688 sponte
612 613 672 672 iltis
688 627 723 673 sc
736 611 921 690 capiendum
937 611 1057 683 obtulit,
1106 613 1263 673 muniens.
1288 608 1422 673 ouenoo
1448 619 1509 670 toto
1537 611 1617 687 apud
1646 611 1794 673 Sidonem
1824 609 1961 685 permota

193 695 227 754 ot
242 701 348 770 posset
360 697 497 773 captivos
510 692 711 767 Christianos,
727 712 857 771 quorum
872 699 936 755 erat
949 697 1060 772 ingens
1105 708 1265 757 caesorum
1283 693 1519 754 christianorum
1533 707 1661 770 corporo
1676 694 1735 753 iam
1749 688 1963 768 potentiamne

194 791 354 846 numeros,
373 778 539 839 redimere.
554 775 624 853 Egit
639 784 746 856 postea
762 780 842 854 epod
859 777 974 855 Regem
992 776 1060 838 Sul·
1106 775 1202 854 proca
1218 795 1234 836 a
1251 775 1324 837 ieris
1338 775 1452 837 bellois
1463 775 1606 836 lacerata.
1620 773 1662 836 Ea
1680 773 1820 852 propriis
1833 773 1964 835 manthos

198 857 310 920 thonos
325 861 500 922 minacibus
517 861 618 921 verbis
634 864 673 921 de
688 861 887 938 paciscendis
913 857 1057 930 ind'oeiiS,
1105 859 1248 935 sepelivit
1264 859 1422 920 bonrititer
1436 867 1465 918 et
1480 859 1602 928 deuote,
1618 873 1693 920 usus
1716 873 1810 934 opera
1829 870 1965 930 quorum·

193 940 232 1001 do
250 942 438 1006 restituenda
455 941 604 1012 Datoiata,
622 941 661 1003 dc
675 943 850 1019 praestandi
865 943 998 1014 damnis,
1017 941 1060 1004 ta·
1105 943 1173 1003 darn
1192 957 1209 1002 e
1225 943 1302 1011 sois.
1320 942 1371 1002 ooi
1388 941 1515 1002 illorum.
1528 941 1676 1003 laetorcm
1699 939 1745 1000 rix
1770 939 1854 1000 terre
1872 945 1966 1014 potae

192 1024 369 1102 cientisqoe
386 1025 573 1102 samninus,
598 1039 676 1100 quos
703 1025 829 1086 iecisset
855 1027 923 1102 ipse
939 1041 954 1084 e
971 1029 1058 1093 copta
1105 1029 1186 1085 runt.
1204 1023 1345 1096 Quotidie
1362 1029 1462 1084 notem
1477 1039 1565 1083 mane
1580 1024 1670 1085 lteris
1686 1022 1837 1101 gentibus
1855 1019 1967 1081 Doridi·

193 1104 341 1168 Domlata.
358 1107 493 1168 Tandem
509 1105 603 1170 initae
620 1113 693 1169 sont
710 1108 855 1170 induciae
870 1106 1059 1168 decennates
1089 1123 1173 1168 *com
1188 1106 1367 1167 Psalteriom
1386 1106 1545 1168 recitabat.
1559 1106 1721 1183 Postquam
1735 1111 1839 1166 eutem
1853 1105 1968 1166 rescin't

190 1189 241 1250 bis
257 1188 497 1267 conditionibus,
513 1197 545 1250 ιιι
562 1189 732 1252 scilianus
744 1191 857 1266 ltegcm
872 1191 1058 1251 bodanicum
1104 1196 1142 1251 de
1154 1189 1240 1250 obitu
1257 1191 1361 1250 rostris
1377 1188 1543 1260 Bioncbae,
1562 1188 1718 1250 nobilibus
1736 1187 1842 1262 ipsios
1858 1186 1891 1248 io
1902 1202 1969 1248 oon·

147 1301 151 1312 ·
191 1277 222 1331 et
237 1271 372 1348 coporos
387 1271 580 1338 Christianos
594 1288 706 1334 omnes
722 1289 739 1335 e
755 1272 822 1334 suis
838 1272 1008 1336 ditionibus
1022 1272 1058 1333 li·
1104 1272 1292 1340 solentibus,
1309 1271 1340 1334 in
1357 1270 1470 1332 Gallias
1486 1287 1630 1333 reversus
1652 1274 1711 1332 est.
1737 1270 1813 1332 Cum
1833 1285 1910 1347 ergo
1925 1287 1968 1331 nr·

191 1353 309 1415 beroso
323 1370 357 1415 se
373 1355 514 1416 dimittet:
528 1361 561 1416 ut
577 1354 741 1417 Christiani
760 1359 910 1417 retineant
924 1356 991 1416 loce
1004 1355 1058 1413 aii·
1101 1356 1252 1432 rigarent.
1271 1356 1357 1416 tertia
1375 1361 1465 1414 noete
1481 1353 1579 1428 naris,
1595 1369 1674 1431 quae
1691 1353 1806 1430 negem
1826 1351 1966 1430 habebat,

189 1441 265 1513 quot
280 1441 377 1498 terrae
394 1443 542 1500 sanctae:
559 1453 652 1516 porro
679 1437 743 1499 ιιιι
768 1437 943 1499 Lodorions
969 1440 1059 1498 resti·
1104 1439 1249 1499 bistonio
1267 1435 1294 1496 ri
1310 1438 1439 1513 appulso
1466 1442 1514 1498 est
1536 1440 1572 1496 ad
1590 1449 1709 1514 rupem,
1726 1435 1775 1497 rel
1801 1435 1967 1496 terraelio·

189 1519 253 1578 tuat
269 1517 450 1589 Damialam,
476 1526 505 1580 et
530 1536 585 1597 pro
600 1519 688 1582 lectis
702 1519 735 1581 in
762 1521 839 1582 iliud
867 1521 984 1582 bellom
1002 1523 1058 1579 im·
1102 1522 1218 1602 gulam,
1238 1527 1269 1578 nt
1282 1527 1392 1580 nautae
1408 1527 1438 1579 et
1464 1519 1515 1580 alii
1535 1519 1617 1582 illico
1639 1519 1841 1581 submersam
1870 1517 1907 1578 iri
1923 1535 1967 1594 po

190 1599 297 1675 pensis
310 1603 376 1663 octa
391 1602 484 1680 rpittie
496 1602 720 1681 Byzantiorum,
736 1602 906 1678 reddatque
921 1603 1058 1680 captivos
1101 1608 1212 1664 tenerit.
1228 1601 1270 1664 Ea
1286 1604 1493 1664 concussione
1510 1601 1630 1663 excitati
1644 1601 1839 1674 sacerdotes,
1858 1599 1965 1676 elerici,

190 1683 362 1746 Saracenos
378 1700 501 1747 omnes.
518 1685 575 1746 His
599 1685 750 1748 conlectis
773 1686 918 1747 induciis.
936 1685 1060 1747 Soltba·
1103 1692 1134 1748 et
1148 1685 1273 1760 caeteri,
1291 1688 1429 1746 sanetum
1453 1684 1566 1762 liegem
1591 1685 1776 1746 inuenerunt
1798 1698 1907 1744 coram
1929 1700 1966 1744 sa·

189 1781 259 1840 nos,
277 1766 349 1828 dom
367 1784 435 1828 com
454 1767 590 1829 exercito
607 1767 773 1829 liamiatam
796 1767 1016 1847 proilolsoitur,
1041 1785 1055 1827 a
1103 1773 1265 1830 croseneto
1280 1765 1389 1828 coristi
1407 1783 1538 1844 corpore
1554 1768 1663 1829 denote
1686 1772 1847 1828 orantem:
1864 1781 1964 1826 omne·

190 1849 407 1922 quibusdame
434 1852 520 1920 sois,
547 1849 697 1912 lrostatim
724 1851 836 1929 gladiis
859 1850 1055 1928 coneiditnr3
1102 1867 1179 1926 sque
1196 1852 1225 1910 in
1242 1866 1277 1911 eo
1304 1849 1390 1912 luere
1413 1849 1577 1917 sententie.
1602 1849 1708 1910 mortis
1730 1855 1792 1910 tarn
1822 1863 1967 1924 praesens

190 1945 323 2009 morqoe
334 1931 441 2010 grandi
460 1947 590 1993 numero
604 1940 771 2010 properent
783 1932 929 1994 Saraceni
946 1932 984 1994 od
999 1933 1052 1994 lle·
1100 1933 1280 1997 discrimen.
1300 1933 1368 1994 cios
1385 1932 1502 1994 meritis
1518 1937 1548 1992 et
1564 1932 1709 2008 precibus
1725 1947 1761 1992 se
1777 1930 1933 1993 erasisse.

189 2013 238 2089 gis
254 2014 397 2075 budoriei
425 2015 602 2089 tentorium,
621 2016 706 2076 ilium
730 2022 760 2078 et
783 2014 976 2077 Christianos
992 2031 1054 2076 orn·
1142 2015 1219 2075 Inde
1234 2012 1432 2076 inFraoeiem
1448 2014 1813 2087 reversusilea,summa
1831 2017 1964 2076 omniuo

191 2111 247 2158 nes
265 2096 441 2174 logoteturi.
459 2096 519 2159 Sed
535 2098 686 2160 immensa
704 2099 869 2160 Satrainris
891 2098 988 2159 sirius
1005 2113 1056 2158 eo·
1100 2098 1300 2173 gratulatione
1317 2099 1479 2173 excipitur,
1508 2104 1600 2175 atque
1614 2098 1652 2158 ab
1675 2113 1712 2158 eo
1735 2104 1884 2174 tempore
1911 2114 1967 2157 ma·

190 2193 257 2238 roro
275 2181 394 2240 animos
409 2179 500 2257 tregit
516 2186 692 2256 mutataque
715 2181 863 2242 scelerata
888 2182 1054 2252 voluntate,
1101 2181 1160 2256 gis,
1189 2180 1362 2256 magisque,
1390 2180 1430 2239 de
1456 2179 1566 2242 virtute
1583 2185 1611 2240 in
1629 2181 1770 2241 rietatem
1789 2178 1969 2257 proficiens,

191 2262 348 2336 postulant
374 2279 388 2322 a
413 2260 509 2340 Rege,
538 2268 569 2322 ut
592 2270 652 2324 stet
677 2264 777 2338 pectis
803 2265 975 2325 conventis.
992 2263 1056 2325 Rex
1101 2265 1137 2322 ad
1155 2263 1362 2323 omnimodam
1380 2264 1458 2324 ritae
1474 2262 1694 2336 perlectionem
1723 2260 1968 2341 pervenitlltsi

190 2359 260 2404 conr
279 2343 361 2405 nulla
378 2354 462 2405 esset
477 2346 647 2407 servandae
670 2346 825 2407 Damiatae
848 2363 933 2423 spes.
950 2347 1057 2407 maluit
1103 2360 1173 2407 nero
1189 2347 1228 2406 ab
1244 2343 1368 2405 inlootia
1385 2360 1454 2405 eom
1472 2345 1525 2406 itio
1541 2349 1678 2407 creuerat
1695 2347 1873 2411 miseratio.
1890 2346 1969 2406 deio-

192 2425 305 2503 pacisei
324 2443 394 2487 com
412 2425 474 2487 iilis
498 2427 649 2502 inducias,
664 2445 753 2508 quaro
768 2434 856 2504 etse,
870 2429 1055 2491 stdbristta·
1102 2443 1177 2504 ceps
1191 2433 1295 2488 tamen
1313 2426 1482 2488 evidentius
1499 2443 1565 2487 earn
1592 2426 1760 2488 deelerarit
1787 2427 1818 2488 in
1845 2425 1967 2490 amietos

191 2525 250 2570 nos
266 2523 376 2570 omnes
402 2511 545 2587 perdere.
562 2509 668 2588 ltaque
694 2512 731 2572 ad
759 2516 875 2573 certorn
903 2511 983 2572 diem
1001 2510 1056 2570 lla·
1103 2518 1133 2571 et
1148 2511 1271 2586 inopes.
1289 2509 1402 2586 quibus
1417 2509 1564 2572 omnibus
1579 2526 1635 2586 pro
1656 2509 1776 2573 viribus
1798 2509 1966 2586 opitulaba-

189 2593 279 2651 anietr
296 2591 359 2653 illis
375 2593 527 2653 redditor.
545 2591 621 2662 Iter,
645 2600 676 2655 et
697 2593 807 2654 iratres
823 2597 903 2666 eins,
922 2600 952 2654 et
968 2595 1056 2654 nobi·
1103 2597 1161 2654 tur.
1185 2593 1278 2655 lussit
1300 2594 1380 2652 enirn
1408 2592 1518 2668 extrui,
1535 2592 1644 2655 domos
1659 2592 1850 2670 hospitales,
1869 2609 1964 2654 mooe·

190 2673 236 2736 les
262 2671 422 2745 arancioe,
450 2675 577 2736 ditionis
592 2675 890 2755 Hierosolyoritanac
907 2684 936 2738 et
952 2675 1055 2755 Cypri,
1103 2678 1196 2738 steria
1212 2675 1439 2751 religiosorum,
1456 2681 1487 2735 et
1512 2675 1542 2737 in
1566 2675 1699 2737 dirersis
1726 2676 1815 2752 regni
1833 2675 1886 2736 sui
1900 2677 1965 2738 locis

195 2771 357 2817 coarcere
381 2757 585 2820 dimittuntur.
614 2758 765 2835 Sperabat
792 2760 851 2820 iam
876 2762 967 2835 prius
981 2759 1056 2828 Rex,
1103 2761 1214 2820 multas
1230 2756 1408 2833 quotannis
1425 2758 1567 2820 distribui
1593 2757 1742 2834 pecunias
1769 2755 1821 2826 iis.
1841 2757 1896 2833 qoi
1912 2775 1961 2818 ma·

192 2837 258 2898 tore
273 2845 307 2899 ut
326 2839 415 2899 etiarn
433 2841 544 2916 reliqui
569 2843 700 2917 captivi,
730 2843 774 2902 oti
797 2849 981 2903 concentum
997 2847 1062 2903 eret
1103 2843 1159 2902 tori
1177 2840 1276 2920 pressi
1300 2839 1403 2916 inopia
1429 2840 1621 2902 ridebantur.
1644 2841 1737 2902 Multa
1753 2838 1963 2902 Dominioeno

191 2937 206 2979 a
233 2920 411 2983 Sacreccnis
437 2921 682 2985 dimitterentur:
708 2926 764 2986 sed
792 2941 861 2986 cunr
885 2926 937 2986 diu
965 2938 1057 3000 expc-
1102 2941 1183 2995 rum,
1201 2932 1231 2985 et
1244 2921 1523 2985 Francisoonorom
1540 2923 1679 2986 condidit
1701 2922 1888 2984 coenobice
1911 2923 1966 2984 loo-

202 3007 329 3078 etasset,
347 3004 563 3066 ex.doodecim
580 3006 721 3067 millibus
736 3023 830 3084 aegre
853 3009 1060 3085 quadringeo·
1103 3007 1267 3080 «lamentis,
1283 3005 1450 3081 multisque
1461 3006 1531 3066 aliis
1545 3005 1736 3084 proceribus
1749 3006 1908 3083 religiosis
1919 3006 1968 3068 Ec·

193 3091 239 3146 tos
255 3088 385 3163 recepit,
397 3086 501 3161 impiis
515 3088 577 3148 iltis
593 3087 871 3160 Saracenis,tldem
888 3091 1058 3152 iureiuran·
1104 3090 1215 3150 etesias
1231 3097 1260 3149 et
1275 3086 1416 3149 aedilicia
1429 3097 1602 3164 opportune
1616 3088 1801 3159 construxit,
1814 3088 1969 3166 largisad·

192 3166 233 3229 do
250 3166 366 3230 ilrmata
385 3167 587 3231 violantibus:
605 3175 655 3247 qni
680 3175 772 3232 etiam
796 3172 834 3232 de
859 3172 990 3234 coeteris
1012 3189 1059 3233 re·
1105 3172 1178 3233 ditis
1194 3170 1414 3249 elecmosynis.
1433 3169 1543 3234 Coecis
1572 3174 1603 3230 in
1619 3170 1757 3248 qualibet
1770 3169 1839 3232 scre
1857 3171 1969 3233 civitate

190 3248 250 3311 bos
273 3251 350 3311 nihil
376 3252 501 3313 voluere
528 3252 710 3333 remittere:¹
730 3259 761 3316 et
782 3253 863 3331 qood
891 3263 938 3316 est
963 3254 1058 3336 longe
1106 3259 1136 3315 et
1150 3251 1276 3316 castello
1289 3254 1376 3332 regni
1392 3254 1454 3325 soi,
1471 3254 1593 3325 atomos,
1609 3253 1690 3332 ipsis
1704 3269 1866 3332 congruas
1882 3262 1968 3333 ctop

193 3333 371 3407 immanius,
389 3333 531 3414 egregios
546 3337 695 3413 quosdam
718 3337 847 3398 iuvenes
867 3336 1060 3400 'Christianos
1104 3343 1252 3415 portunus
1276 3335 1448 3397 benissimo
1463 3337 1611 3412 attribuit,
1639 3341 1740 3398 certos
1764 3336 1830 3399 iliis
1847 3351 1969 3411 preren·

190 3412 441 3491 conprimentis,
460 3419 1059 3498 corgerontimporissimillabomentls
1104 3426 1155 3482 ios
1181 3420 1365 3496 assignans:
1391 3419 1453 3482 lton
1481 3435 1577 3498 pauea
1605 3419 1799 3480 diversorum
1827 3421 1968 3482 ordinum

189 3497 326 3575 profiteri
344 3505 472 3573 sectam,
490 3499 658 3563 Christiana
677 3502 827 3580 religione
841 3502 989 3566 abiurata.
1002 3502 1061 3564 im·
1105 3501 1343 3564 monasticorum
1360 3501 1510 3563 coenobio
1526 3517 1563 3563 ex
1576 3503 1695 3579 integro
1707 3501 1855 3574 extruxit,
1871 3508 1903 3564 et
1915 3520 1968 3564 ma·

190 3589 360 3658 posuerant
374 3584 456 3643 enim
473 3584 574 3646 nodos
589 3599 683 3646 enses
704 3584 878 3646 cervicibus
893 3601 1012 3654 eoram,
1030 3590 1061 3648 et
1105 3586 1175 3664 gnis
1190 3600 1224 3646 ea
1241 3583 1414 3646 redditibus
1438 3583 1597 3646 instruxit:
1615 3586 1644 3644 io
1672 3584 1785 3660 quibos
1803 3583 1898 3645 etiam
1913 3601 1968 3646 oon

189 3662 217 3723 si
234 3667 286 3742 qui
303 3665 420 3726 nollent
433 3665 479 3728 eis
494 3670 684 3732 consentire.
709 3667 780 3729 illos
800 3666 992 3747 iugulabont.
1017 3667 1060 3730 Er
1105 3684 1175 3730 raro
1190 3667 1286 3728 mirae
1302 3666 1482 3728 numilitatis
1498 3672 1529 3728 et
1543 3666 1702 3729 charitatis
1716 3665 1816 3729 officia
1832 3668 1968 3730 exhibant

190 3745 231 3806 iis
247 3747 371 3823 quidam
389 3747 655 3826 imbecilliores,a
671 3749 793 3812 Christo
807 3753 844 3811 ad
857 3750 1059 3813 ttabometem
1106 3749 1170 3812 sois
1186 3749 1328 3811 menibus
1343 3748 1499 3811 humiliter
1522 3765 1559 3811 ac
1575 3751 1685 3813 denote
1706 3749 1849 3811 serviens
1864 3766 1968 3829 aegro·

192 3826 390 3889 deiecerunt:
407 3831 458 3890 alii
476 3846 608 3896 corones
625 3832 771 3912 martyrii,
789 3838 964 3912 contempta
982 3849 1061 3896 mor·
1104 3831 1156 3895 tis.
1174 3831 1248 3894 (lom
1263 3833 1381 3893 reniret
1395 3831 1542 3908 Parisios,
1559 3836 1610 3895 out
1634 3833 1674 3892 ad
1698 3830 1773 3894 alias
1788 3830 1898 3906 Urbes,
1917 3835 1967 3894 do·

191 3913 234 3985 te,
253 3917 458 3988 reportarunt.
1107 3931 1174 3976 mos
1190 3914 1370 3992 hospitales,
1386 3914 1415 3973 in
1431 3914 1543 3989 quibos
1558 3929 1668 3992 magna
1686 3914 1836 3975 eratmale
1850 3915 1968 3978 baben·

232 3992 370 4055 Cernens
386 4001 487 4057 autem
501 3995 677 4060 Lodorioos
690 3999 755 4059 Rea
770 3997 942 4060 Saracenos
957 3998 1061 4060 renire
1107 3999 1181 4060 tium
1211 3997 1323 4073 eopia,
1354 3996 1577 4059 nuoreoissime
1605 3999 1759 4065 inuisens.
1785 3995 1963 4074 nulliusque

190 4081 293 4138 eontra
311 4077 504 4140 indoctarum
529 4077 639 4155 idem,
657 4080 814 4141 consuluit
836 4080 957 4142 nobiles
972 4097 1058 4156 suos,
1106 4079 1238 4142 morbidi
1254 4078 1489 4150 deformitatem,
1507 4085 1557 4140 aot
1570 4078 1680 4141 sordes
1695 4079 1868 4154 refugiens,
1886 4079 1965 4140 intir-

191 4164 222 4217 et
237 4159 354 4220 milites
370 4158 544 4236 religiosos,
569 4164 643 4236 quid
667 4163 821 4238 agendum
845 4164 904 4225 sibi
927 4165 1004 4238 ipsis
1019 4165 1061 4224 ri·
1105 4163 1165 4224 mis
1180 4161 1337 4236 omnibus,
1354 4162 1443 4224 lteris
1458 4161 1590 4240 genibus
1613 4161 1726 4222 ieroola
1749 4159 1915 4224 otlcrebat.
1936 4162 1966 4223 lo

190 4239 328 4302 deretur.
344 4240 411 4304 Illis
427 4259 535 4324 magna
551 4259 588 4305 ex
605 4251 689 4321 parte
701 4246 890 4314 assentibos.
905 4245 1059 4323 siquidem
1105 4244 1234 4306 Abbatio
1249 4243 1333 4321 liegii
1350 4243 1473 4314 montis,
1491 4242 1709 4305 Cistereiensis
1723 4241 1866 4316 Ordinis,
1880 4261 1967 4321 qoam

192 4336 275 4382 none
291 4324 450 4400 recedant,
462 4333 557 4387 terras
574 4325 694 4404 illas,et
708 4333 844 4406 coporos
858 4329 889 4389 in
906 4343 1061 4391 sommam
1106 4327 1158 4389 ilie
1175 4325 1338 4406 magnidoe
1364 4325 1395 4388 io
1413 4329 1521 4402 primis
1536 4334 1565 4388 et
1587 4323 1735 4396 condidit,
1753 4330 1785 4386 et
1803 4327 1925 4399 ditarit,
1940 4333 1968 4388 ot

192 4402 370 4466 discrimen·
383 4411 547 4469 venturos:
563 4409 617 4469 sin
640 4417 743 4470 eutem
771 4416 915 4472 maneant
929 4413 966 4472 ad
984 4419 1059 4472 tem·
1105 4425 1157 4472 res
1172 4410 1237 4488 ipsa
1255 4412 1394 4481 testator,
1412 4409 1522 4471 erebro
1543 4408 1576 4471 td
1597 4423 1698 4486 genos
1719 4405 1820 4469 officia
1845 4409 1967 4486 praesti·

189 4500 247 4561 pos
262 4488 399 4564 aliquod,
415 4505 508 4566 posse
520 4489 594 4552 inde
611 4491 748 4552 utilitatis
760 4492 900 4555 nonnihit
917 4493 1060 4556 accidere
1106 4493 1182 4554 tisse
1203 4491 1309 4552 tentor.
1325 4489 1398 4552 Erat
1413 4491 1455 4552 ibi
1481 4492 1655 4553 monachos
1670 4491 1796 4568 quidam
1814 4493 1967 4568 leprosos,

189 4565 383 4646 Christianis,
401 4573 580 4645 praesertim
604 4575 686 4649 qood
710 4574 788 4636 inter
810 4574 1006 4654 Aegyptium,
1030 4581 1061 4638 et
1105 4590 1196 4650 qoem
1214 4573 1323 4635 toedos
1338 4573 1390 4636 iiie
1407 4573 1534 4635 morbos
1548 4573 1707 4636 borridum
1730 4577 1761 4634 et
1775 4573 1966 4636 abominabi-

187 4648 369 4725 Atapianom
388 4652 554 4718 Sultbanos
569 4657 680 4728 acerba
696 4662 811 4718 extaret
822 4657 979 4720 simultas:
993 4658 1055 4720 ilex
1105 4657 1165 4718 lem
1177 4656 1365 4730 reddiderat,
1384 4671 1461 4717 naso
1474 4654 1541 4718 cios
1553 4663 1582 4718 et
1599 4655 1699 4717 oculis
1711 4656 1804 4734 plone
1820 4657 1966 4730 comesis,

189 4731 260 4809 pios
276 4735 383 4796 maluit
399 4737 528 4800 haerere
543 4737 574 4798 in
591 4737 689 4818 Syria,
706 4755 796 4815 qoonr
813 4755 864 4802 res
887 4740 1009 4813 Christi,
1027 4741 1057 4802 io
1104 4745 1135 4801 et
1147 4738 1264 4801 cresis.
1283 4737 1315 4798 tii
1333 4737 1550 4801 sanctissimus
1565 4738 1629 4801 Rex
1643 4741 1806 4814 prandenti
1824 4739 1859 4800 in
1875 4754 1914 4800 os
1930 4741 1968 4800 ci·

192 4831 228 4876 ea
243 4817 474 4896 desperatione,
504 4827 648 4896 trotoqoe
665 4821 846 4883 discrimine
867 4825 1058 4902 relinquere·
1105 4823 1225 4883 bom-et
1246 4827 1352 4899 poturo
1369 4820 1533 4897 interebat,
1551 4821 1672 4897 absque
1686 4819 1747 4882 ulte
1764 4819 1968 4884 abominatio·

187 4897 383 4973 alphonsum
400 4917 484 4974 sero,
501 4909 532 4966 et
543 4901 687 4966 wtlarolom
704 4903 812 4966 tratres
827 4921 901 4966 suos
917 4908 953 4965 ad
970 4905 1059 4984 Regi·
1105 4921 1143 4965 ne
1159 4902 1386 4966 olttniosissime
1403 4902 1446 4964 itti
1463 4903 1639 4966 inserviens
1652 4902 1786 4982 genibus
1800 4902 1909 4981 flexis,
1934 4907 1967 4965 ita

186 4993 256 5041 orm
278 4990 404 5044 matrem
420 4986 642 5047 consolandum
656 4983 776 5048 remisit
790 4987 821 5048 in
844 4986 967 5050 Gallias.
985 4988 1057 5049 itote
1104 4993 1135 5047 ut
1150 4984 1266 5057 Abbos,
1284 4987 1336 5063 qoi
1361 4992 1422 5048 toan
1439 4986 1554 5054 aderet.
1572 4993 1604 5048 et
1627 4989 1676 5047 rix
1692 4987 1723 5047 id
1744 4985 1862 5049 intueri
1879 4989 1966 5051 susti·

185 5069 258 5124 sont
270 5063 956 5131 lraecannochristim'tllesimodocentesimo
968 5071 1056 5145 quin·
1103 5068 1207 5142 nebat,
1224 5067 1255 5131 in
1272 5069 1405 5148 gemitus
1420 5073 1451 5130 et
1466 5069 1617 5150 lacrymas
1633 5077 1866 5145 prorumperet.

187 5149 382 5227 quagesimo.
400 5147 476 5222 Quis
500 5165 572 5214 rere
591 5150 643 5213 bie
659 5167 720 5214 non
736 5159 908 5230 agnoscant
929 5159 1059 5230 stopen·
1145 5150 1288 5229 Quamvis
1316 5155 1418 5212 cotem
1450 5151 1526 5213 nolli
1556 5151 1707 5227 indigenti
1734 5166 1790 5213 soa
1824 5151 1967 5231 benigni·

186 5229 259 5288 doro
273 5232 482 5307 praepotentis
499 5233 552 5296 liei
570 5232 764 5306 miraculum,
777 5241 901 5313 gentem
918 5234 1000 5297 illam
1014 5235 1057 5296 te·
1103 5240 1164 5297 tote
1186 5248 1248 5295 non
1274 5231 1366 5294 terret
1388 5248 1502 5312 opem,
1529 5240 1558 5294 nt
1583 5234 1646 5295 iltis
1673 5240 1798 5303 tamen.
1822 5233 1881 5312 qui
1897 5235 1968 5296 diri·

185 5310 379 5374 :ocissimam
397 5330 505 5391 parere
521 5321 604 5378 tanto
619 5315 721 5394 liegii
743 5321 868 5396 gentem
890 5317 1057 5397 cupidissi·
1102 5332 1144 5379 no
1159 5317 1253 5377 cultui
1270 5322 1300 5376 et
1324 5316 1416 5377 satuti
1443 5316 1612 5377 animarum
1634 5321 1789 5386 vacarent,
1807 5315 1968 5379 liberalius

183 5407 264 5454 marn
294 5395 410 5476 Regem
438 5398 707 5475 opulentissimum
735 5399 855 5462 solvere
881 5401 1054 5475 captivitate
1101 5406 1132 5461 et
1157 5397 1297 5460 erebrius
1323 5399 1538 5477 eleemosynas
1562 5397 1755 5474 praestabat:
1782 5398 1969 5474 solebatque

184 5490 241 5550 pro
252 5476 344 5558 longe
363 5481 474 5542 minori
489 5481 848 5559 pretio,qoamobtinere
862 5481 1053 5560 potuissent?
1099 5483 1206 5543 dicere
1237 5496 1298 5542 nou
1328 5495 1488 5557 nonquam
1515 5480 1718 5544 lamiliaribus
1742 5481 1811 5544 sois
1840 5483 1882 5543 de
1910 5497 1968 5542 ma·

182 5555 520 5646 Rexaotemquioque
543 5564 693 5644 deinceps
708 5567 800 5628 aunis
824 5563 935 5626 mansit
949 5565 981 5626 in
998 5564 1052 5644 Sg·
1099 5565 1168 5643 gnis
1194 5563 1255 5626 iltis
1282 5563 1507 5642 eleemosynis,
1534 5578 1611 5641 quas
1632 5563 1814 5627 conterebat
1837 5569 1969 5642 quotan-

180 5640 239 5712 ιιι,
256 5653 316 5706 ose
340 5645 469 5710 ociosos
494 5659 583 5725 saoe,
605 5647 663 5710 sed
689 5647 803 5711 maltos
827 5645 997 5712 Saracenos
1011 5647 1050 5711 ad
1098 5646 1148 5710 nis
1162 5643 1286 5710 Parisiis
1300 5647 1333 5708 ιιι
1355 5645 1464 5710 tratres
1486 5642 1708 5711 Dcmtolcauoa
1732 5650 1764 5709 at
1787 5643 1967 5711 araneum·
