4044 6256
284 277 336 334 568
888 261 1181 322 vlvn.vlluoo0sl1
1202 261 1324 320 illisit.

215 408 322 474 Snnnti
336 406 487 468 Ambrosii
499 404 584 466 iussu
601 404 638 465 ab
651 404 792 478 ingresso
806 400 922 478 templi,
934 413 1070 460 commu·
1117 416 1131 458 ιι
1149 396 1272 474 propria
1287 395 1412 474 scripsit
1433 393 1473 456 ob
1489 397 1647 472 pennatum
1670 393 1837 456 homicidii
1853 411 1934 456 cum
1954 417 1976 460 ι
1997 389 1998 454 i

213 481 373 557 minatione
397 495 653 550 sacramentorum
679 481 843 558 abstinuit3
870 480 951 556 guod
974 485 1067 542 totum
1118 477 1278 542 adulterio
1290 475 1673 542 coniunctumPeeoatum
1687 493 1791 539 meum
1806 484 1998 546 contrane

215 586 340 652 tempos
354 574 385 633 in
400 573 553 652 lacrymis,
570 576 599 631 et
614 568 720 629 dolore
735 565 938 644 consumpsit.
950 562 1069 625 Deinde
1119 581 1132 622 ι
1150 567 1198 624 est
1207 577 1331 638 semper
1348 577 1376 621 n.
1393 560 1438 622 Sit
1452 560 1544 638 igitur
1557 559 1649 623 David
1663 559 1777 638 pariter
1789 577 1867 622 eum
1887 561 1975 628 'lbra

213 658 341 737 publicu
357 655 388 716 in
405 656 517 732 tempto
534 667 632 713 eoram
649 651 764 730 populo
779 647 864 708 homi
886 653 999 709 stratos
1020 663 1071 723 pa·
1116 645 1216 712 dosia,
1232 652 1263 706 et
1276 644 1471 705 Theodosius
1486 658 1555 703 curu
1572 641 1685 705 barido
1706 643 1879 720 speculum
1900 645 1971 711 lidci.

215 742 383 803 vimentum
412 735 553 815 lacrymis
578 737 659 806 lavit,
689 733 817 793 trontem
842 731 1004 807 percussit,
1020 746 1069 790 oa·
1118 727 1263 791 iustitiae.
1277 727 1471 798 humilitatis,
1486 725 1656 804 religionis.
1674 731 1704 788 et
1718 726 1974 804 poenitentiaea

217 825 310 896 pillos
326 822 383 883 sibi
407 818 526 882 evulsit.
553 817 595 878 lta
623 816 699 887 Deo,
727 813 957 884 Sacerdotibus,
974 822 1003 872 et
1019 811 1072 874 toti
1120 811 1244 873 mnibus
1259 809 1406 886 Regibus,
1423 809 1554 884 aliisque
1565 808 1774 886 Principibus,
1790 817 1825 870 ut
1838 828 1917 872 eum
1930 815 1974 876 lte

216 905 375 968 Ecclesiae
389 901 548 966 satisfecit.
565 899 613 973 Er,
627 899 708 977 quod
722 901 935 976 argumentum
952 904 999 956 est
1020 910 1069 956 ιι·
1117 911 1210 971 gnum
1228 893 1395 972 temporale
1411 891 1595 969 dimiserint,
1613 891 1748 972 Regnum
1765 893 1975 970 adipiscantur

217 988 357 1052 rissimae
374 995 402 1046 et
419 989 567 1046 maximae
584 982 808 1059 poenitentiam
824 984 887 1041 toto
903 980 981 1039 ritae
997 985 1072 1039 tem·
1117 986 1288 1040 aeternnm.

216 1088 291 1149 pore
309 1075 465 1146 peceatum
481 1065 555 1126 illud
573 1071 676 1141 postea
703 1061 838 1126 deflevit.
856 1063 907 1126 Sic
931 1062 1012 1122 enirn
1030 1062 1072 1121 to·
1159 1057 1243 1122 Obiit
1256 1057 1450 1120 Theodosius
1463 1056 1669 1120 annobomini
1681 1056 1836 1120 395.oum
1851 1060 1975 1124 vixisset

214 1154 318 1233 quitur
347 1152 475 1214 Sanetus
500 1149 681 1210 Ambrosius
696 1145 727 1206 in
744 1149 881 1222 oratione
898 1143 986 1222 paulo
1001 1149 1071 1205 ante
1118 1159 1216 1205 annno
1231 1142 1463 1219 quinquaginta,
1487 1143 1722 1216 etimperesset
1745 1160 1818 1204 oum
1835 1142 1975 1207 Gratiana

216 1243 463 1300 commemorata.
484 1250 496 1291 a
514 1231 619 1306 Neque
636 1231 717 1291 ullos
730 1234 835 1306 postea
850 1229 917 1290 dies
928 1228 995 1301 luit,
1012 1243 1072 1304 quo
1119 1233 1150 1286 et
1161 1224 1374 1286 Valentiniano
1387 1222 1506 1284 iuniore
1517 1239 1615 1285 annos
1627 1227 1873 1300 quatuordeeim.
1889 1233 1919 1288 et
1931 1245 1975 1289 sn

218 1337 232 1381 ι
251 1336 310 1380 nou
328 1318 413 1378 illum
431 1315 546 1375 doleret
557 1329 704 1382 errorem,
718 1313 799 1388 nond
814 1313 918 1388 otique
932 1327 948 1371 a
962 1311 1072 1372 Sancto
1119 1311 1168 1370 los
1185 1309 1214 1368 in
1231 1313 1293 1370 toto
1308 1307 1385 1368 orba
1400 1307 1534 1367 liomano
1548 1323 1645 1368 annos
1659 1307 1750 1380 duos,
1777 1309 1898 1372 relictis
1920 1311 1974 1371 lrn·

218 1421 233 1464 n
249 1401 362 1464 llaridc
376 1397 521 1462 didicisse
535 1397 665 1471 videtur,
676 1395 726 1472 qui
741 1396 782 1455 ait
794 1397 822 1456 io
838 1394 968 1472 psalmo,
981 1407 1071 1471 ouem
1120 1391 1194 1470 perii
1212 1390 1409 1464 haeredibus,
1427 1388 1499 1451 tiliis
1512 1390 1594 1464 suis,
1608 1389 1772 1468 drebodio,
1785 1399 1818 1454 et
1830 1391 1971 1456 llonorio.

847 1801 962 1886 vill
993 1799 1061 1885 ΕΤ
1091 1799 1342 1888 victoriis

630 2113 767 2178 l'lbbttll
788 2110 1039 2174 ttvtronntottls
1055 2109 1185 2174 Ottlltl
1202 2109 1248 2170 tlt
1265 2107 1560 2173 ttotldloslsstltl

952 2383 1240 2394 ..ψ-

952 2400 1239 2410 -......-.-—-———--

261 2889 404 2951 Tiberius
429 2889 598 2968 Imperator
624 2907 692 2950 eum
720 2887 838 2950 los-tino
861 2885 1011 2967 regnarit,
1039 2891 1072 2949 ut
1117 2886 1448 2951 'liberium-Caesarem
1465 2887 1619 2951 declarat:
1635 2887 1875 2968 taliugoeverba
1892 2886 1919 2948 io
1935 2901 1964 2947 ro

221 2971 345 3042 Caesar,
362 2974 452 3033 annis
477 2972 586 3033 tribus.
614 2974 699 3034 solus
714 2979 829 3043 autem,
845 2977 878 3032 ut
902 2969 1070 3048 Augustos,
1119 2972 1303 3034 declarando
1319 2971 1440 3034 loeutus
1456 2978 1514 3049 est,
1531 2971 1631 3048 qualia
1647 2987 1662 3032 a
1676 2973 1759 3034 natla
1785 2971 1911 3032 historia
1924 2972 1963 3030 vet

221 3056 310 3116 annis
324 3063 463 3129 quatuor.
480 3054 549 3116 Fuit
560 3061 660 3116 autem
676 3055 821 3117 omnibus
842 3053 897 3114 Dei
913 3052 1003 3116 donis
1019 3051 1072 3112 mi
1121 3063 1237 3122 vetere,
1257 3056 1303 3115 vel
1320 3057 1503 3127 recentiore,
1520 3063 1591 3116 sont
1607 3054 1732 3116 omnino
1755 3069 1964 3116 commemora-

219 3136 305 3198 rilicc
322 3147 497 3210 exornatos,
514 3137 570 3199 sed
586 3138 767 3211 potissimus
783 3144 924 3216 quatuor.
940 3135 1073 3197 Primum
1120 3144 1160 3211 ta,
1174 3137 1240 3200 lieo
1254 3137 1396 3199 videlicet
1410 3137 1542 3217 propitio
1557 3137 1587 3197 ei
1602 3145 1725 3215 tempus
1736 3138 1899 3215 largiente,
1911 3144 1962 3196 torn

221 3219 303 3282 enim
322 3222 452 3298 popolus
467 3221 526 3283 sibi
548 3221 705 3282 subiectos
720 3220 912 3299 gubernavit,
929 3226 960 3280 ut
975 3226 1074 3298 pater,
1120 3221 1157 3280 ad
1183 3237 1236 3282 sua
1267 3223 1365 3297 ipsius
1392 3227 1518 3297 peoeata
1543 3219 1729 3289 confitenda,
1748 3228 1811 3282 tum
1826 3221 1865 3280 ad
1881 3220 1965 3295 erpti-

222 3319 284 3365 non
307 3310 339 3365 ut
364 3304 525 3379 dominus3
541 3319 578 3363 ιιι
593 3320 654 3381 quo
677 3304 788 3365 iactum
804 3310 863 3373 est,
877 3309 909 3364 ut
923 3300 961 3363 ab
978 3302 1075 3362 omni·
1120 3305 1217 3363 canda
1234 3319 1370 3378 eaquae
1384 3320 1419 3364 ex
1430 3319 1488 3365 uso
1500 3301 1710 3381 Reiplorent.
1721 3303 1794 3364 liam
1807 3317 1877 3362 eum
1890 3301 1965 3362 loan-

222 3387 281 3447 bos
306 3386 438 3448 subditis
454 3385 579 3448 mirifice
595 3385 785 3465 diligeretur.
800 3384 921 3449 Deinde
935 3386 966 3444 io
979 3383 1074 3461 bello,
1122 3402 1178 3446 nes
1204 3385 1380 3463 Episcopus
1397 3402 1454 3448 una
1478 3403 1548 3448 cum
1576 3390 1654 3460 suis,
1671 3400 1804 3462 numque
1817 3384 1965 3460 Principes

157 3465 172 3492 ⁹
222 3467 492 3548 qoudgessiteum
509 3468 621 3538 Persis,
646 3472 810 3531 exereitum
835 3476 892 3528 tam
915 3466 1074 3545 copiosum
1121 3486 1156 3528 an
1181 3469 1386 3547 Magistratus.
1405 3485 1473 3532 eom
1490 3468 1625 3543 denique
1652 3470 1765 3530 milites
1791 3467 1964 3529 Praetorium

223 3551 359 3628 collegit,
376 3556 407 3612 et
421 3554 551 3612 virorum
566 3550 800 3613 fortissimorum
815 3552 951 3627 plenum,
967 3549 1077 3612 otnol·
1119 3551 1151 3614 ln
1179 3553 1255 3612 atrio
1280 3553 1338 3614 sub
1353 3552 1416 3624 dio,
1434 3551 1486 3612 obi
1509 3551 1660 3613 eiusmodi
1684 3549 1806 3630 negotia
1830 3551 1869 3612 de
1890 3567 1964 3610 more

222 3631 272 3694 los
288 3650 422 3711 unquam
444 3634 612 3712 Imperator
638 3635 789 3696 eiusmodi
815 3639 912 3696 nestra
929 3633 1076 3695 babuisse
1122 3637 1288 3695 inveterato
1304 3636 1352 3710 agi
1366 3636 1478 3704 solent,
1496 3634 1525 3693 in
1550 3650 1643 3696 unum
1666 3633 1964 3713 cogerentur31usti·

223 3718 361 3793 tegatur3
378 3717 506 3791 proinde
522 3717 630 3777 mirum
648 3733 708 3778 nou
725 3717 791 3787 tuit,
808 3720 835 3778 si
856 3717 966 3778 Persas
980 3716 1078 3778 omni·
1122 3734 1181 3778 nus
1196 3717 1350 3780 Tiberium
1366 3721 1466 3778 tonina
1479 3717 1611 3778 induens
1623 3715 1833 3793 Imperatoria,
1847 3723 1876 3776 ιι
1887 3717 1963 3776 laena

223 3814 264 3858 no
280 3800 443 3862 domuerit.
460 3799 504 3861 bd
519 3801 607 3869 baec,
624 3816 695 3878 erga
719 3815 873 3878 pauperes
895 3797 1017 3870 Christi,
1035 3798 1075 3859 ob
1122 3802 1388 3870 circumvestiens,
1411 3799 1458 3862 sio
1475 3800 1554 3861 clara
1577 3815 1651 3860 voce
1666 3801 1788 3861 loeutus
1803 3805 1861 3860 est.
1875 3797 1916 3859 lle
1939 3806 1963 3859 ιι

228 3879 366 3940 eiusdem
383 3879 495 3943 Christi
511 3899 643 3943 amorem
660 3899 758 3958 usque
784 3884 861 3944 adeo
883 3880 1031 3953 liberalis,
1049 3891 1080 3944 et
1122 3885 1153 3943 in
1170 3897 1303 3944 errorem
1330 3884 1455 3945 indooat
1479 3884 1573 3944 vestis
1599 3881 1758 3960 splendor,
1785 3880 1963 3956 oegueiltu-

227 3961 403 4028 munitlnus.
433 3963 498 4039 luit,
526 3970 557 4024 ut
577 3973 675 4026 metas
697 3979 806 4025 omnes
822 3964 1013 4025 liberalitatis
1028 3980 1079 4026 er·
1122 3967 1193 4026 stris
1209 3972 1335 4027 ornatos
1357 3965 1482 4027 istarum
1509 3981 1625 4042 rerum,
1642 3967 1721 4042 guae
1736 3964 1795 4026 sub
1817 3971 1964 4042 aspectum

226 4044 360 4108 cessisse
375 4047 534 4109 videatur:
549 4045 1079 4122 rumeinspraedecessorlustioos
1122 4047 1247 4122 eadunt,
1270 4047 1423 4126 decipiat:
1440 4047 1553 4124 quibus
1568 4051 1635 4126 ipse
1659 4048 1688 4107 ιιι
1711 4047 1847 4108 iraudem
1863 4047 1964 4121 impol-

228 4133 258 4190 et
270 4129 337 4189 etus
349 4128 673 4192 suceessnrllaoritius
685 4130 852 4190 avarissimi
866 4129 962 4190 luisse
975 4129 1077 4205 legen·
1122 4147 1188 4203 sus,
1205 4131 1386 4208 imprudens
1418 4147 1467 4190 me
1494 4132 1593 4206 ipsum
1609 4129 1797 4209 gravissimis
1811 4129 1964 4207 suppliciis

189 4216 194 4227 “
224 4216 284 4273 tur.
303 4211 344 4273 ιιι
367 4227 428 4289 nuo
453 4212 566 4274 laetum
591 4221 649 4282 est,
674 4219 707 4272 ot
731 4211 869 4273 lustinus
890 4213 920 4272 in
947 4227 1077 4288 poenam
1122 4213 1287 4274 obnoxium
1304 4213 1439 4278 reddidi.
1453 4213 1559 4288 ltaooe
1574 4223 1604 4274 to
1620 4217 1651 4274 in
1674 4214 1751 4291 liep.
1768 4229 1888 4274 summa
1903 4228 1962 4274 euro

224 4296 342 4370 peceati
361 4294 390 4354 in
408 4294 549 4356 delirium
565 4295 718 4366 inciderit,
735 4303 766 4355 et
780 4294 958 4357 coadiutore
973 4293 1003 4354 in
1020 4293 1079 4354 lm·
1122 4297 1371 4368 mansuetudine,
1389 4296 1523 4358 etanimi
1539 4297 1666 4356 lenitate
1688 4295 1836 4372 regenda,
1852 4311 1918 4356 mea
1931 4295 1964 4354 ιι-

224 4375 311 4453 perio
327 4378 576 4456 oposbaboerit3
593 4387 621 4438 et
637 4377 794 4440 llaoritius
810 4377 1079 4440 crososllilitibos
1122 4380 1160 4440 ria
1186 4386 1349 4455 praestato.
1381 4383 1479 4456 litque
1508 4379 1603 4457 digito
1628 4380 1823 4457 magistratus
1849 4379 1964 4438 demon·

222 4459 331 4530 laetus,
349 4477 417 4520 eum
435 4477 529 4521 uvore
546 4469 575 4522 et
590 4461 697 4522 liberis
717 4461 841 4524 occisus
863 4461 965 4522 luerit.
988 4459 1078 4524 Deoi-
1122 4471 1236 4523 straus.
1252 4461 1317 4524 Non
1334 4467 1463 4538 oportet,
1477 4463 1577 4537 innuit
1589 4459 1962 4522 borumcoosiliismorem

223 4559 284 4616 oue
299 4544 330 4602 in
349 4541 408 4605 ilde
424 4543 572 4605 eatlrolioa
588 4544 766 4614 asserenda,
780 4549 811 4606 et
825 4542 1020 4604 deiendeuda
1032 4560 1077 4604 ar·
1120 4560 1253 4623 gerere:
1278 4560 1345 4604 nam
1361 4543 1394 4605 bi
1410 4557 1460 4604 me
1475 4542 1506 4604 in
1521 4543 1608 4614 istas,
1625 4560 1702 4623 quas
1715 4544 1820 4605 ecrnis
1835 4544 1964 4605 miserias

225 4625 426 4687 deotissimos
441 4626 506 4697 tuit,
523 4625 567 4686 sin
583 4633 615 4686 ιιι
633 4626 820 4688 amicissimo
835 4626 973 4696 antistiti,
992 4627 1076 4688 etde
1120 4626 1325 4688 deduxerunt.
1341 4627 1470 4703 Aliauue
1492 4627 1561 4688 eius
1582 4629 1706 4706 generis
1731 4624 1856 4700 protulit
1869 4625 1961 4692 verba.

225 4723 260 4768 se
275 4708 392 4783 optime
406 4708 524 4778 merito,
540 4708 680 4771 llutielrio
696 4709 848 4790 Episcopo
864 4708 1076 4772 constantina·
1120 4727 1197 4784 none
1213 4725 1322 4770 omnes
1337 4726 1404 4770 eum
1421 4711 1451 4771 in
1479 4711 1637 4770 mammam
1661 4709 1823 4770 traduxere
1845 4710 1962 4769 admira·

229 4789 362 4864 politano
379 4807 439 4853 oon
456 4795 639 4869 pepercerit,
655 4809 724 4853 eom
748 4808 816 4854 eum
840 4811 855 4851 a
883 4798 989 4852 sancto
1004 4791 1076 4853 Gre·
1119 4794 1246 4854 tionem.
1262 4796 1325 4852 tom
1349 4793 1384 4852 ad
1407 4794 1588 4853 immensam
1613 4791 1670 4854 rim
1686 4792 1887 4870 lacrymarum
1902 4807 1963 4871 pro

225 4872 311 4946 gorio
337 4873 484 4944 Romano,
513 4882 585 4935 tono
612 4875 754 4950 diacono,
772 4883 839 4952 post
854 4873 1012 4944 Pontilloe,
1036 4877 1075 4936 de
1118 4877 1303 4935 tundendam
1317 4875 1479 4950 impulere.

223 4952 344 5016 haeresi
371 4959 540 5018 convictum
566 4957 660 5019 tuisse
688 4958 909 5019 animadvertit.
935 4955 1028 5022 llaec.
1046 4967 1076 5019 et
1159 4957 1229 5019 llrat
1250 4958 1308 5019 iste
1330 4957 1473 5020 'liberios
1496 4972 1626 5035 corpore
1647 4955 1778 5020 manime
1795 4963 1959 5036 proeeroct

224 5037 283 5099 elia
299 5038 437 5100 eiusdem
448 5039 572 5118 generis
583 5055 619 5102 cx
633 5048 761 5116 quatuor
774 5040 988 5119 scriptoribus,
1002 5041 1077 5102 duo·
1120 5041 1257 5114 robusto,
1267 5048 1297 5100 et
1310 5041 1550 5116 pulchritudinis
1562 5041 1745 5103 excellentia
1756 5040 1893 5101 omnium
1905 5039 1960 5118 opi·

224 5121 283 5181 bus
305 5119 439 5189 Graecis.
462 5120 601 5198 Evagrio,
629 5131 659 5184 et
683 5123 873 5201 nicephoro,
898 5129 929 5184 et
954 5123 1076 5185 duobus
1120 5128 1213 5184 utone
1230 5124 1355 5189 maiore.
1372 5125 1449 5184 adeo
1465 5129 1499 5185 ot
1514 5138 1574 5184 non
1592 5123 1726 5204 Regibus
1741 5123 1853 5192 solum,
1871 5130 1898 5184 et
1910 5123 1959 5183 lm·

224 5203 349 5272 Latinis,
378 5203 523 5284 Gregorio
538 5205 700 5275 varanna,
724 5211 754 5267 et
775 5206 919 5285 Gregorio
942 5206 1076 5270 Romano
1120 5205 1326 5284 parcioribus.
1345 5208 1397 5268 sed
1421 5205 1566 5268 omnibus
1582 5210 1672 5268 ctiam
1688 5205 1870 5268 bominibus
1883 5206 1960 5266 tacite

224 5285 369 5365 cognosci
386 5296 536 5364 possunt:
553 5290 603 5365 qui
621 5304 741 5365 omncs,
758 5287 932 5367 Niceptroro
948 5295 1076 5366 excepto
1122 5289 1361 5364 praestaretis
1378 5289 1521 5365 primum,
1539 5291 1621 5367 quod
1637 5291 1674 5350 ad
1691 5292 1831 5365 eorporis
1848 5291 1958 5349 termam

223 5368 321 5441 ipsius
334 5370 445 5431 Tiberii
461 5369 588 5447 Augusti
599 5378 737 5448 tempore
749 5371 930 5433 llorueront.
944 5370 1004 5434 Sed
1017 5375 1075 5432 iam
1121 5372 1239 5448 attinet,
1257 5389 1290 5433 ea
1315 5371 1484 5449 principato
1509 5374 1600 5448 plane
1623 5373 1713 5450 digna
1729 5375 1807 5434 tuit:
1824 5372 1898 5447 good
1913 5387 1960 5432 no·

222 5449 380 5528 Evagriom
397 5452 569 5529 audiamus,
585 5453 699 5517 Tiberii
714 5455 821 5518 laudes
843 5468 985 5517 enarrare
1002 5456 1076 5518 inei·
1122 5464 1182 5517 tero
1199 5461 1317 5532 spectat
1332 5457 1367 5516 ad
1384 5455 1532 5530 animum,
1546 5457 1631 5516 illum
1647 5457 1862 5530 mansuetudo,
1874 5459 1901 5514 ιι
1914 5454 1960 5515 be·

221 5533 369 5610 pientom.
1121 5540 1254 5616 nignitas
1278 5538 1443 5602 exornavit.
1459 5537 1559 5600 Primo
1576 5540 1644 5617 ipso
1659 5544 1786 5617 aspectu
1800 5553 1907 5598 omnes
1925 5539 1960 5596 ιι·

265 5613 381 5681 ιιιιιιι
397 5619 544 5698 temporis
566 5616 701 5682 lustinus
717 5620 755 5684 de
776 5620 906 5685 consilio
929 5619 1075 5699 Sophiae,
1123 5622 1252 5685 debatur
1275 5624 1312 5684 ad
1335 5637 1369 5684 se
1384 5620 1581 5700 diligendum
1606 5621 1744 5684 invitare.
1776 5620 1899 5684 Diritias
1917 5636 1961 5682 aas
