4086 6258
309 278 361 342 m
907 278 955 336 llll
974 277 1113 340 osuini
1133 276 1330 342 commonit

236 405 320 470 norm
331 407 420 474 ciliis
432 408 537 482 littori,
554 413 613 474 ortt
628 409 733 488 lonpis
747 409 817 474 iam
829 403 958 488 petibus
971 407 1089 480 securi.
1136 407 1194 472 olis
1210 411 1449 486 comparantur,
1477 412 1511 473 ol
1531 408 1621 474 cuius
1646 407 1737 490 pratil
1764 388 1827 474 rint
1844 409 2011 493 lacrymae

238 503 332 551 amor
344 489 481 571 nummo
495 497 531 556 in
546 492 801 572 compunctionis
824 489 980 570 lucrymis
999 483 1090 554 inar-
1137 490 1495 570 perlectorumexomore
1507 492 2009 571 eldesiderioprodeuntes,quae

237 572 383 642 meconi,
398 579 543 642 caelenis
552 577 680 656 patriae
693 576 846 654 proemia
866 574 973 636 cortile
988 573 1090 636 oculis
1135 589 1207 638 oum
1221 574 1372 636 sacrillcio
1400 577 1602 658 thymiamatis
1623 576 1759 638 omnium
1787 577 2000 642 nobilissimo

237 659 579 740 aspiciant,=snpernis
593 664 660 722 tom
674 659 796 740 ciuium
809 659 962 720 interesse
974 671 1090 744 correo⁴
1135 657 1346 722 conteruntur.
1362 657 1443 722 Haec
1458 660 1611 738 igiturest
1626 659 1861 740 eliminabunt
1888 663 2004 724 excel·

234 740 387 820 piscant:
418 747 505 806 anno
533 745 576 808 oie
606 749 741 822 apparet
761 743 895 806 sortitos
921 738 1090 819 lonpitntlo
1135 743 1243 816 leutio,
1260 743 1318 804 troc
1332 746 1466 819 pretium
1483 741 1792 824 lacrymarumiluotl
1808 748 1832 808 si
1848 747 2006 807 mortales

233 827 508 904 peregrinationis
522 843 612 890 sanc:
626 826 752 903 ,nepem
773 829 810 888 c'n
831 826 945 887 decore
966 839 1025 886 sno
1044 825 1089 886 ni·
1135 826 1381 902 perpenderent,
1412 843 1447 888 ac
1473 826 1554 892 serio
1580 827 1766 905 cogitarent:
1789 827 2007 908 intelligerent

235 907 313 972 aere
326 909 522 982 desinerent,
540 919 568 973 et
582 909 659 990 itere
674 910 817 987 qnotidie
831 924 875 972 eac
895 909 965 970 eius
980 922 1090 970 umore
1134 909 1273 987 prolecto
1289 908 1400 971 beatos
1416 925 1486 973 esso
1501 910 1551 987 qui
1569 911 1685 990 lugent,
1709 916 1740 972 el
1760 911 1912 992 lacrymas
1928 929 2005 974 sau·

235 1007 305 1055 non
320 1001 453 1058 cessant.
473 991 557 1066 (luia
571 993 704 1056 istinist
718 992 821 1055 attare
842 998 916 1056 sunt
938 1005 1087 1068 nurerum,
1135 997 1198 1054 otas
1221 1005 1276 1068 pro
1303 991 1400 1056 nullis
1420 993 1539 1060 wsaeculi
1562 992 1767 1073 voluptetibus
1789 997 1854 1058 sire
1874 995 2006 1058 deliciis

237 1077 274 1138 in
289 1079 540 1154 quornmcontc
562 1083 713 1140 aromata
734 1075 871 1138 incenso
890 1083 984 1148 aunt,
1009 1077 1090 1153 quin
1134 1079 1370 1140 commutarent.

236 1159 366 1223 uirtutes
380 1160 512 1224 uroemr
524 1162 600 1222 naec
616 1160 679 1222 ille.
697 1160 738 1220 lla
753 1163 841 1221 cuius
857 1158 959 1221 verbis
972 1158 1089 1236 colligi·
1175 1157 1325 1221 claudere
1342 1161 1442 1236 placet
1456 1160 1538 1222 hunc
1553 1160 1663 1223 librum
1683 1161 1786 1226 vorbis
1809 1160 1892 1225 beati
1918 1161 2001 1224 Lau·
2030 1169 2031 1198 ³

238 1244 472 1322 mus,loorrmas
483 1252 605 1306 sanctas
618 1258 688 1306 esse
701 1241 883 1306 sacrificium
899 1243 1090 1319 acceptabile
1134 1241 1222 1318 rentii
1236 1240 1409 1304 Iustiniani:
1425 1242 1522 1306 Nemo
1537 1245 1582 1306 ott
1595 1244 1695 1308 Deum
1707 1245 1891 1326 aliqnando
1906 1244 1996 1324 tiene
2030 1249 2031 1328 t

235 1324 366 1391 Domino
394 1330 477 1390 iuxta,
499 1328 573 1389 illut
599 1325 783 1402 Prophetae,
807 1324 1011 1400 sacrificinm
1024 1324 1088 1388 Deo
1133 1327 1349 1405 occessit,pui
1369 1327 1980 1406 nonoaodpostnluuitocceperit.llnl
2030 1379 2031 1382 ,

235 1405 369 1488 spiritus
384 1411 682 1478 contitutionem
695 1409 821 1488 quidem
841 1410 1002 1488 lacrymer.
1014 1424 1086 1487 poe·
1134 1408 1183 1471 lus
1201 1406 1242 1470 ab
1257 1424 1293 1470 eo
1309 1407 1465 1486 beneficio
1477 1410 1623 1474 dolenter
1634 1412 1767 1489 optauit.
1780 1411 1921 1493 quinon
1934 1414 1998 1474 im·

237 1492 399 1558 nitentium
416 1509 487 1556 esse
509 1493 692 1556 sacrilioium
715 1508 886 1570 agnorum,
910 1497 940 1554 et
960 1492 1087 1555 arietum
1134 1493 1284 1570 petrouit.
1301 1491 1372 1570 lpse
1387 1493 1541 1574 enimqni
1554 1497 1739 1558 consolatur
1752 1495 1999 1576 tlenteepiolen·
2030 1507 2031 1576 t

235 1573 265 1635 iu
283 1575 367 1636 altari
385 1592 487 1638 nereo.
510 1585 602 1656 etque
625 1580 655 1640 in
682 1580 757 1638 atrio
783 1582 1008 1643 crematorum,
1032 1576 1088 1638 sed
1136 1581 1178 1638 tes
1197 1580 1309 1648 curat,
1332 1579 1532 1654 poenitentes
1552 1578 1720 1657 informat.
1738 1577 1926 1658 Olearyma
1938 1578 1999 1642 lotr-
2030 1579 2031 1588 ’

234 1657 384 1737 lacrymas
399 1661 523 1736 amoris,
540 1678 574 1722 ac
589 1659 735 1724 desiderii
752 1657 875 1722 ridendi
891 1657 999 1734 Deam,
1016 1673 1088 1721 esse
1136 1659 1237 1734 milis,
1253 1664 1312 1722 too
1324 1667 1369 1722 eat
1382 1660 1539 1738 potentio,
1557 1668 1646 1725 tunm
1661 1662 1820 1740 Repnnm.
1835 1660 2000 1726 annuant

237 1740 422 1805 sacrificium
439 1750 605 1806 aromatum
621 1744 838 1822 pretiosorum,
851 1743 881 1804 iu
894 1740 980 1802 altari
995 1757 1089 1804 aureo
1137 1739 1263 1804 Iudicis
1277 1743 1487 1821 conveneris-3
1503 1747 1684 1809 amicornm
1702 1753 1836 1810 tuorum
1859 1761 1996 1808 occura-

238 1825 269 1886 ia
281 1825 351 1905 ipso
363 1826 572 1902 propitiatorio
584 1823 865 1898 incensorum.Qno
880 1821 1031 1886 secrilloio
1045 1825 1088 1885 oi·
1138 1824 1261 1889 toribus
1274 1825 1442 1889 silentium
1454 1829 1609 1906 imponis.
1630 1827 1698 1890 Non
1722 1835 1790 1903 est,
1820 1831 1880 1908 qui
1901 1835 1931 1891 te
1946 1830 1992 1892 ori

235 1907 279 1980 lul
295 1917 343 1970 est
358 1909 533 1982 pretiosius,
552 1911 627 1974 nihil
643 1909 819 1976 sublimius,
843 1906 919 1970 nihil
940 1907 1006 1970 Deo
1021 1925 1088 1983 pra·
1133 1905 1233 1972 Deam
1247 1912 1400 1972 accedere
1412 1915 1505 1984 neten
1517 1914 1546 1973 si
1559 1912 1629 1974 solo
1649 1914 1750 1974 intres
1764 1947 1778 1986 ,ι
1795 1927 1907 1976 oceno
1921 1927 1990 1974 non

236 1993 308 2067 tius,
323 1993 370 2054 rel
387 1995 483 2072 magis
498 2000 673 2071 acceptum.
688 1990 874 2055 Sacrificium
898 1991 979 2053 enim
999 1988 1088 2052 oller·
1129 1991 1261 2056 redibis.
1287 1989 1370 2068 octe
1389 1993 1503 2071 ploro?
1522 1995 1626 2058 uineis
1647 1994 1884 2070 invincibilem,
1906 1994 1991 2074 lipos

237 2075 357 2138 tursolt
372 2075 435 2138 ileo
451 2078 480 2138 iu
497 2077 619 2155 signum
635 2090 799 2153 supremae
815 2074 897 2137 illius
908 2074 1086 2148 maiestatis
1133 2074 1396 2154 omnipotentem,
1414 2077 1555 2140 tnulirroe
1575 2077 1696 2141 l't'linm
1712 2078 1868 2158 linpints,
1883 2081 1994 2156 operis

235 2164 267 2219 et
281 2157 320 2220 de
335 2158 481 2222 Passionc
498 2159 703 2238 Christianae
719 2158 866 2221 muudum
879 2157 1090 2221 reconciliauit
1132 2159 1268 2221 eoelum.
1283 2159 1380 2236 inpos
1402 2159 1584 2224 diabolum.
1609 2161 1654 2224 ln
1674 2161 1764 2224 citus
1787 2163 1993 2234 animarum,

234 2240 402 2318 lleo‚,rticit
414 2243 662 2322 apostatantem
679 2241 775 2304 luisse
790 2241 979 2312 oblationem,
992 2249 1021 2302 et
1034 2244 1087 2304 tro·
1131 2243 1295 2306 roboratio
1311 2245 1616 2317 sensuamoootttto
1629 2243 1999 2309 delictornmnitlorum

233 2323 321 2386 stiam
336 2323 401 2387 lleo
416 2326 447 2387 io
463 2325 588 2389 odorem
602 2325 769 2388 suauitatis.
787 2324 928 2398 Quamvis
938 2331 1039 2388 aulem
1056 2340 1088 2387 o·
1133 2327 1532 2394 conterminiumuc'rtntnm
1545 2329 1823 2408 pectorepectore
1836 2329 1998 2406 rodope·

236 2407 319 2469 mnia
331 2423 401 2470 rera
414 2407 561 2471 sacrificia
575 2409 688 2472 luerint
699 2409 910 2485 acceptissima
922 2409 1088 2487 lleo‚quip-
1131 2408 1224 2485 tectio
1240 2411 1410 2478 nentium,
1427 2421 1456 2472 ct
1469 2412 1639 2477 lounoram
1650 2413 1834 2491 culparum.
1852 2411 1898 2474 tn
1914 2413 1996 2476 orlon

232 2505 273 2569 pe
288 2505 464 2568 supremam
488 2493 556 2554 eius
566 2493 782 2557 celsitudinem
807 2492 1003 2568 protestantia
1021 2537 1028 2561 ,
1046 2499 1087 2552 ta·
1130 2495 1227 2566 uitae,
1243 2508 1341 2570 sapor
1355 2493 1500 2572 spiritns,
1516 2501 1627 2573 prestas
1642 2495 1884 2574 indumentiae,
1902 2497 1995 2558 soni·

233 2587 305 2634 meo
321 2575 530 2653 superomnia
546 2577 749 2655 gratissimum
763 2574 943 2651 luil,ulpote
961 2574 1086 2637 nobilis·
1132 2585 1179 2638 los
1193 2578 1359 2640 redeuntis
1382 2579 1611 2654 innocentiae,
1634 2579 1919 2642 reconciliationis
1942 2581 1991 2642 in·

230 2657 355 2722 simum.
374 2661 404 2719 ct
419 2659 638 2734 purissimum,
663 2657 848 2722 sacrificium
862 2659 982 2734 thuris,
1000 2657 1083 2736 quod
1131 2659 1291 2736 conditos,
1307 2668 1475 2722 serenatae
1488 2663 1703 2725 conscientiae
1717 2663 1863 2726 scaenas
1879 2669 1912 2724 et
1930 2663 1993 2724 ele·

233 2739 320 2803 solus
335 2740 472 2804 Pontiler
488 2743 584 2804 semel
600 2745 630 2804 in
647 2759 727 2804 anno
739 2745 818 2803 iutra
830 2741 1084 2820 propitiatorium,
1131 2744 1245 2807 ottonis
1257 2751 1408 2807 aeternae
1420 2743 1685 2824 compatientius·
1696 2749 1725 2808 te
1737 2746 1898 2808 orationis
1911 2759 1993 2806 snae

234 2826 266 2888 et
279 2821 310 2886 in
326 2825 411 2886 altari
427 2841 521 2888 aureo
536 2824 704 2899 ollercbat,
729 2837 759 2887 ut
774 2825 939 2894 Apostolus
954 2827 1084 2902 explicat
1131 2827 1279 2888 comitem
1293 2825 1429 2892 habebit.
1444 2829 1601 2908 pendeat,
1617 2829 1698 2908 quio
1710 2836 1781 2908 post
1802 2831 1991 2892 orationem

233 2906 264 2967 iu
278 2909 410 2986 epistola
427 2911 464 2970 oo
480 2907 649 2972 Hebraeum
667 2907 770 2989 Cogita
784 2907 897 2987 igitur,
915 2923 1005 2986 quam
1017 2926 1083 2987 gra·
1128 2925 1260 2974 secnrns
1274 2909 1387 2974 obibit.
1404 2909 1512 2974 lmen.
1882 2943 1887 2952 .

232 2995 281 3050 tae
296 2991 357 3054 siut
370 2990 436 3056 Deo
451 2993 607 3072 lacrymae
621 2993 855 3073 poenitentium,
873 3008 951 3070 quae
967 2991 1082 3056 sauriti-
