4002 6228
480 705 488 722 '
660 669 1169 859 -Plllhlllllll

455 1079 1400 1254 auuuurouuu

785 1405 1063 1444 -ΟΘΨὛΘΦ-

79 1911 142 1971 lnle
155 1923 256 1972 sonos
271 1911 399 1975 circiter
411 1914 623 1996 quadraginta,
641 1933 711 1978 cum
728 1933 776 1976 rue
793 1916 831 1977 all
849 1915 900 1977 Sa·
950 1930 1000 1978 res
1016 1929 1220 1992 cognoscere,
1245 1913 1338 1974 hohot
1361 1909 1526 1972 Antonium
1551 1906 1751 1968 Possorinum
1768 1918 1825 1964 no·

51 1990 326 2071 eranlhculogiam
341 1995 373 2056 in
386 1993 730 2074 Schollsexplicundam
743 2013 902 2074 compara·
948 2002 1059 2068 strum,
1084 1997 1135 2072 qui
1160 1995 1190 2057 in
1207 2013 1264 2056 suo
1280 2001 1424 2070 apparatu
1442 1991 1536 2054 Sucro
1554 1989 1651 2051 trihus
1669 1987 1761 2050 tomis
1777 1984 1824 2045 rii·

51 2091 110 2136 reru
127 2074 154 2133 in
171 2073 343 2137 lectionem
360 2086 497 2139 velerum
514 2080 704 2157 Scriptorum
722 2097 783 2141 oon
798 2078 902 2141 inulti·
947 2082 1074 2149 stinclo,
1091 2078 1267 2151 Scriptores
1283 2093 1364 2154 pene
1379 2089 1501 2148 omnes,
1520 2077 1649 2136 veteres.
1668 2077 1698 2130 et
1715 2083 1825 2130 recen·

51 2149 369 2236 genteriocubui31um
386 2167 417 2219 ιιι
429 2175 536 2222 curum
551 2162 721 2223 doctrinam
734 2161 900 2223 haurirem.
946 2162 1051 2229 liures,
1067 2177 1122 2229 per
1134 2160 1287 2235 alphabeti
1302 2159 1442 2219 ordinum
1455 2154 1656 2216 enumerarit.
1678 2152 1752 2225 Quin
1772 2165 1821 2209 rc·

53 2245 99 2298 lun
113 2243 144 2330 ut
152 2237 290 2316 legitima
304 2243 337 2300 et
348 2256 417 2302 rera
432 2257 537 2304 eorum
552 2259 643 2318 opera
657 2261 672 2302 a
687 2244 773 2305 lalsis
785 2250 816 2306 el
830 2259 903 2318 sup·
947 2260 982 2306 ro
999 2247 1028 2303 ln
1046 2244 1103 2303 hoo
1116 2241 1137 2303 C
1148 2242 1260 2319 rlologo
1275 2241 1371 2300 solius
1385 2237 1533 2311 temporis
1546 2243 1693 2295 rohonem
1710 2230 1820 2300 hahui,

52 2319 173 2396 ppsltiltis
203 2333 401 2395 separarem.
431 2323 537 2402 ltaque
565 2327 675 2400 scripsi
700 2327 839 2387 libellum
864 2328 903 2386 tle
949 2333 979 2388 cl
995 2326 1104 2386 miscui
1120 2323 1297 2401 Theologos
1313 2339 1383 2383 curu
1396 2320 1471 2381 iuris
1486 2315 1631 2380 canonici
1650 2315 1772 2393 peritis:
1791 2319 1823 2372 el

52 2398 237 2478 Scriphrrihus
249 2401 606 2478 llociesiastieis,arlrlita
619 2421 763 2474 censura,
778 2423 835 2482 oua
850 2422 902 2467 no·
951 2406 1117 2470 historicos
1132 2404 1365 2467 ecclesiasticos
1380 2417 1449 2464 curn
1466 2397 1651 2466 oratoribus,
1670 2403 1700 2457 ol
1715 2393 1822 2456 Poilis

55 2483 145 2552 talam,
160 2497 240 2558 quae
255 2482 386 2546 illorum
402 2501 498 2562 opera
514 2496 621 2549 essent
636 2499 731 2561 certa,
747 2504 826 2567 quae
842 2490 898 2550 du·
949 2489 1060 2551 sacris:
1085 2494 1246 2565 propterea
1263 2487 1300 2546 ad
1317 2484 1465 2545 maiorem
1483 2482 1633 2541 lectorum
1650 2475 1825 2536 commolli-

53 2563 99 2634 lin,
117 2578 191 2640 quaa
213 2564 386 2629 manilesle
409 2569 616 2645 supposititia.
639 2569 695 2632 llic
712 2587 799 2632 meus
812 2570 902 2644 liber,
949 2578 1054 2646 talem,
1067 2569 1187 2632 subieci
1202 2568 1321 2628 inlices
1344 2567 1467 2636 clocam,
1489 2570 1608 2640 praetor
1625 2561 1759 2620 lonleam
1773 2557 1822 2618 ll·

55 2662 90 2738 ue
104 2646 203 2722 parlim
217 2645 398 2725 nesciente,
412 2653 519 2727 parllrn
533 2651 623 2713 etiam
638 2653 775 2722 nolente,
791 2659 820 2714 et
837 2667 905 2731 pro·
951 2653 1162 2730 phaheticum,
1177 2649 1229 2726 oui
1244 2649 1282 2709 orl
1299 2647 1420 2708 initium
1435 2644 1540 2724 operis
1557 2643 1692 2720 ponitur.
1710 2641 1743 2700 ln
1762 2640 1823 2716 pri·

55 2727 170 2796 lrhcole,
183 2727 349 2790 admones
361 2732 525 2794 mullorum
539 2734 781 2806 heremeticam
795 2733 905 2796 neior·
951 2733 1121 2796 melodice
1144 2739 1234 2794 eruut
1256 2728 1478 2806 Explannlores
1500 2740 1606 2786 soernc
1629 2725 1822 2798 scripturae.

54 2817 75 2872 le
86 2816 145 2886 post
158 2809 280 2870 obitum
299 2827 402 2874 orcum
415 2812 446 2874 in
460 2814 561 2876 lucem
575 2817 682 2878 ceatur
695 2815 904 2893 imperiosius,
951 2815 986 2878 ln
1002 2814 1154 2887 seeundo,
1173 2815 1191 2873 ii
1209 2811 1262 2890 qui
1284 2810 1424 2873 scribunt
1440 2809 1589 2868 adversus
1606 2806 1768 2866 haereses.
1788 2801 1823 2862 ln

55 2891 210 2967 clmulilus,
224 2895 906 2974 ulsolenleiusruodillhrlirequenleremtt-
952 2898 1054 2967 tertio,
1070 2897 1215 2960 doctores
1237 2890 1432 2956 Selrolosticl.
1457 2891 1491 2951 ln
1516 2893 1638 2961 orrnrlo.
1662 2900 1823 2948 sacrorum

56 2973 79 3046 li,
92 2989 153 3035 cour
170 2973 199 3034 io
216 2973 278 3035 hac
299 2991 367 3038 mea
383 2975 488 3038 ultima
505 2982 603 3041 aelata
620 2981 796 3059 recognovi,
814 2995 908 3055 expo·
953 2995 1107 3042 canonum
1129 2977 1326 3050 collectores,
1351 2975 1398 3036 rel
1422 2973 1629 3047 erpnsltnros.
1648 2967 1682 3030 ln
1699 2966 1825 3046 quinto.

57 3055 104 3122 liri,
118 3059 146 3116 ct
159 3053 239 3126 rori,
256 3062 357 3135 atque
373 3059 403 3120 in
425 3057 528 3121 luceru
544 3060 617 3122 dare
633 3061 792 3137 constitui,
810 3068 842 3122 ul
858 3063 904 3122 rcl
953 3064 1005 3140 qul
1023 3075 1115 3122 casus
1131 3058 1343 3120 eonscientiae
1360 3059 1498 3117 tractant.
1516 3051 1550 3114 ln
1569 3057 1666 3126 serlo,
1684 3053 1828 3110 oratores

57 3136 188 3198 nnnnni
211 3135 341 3199 utilitati
358 3137 523 3213 deserviat,
539 3145 586 3204 rel
603 3143 711 3205 saltem
728 3143 907 3204 lnemcnna·
954 3141 1129 3207 christiani.
1145 3140 1179 3202 ln
1203 3141 1348 3216 septimo,
1374 3137 1496 3202 Poetae,
1516 3133 1566 3208 oui
1585 3149 1635 3192 res
1651 3145 1756 3193 sacras
1772 3145 1825 3191 cu·

58 3218 352 3292 hsetimperlectus
367 3222 523 3284 nominem
546 3223 693 3286 oilendal.
715 3224 907 3302 Propositum
954 3230 1042 3287 nunt.
1067 3222 1101 3285 lo
1125 3225 1245 3297 octavu,
1268 3218 1405 3282 historici
1431 3216 1654 3277 ccoteslastlel.
1672 3213 1707 3274 ln
1725 3226 1823 3279 nono,

58 3307 135 3360 rotem
150 3298 222 3360 mihi
240 3301 274 3359 ln
297 3303 356 3363 hoc
379 3317 474 3379 opere
495 3302 562 3376 loll,
580 3322 641 3366 non
657 3320 768 3368 omnes
781 3307 909 3368 omnino
955 3303 1141 3382 chronologi
1159 3305 1230 3364 itero
1247 3301 1468 3364 ecclesiastici.
1484 3297 1517 3358 ln
1534 3297 1668 3367 decimo,
1686 3295 1739 3368 orti
1757 3293 1825 3368 pios

57 3380 204 3457 Scriptores
220 3383 253 3442 in
267 3381 452 3462 Celalogum
469 3386 626 3465 redigere:
642 3387 697 3448 sed
710 3401 765 3450 eos
778 3391 908 3459 tantum,
957 3388 1081 3449 libellos
1102 3389 1139 3448 au
1163 3385 1305 3446 alendam
1328 3381 1420 3443 enllnl
1450 3380 1645 3440 devotionem
1670 3375 1823 3436 scribunt.

59 3463 95 3536 pil
109 3463 143 3523 de
156 3462 254 3524 rehus
269 3461 506 3527 Ecclesiastieis
518 3483 644 3546 quoquo
660 3470 752 3530 modo
768 3475 909 3530 tractant.
956 3468 1063 3532 huieci
1079 3483 1204 3543 ouooue
1225 3465 1264 3527 nd
1285 3464 1378 3527 tinem
1394 3463 1499 3540 operis
1514 3460 1638 3522 brorum
1656 3456 1826 3518 chronolo-

59 3543 145 3618 lhuue
159 3542 342 3622 Scriptores
353 3545 499 3620 lithluici,
516 3556 546 3609 el
561 3551 612 3626 qui
629 3550 779 3612 derebus
796 3556 910 3613 lantum
957 3551 1037 3630 giam
1053 3549 1092 3612 ah
1105 3547 1187 3611 erue
1199 3544 1324 3610 condito
1338 3559 1439 3622 usquc
1454 3544 1490 3602 ari
1508 3546 1610 3604 nostra
1628 3547 1775 3617 tompore,
1793 3542 1827 3598 ut

62 3625 187 3718 polanis,
203 3631 257 3688 aot
274 3629 371 3688 ctiam
388 3630 620 3693 honestissimis
633 3631 773 3709 uuidere,
790 3632 846 3693 scd
859 3648 915 3712 pe·
957 3647 1067 3694 omues
1082 3628 1266 3708 intelligant,
1280 3627 1353 3705 quid
1367 3632 1494 3688 secutos
1506 3626 1578 3695 sior,
1592 3639 1662 3681 oum
1678 3637 1734 3682 sua
1751 3626 1825 3679 tem·

61 3707 144 3776 lrtrrrs,
161 3714 191 3766 et
206 3708 359 3770 humanis
381 3717 487 3788 agunt,
504 3715 613 3788 guolcs
628 3721 701 3775 suot
716 3714 819 3792 legum
836 3711 913 3774 Ciri-
958 3729 1031 3790 pora
1055 3711 1215 3791 prophetis
1236 3716 1327 3786 alque
1351 3707 1422 3786 alijs
1436 3705 1641 3781 scriptoribus
1656 3702 1824 3781 assignari.

62 3789 118 3848 lium
138 3788 351 3860 Praetatores,
378 3791 573 3871 Philosophi,
603 3795 726 3862 lledlcl.
754 3795 910 3869 Oratores,
957 3795 1037 3858 lllurl
1061 3801 1216 3868 postremo
1236 3791 1468 3851 adrnoneotlum
1492 3802 1564 3848 esse
1587 3787 1710 3853 consol,
1728 3797 1778 3844 me
1794 3782 1824 3842 in

62 3869 162 3944 Poetae,
179 3868 343 3942 ilistorici,
360 3873 692 3948 llathcmalici,locum
709 3877 740 3938 iu
756 3878 815 3938 hoc
830 3876 914 3940 Cala·
959 3880 1020 3940 huc
1043 3876 1191 3954 catalogo
1216 3891 1276 3934 noo
1301 3875 1445 3948 posuisse
1471 3867 1634 3930 Pontrhees
1657 3866 1825 3936 Romanos,
1888 3909 1895 3916 .

63 3952 118 4028 logo
132 3968 190 4012 oon
207 3952 387 4017 habehant.
404 3955 444 4016 le
460 3972 499 4017 ne
515 3972 624 4020 omnus
639 3959 764 4036 quidem
781 3959 914 4038 Scriplo-
959 3961 1010 4037 uui
1028 3959 1111 4020 solas
1124 3956 1273 4032 epistolas
1286 3957 1460 4025 ediderunt,
1475 3951 1533 4012 nisi
1549 3947 1672 4026 ourrnrln
1685 3946 1827 4023 probabi·

63 4047 99 4093 res
110 4031 320 4096 Ecclesiastici
344 4036 382 4096 ad
403 4052 504 4099 meum
514 4037 690 4118 catalogum
704 4041 914 4120 pertinebunt,
960 4042 989 4104 le
1004 4040 1072 4115 iuil,
1084 4055 1136 4104 oas
1149 4037 1298 4116 epistulas
1311 4036 1349 4098 uh
1362 4036 1440 4113 ipsis
1453 4034 1498 4094 rel
1512 4032 1640 4092 ‹lirtotns
1657 4030 1765 4096 inissa,
1779 4029 1825 4088 rel

64 4113 105 4174 sed
121 4114 166 4208 'llll
189 4116 310 4184 solum.
334 4134 465 4197 quorum
495 4136 589 4198 opera
612 4123 713 4184 anirue
733 4130 913 4201 supersunt.
959 4124 1101 4198 scriptas.
1119 4121 1150 4182 Si
1167 4119 1291 4198 quidem
1315 4119 1465 4193 epistolae
1482 4111 1668 4188 pontilicioe.
1685 4119 1713 4171 ul
1732 4111 1826 4188 pluri-

64 4195 168 4257 Plurimi
182 4198 269 4259 cuim
286 4208 361 4261 suot
372 4200 546 4278 Scriptores
559 4203 678 4278 optimi,
696 4220 826 4280 quorum
843 4219 916 4282 ope·
961 4220 1057 4277 mum,
1074 4219 1134 4264 non
1152 4209 1257 4279 perles
1273 4199 1472 4276 snotingenlj
1491 4195 1683 4256 Pontilleuur,
1701 4194 1756 4252 soil
1774 4207 1825 4252 co·

64 4277 262 4354 operierunt.
275 4281 360 4352 Quos
372 4288 513 4344 auctores
523 4285 632 4360 poterit
643 4285 741 4347 lector
752 4289 833 4362 apurl
846 4302 917 4346 san·
959 4303 1039 4358 rum,
1057 4285 1108 4363 qui
1125 4283 1162 4344 ah
1178 4283 1319 4360 epistolis
1332 4280 1393 4342 illis
1406 4284 1479 4340 suot
1494 4276 1582 4338 Germ
1598 4282 1722 4336 sancms
1740 4273 1823 4335 llier.

64 4364 128 4419 rtum
144 4355 382 4442 hieronymum,
409 4361 590 4434 liusehium.
619 4365 824 4436 Genrradium,
846 4383 914 4428 sno·
962 4371 992 4429 in
1010 4366 1141 4445 epistola
1162 4365 1200 4425 ne
1223 4363 1399 4425 Gerontiam
1422 4361 1461 4422 dc
1475 4357 1683 4436 Monogamia,
1701 4361 1829 4418 testatur

64 4444 129 4500 eluro
143 4441 317 4511 isidorum.
334 4443 487 4518 Pholum,
510 4445 692 4524 lionorium,
709 4448 917 4528 Sigehcrlum,
961 4465 996 4512 se
1009 4448 1122 4511 lurisse
1136 4448 1297 4521 Damasum
1313 4442 1489 4506 Pontlileem
1503 4442 1534 4502 in
1546 4440 1661 4504 chartis
1673 4436 1828 4498 Ecclesia·

63 4521 410 4594 re'lrithemiuru,lacile
423 4529 721 4608 reperirelletioue
735 4545 795 4592 oon
809 4547 918 4592 omnes
961 4532 1060 4606 sticis3
1077 4538 1107 4591 et
1121 4527 1255 4591 Orientis
1271 4535 1361 4606 utque
1377 4523 1557 4588 Ourirlentrs
1573 4521 1738 4598 synodicis
1754 4534 1826 4579 con·

65 4602 221 4679 Scriptores
231 4606 460 4674 Ecclesiastiei.
471 4626 600 4687 quorum
610 4611 679 4673 libri
691 4618 804 4683 extant,
819 4616 849 4672 ln
863 4611 920 4673 Ca·
962 4611 1180 4676 sultalionihus
1192 4605 1451 4684 respondissellx
1464 4621 1525 4683 quo
1538 4599 1751 4677 intelligimus,
1764 4601 1830 4678 cpi·

64 4685 147 4762 lrlogo
170 4703 242 4752 mco
266 4695 435 4766 ponentur:
458 4692 514 4752 serl
539 4691 558 4771 ij
583 4694 767 4770 lantum-oui
783 4693 919 4756 ahanno
963 4695 1059 4756 stelas
1075 4693 1143 4754 illas
1159 4698 1279 4768 partum
1302 4690 1418 4768 ingenii
1443 4685 1618 4763 hieronymi
1642 4683 1750 4751 luisse,
1768 4698 1829 4743 oon

66 4767 219 4830 nillcsimo
242 4770 498 4850 quingentesimo
520 4779 590 4834 ante
613 4773 726 4837 Christi
741 4775 919 4846 adrentum,
964 4775 1097 4838 Damasi.
1112 4773 1244 4836 Sanctus
1257 4787 1380 4850 quoquc
1393 4769 1558 4846 Gregorius
1571 4772 1675 4825 orietur
1692 4771 1740 4824 est
1755 4762 1829 4824 insl-

66 4862 146 4926 nsque
169 4853 208 4912 ad
225 4867 344 4913 annum
361 4851 472 4916 Christi
490 4853 687 4918 millesimum
708 4856 919 4935 ouiogcnlesi
963 4861 1034 4936 gnis
1048 4855 1210 4932 epistolae,
1234 4870 1313 4932 guae
1335 4852 1394 4913 suh
1417 4849 1543 4910 nornine
1567 4845 1679 4924 Pelagii
1697 4843 1828 4907 secundi

64 4945 143 5004 uum,
160 4933 259 5002 illest.
277 4951 293 4993 o
310 4933 393 4998 lluse
417 4935 516 5013 prime
531 4937 688 5014 scriptore
702 4937 920 5003 Ecclesiastico
967 4938 1123 5000 Pontlilcis
1138 4937 1269 4998 lrehelur
1284 4939 1354 5013 post
1373 4930 1510 5010 quintam
1528 4928 1685 5008 synodum
1702 4941 1830 5005 genera·

65 5025 147 5104 usgue
170 5014 207 5074 ad
234 5021 377 5076 nostrum
399 5017 554 5096 seculum,
576 5017 751 5094 Sapientiae
765 5020 920 5084 Ecclesia·
967 5020 1041 5083 lem.
1058 5020 1127 5082 Erat
1141 5020 1223 5080 enim
1240 5022 1451 5079 luncsunclus
1466 5009 1632 5089 Gregorius
1648 5007 1760 5084 Pelagii
1779 5007 1832 5068 Po·

68 5100 149 5184 streac
164 5094 259 5160 laude
272 5095 454 5160 floruerunt.
468 5097 564 5160 omisi
580 5104 661 5163 enirn
678 5101 851 5180 Scriptores
866 5118 918 5165 no·
968 5119 1024 5179 pce
1042 5103 1207 5174 hiaconus,
1225 5112 1357 5175 eumque
1371 5095 1492 5156 iurabat
1507 5094 1538 5155 in
1555 5092 1669 5154 chartis
1685 5091 1832 5151 ecclcsia-

64 5180 108 5266 slrr
121 5176 233 5252 seculi,
258 5193 321 5239 noo
338 5181 420 5256 quod
439 5181 526 5254 nulli,
544 5187 597 5244 aul
611 5187 712 5260 pauci,
729 5191 781 5246 aut
795 5185 919 5247 obscuri
967 5185 1066 5258 stieis,
1090 5189 1121 5244 ut
1150 5179 1355 5258 Hieronymus
1380 5175 1559 5238 Damasum.
1583 5170 1708 5234 Constat
1741 5173 1832 5231 etiarn

65 5263 128 5348 sloh
150 5259 206 5319 scd
226 5263 312 5336 quoe
331 5275 413 5339 pene
435 5263 679 5327 innumerabiles
703 5265 777 5336 sint,
802 5271 833 5328 et
847 5267 922 5329 salis
969 5265 1130 5343 epistolam
1153 5261 1315 5324 Alexandri
1339 5258 1418 5320 tertii
1437 5255 1596 5320 Pontiilcls
1610 5255 1648 5314 arl
1665 5252 1834 5316 Soldanum

67 5343 121 5428 ooli
133 5337 318 5402 hominihus
330 5341 479 5417 doctis3el
491 5345 572 5419 quoe
586 5345 662 5408 nulli
676 5346 736 5409 sint
749 5348 921 5424 libri,quod
969 5346 1079 5416 leonii,
1095 5363 1155 5406 narn
1170 5345 1207 5403 nh
1220 5341 1403 5411 Alexandro,
1414 5340 1468 5402 sed
1482 5357 1496 5398 a
1511 5338 1597 5399 Petro
1609 5335 1747 5397 Blascosi
1761 5332 1838 5395 luis·

66 5420 325 5514 scram,·illisialso
336 5424 551 5502 supposilizoh
563 5428 922 5503 ouorumdiscrcliooem
971 5445 1006 5492 se
1020 5427 1233 5505 compositum.
1247 5423 1333 5500 Quod
1346 5422 1427 5486 idem
1445 5422 1483 5484 de
1500 5420 1605 5480 multis
1621 5418 1689 5479 nilis
1705 5414 1834 5478 nlllrmn·

67 5499 236 5580 alegrtunis
252 5508 285 5565 et
305 5507 474 5598 germanis,
498 5507 581 5569 hune
603 5509 740 5572 laborem
758 5511 926 5589 praecipue
972 5527 1004 5574 rc
1019 5524 1198 5588 possumus.

68 5594 116 5659 ego
129 5588 272 5662 suscepi.
286 5585 318 5648 St
329 5587 401 5665 quis
413 5595 514 5652 lamen
528 5591 630 5668 cupiet
643 5591 701 5655 hos
713 5593 804 5656 etiem
820 5601 922 5656 aucto·
1485 5647 1489 5654 .

130 5679 286 5739 eutition
306 5683 362 5740 iel.
387 5687 417 5741 tl
1554 5685 1568 5734 2
