4044 6256
292 301 344 360 518
904 297 990 357 VITA
1010 299 1039 357 S.
1058 295 1202 357 bebulci
1220 297 1341 359 ΙΜΡΕΗ.

226 433 448 513 ingrederetur,
474 439 505 496 ct
529 430 792 510 merseburgensis
807 431 928 493 Praesul
945 441 1068 509 propter
1114 441 1163 494 tus
1184 439 1232 494 cst
1252 439 1283 495 et
1303 427 1466 511 disperiit3
1489 431 1535 493 sic
1555 430 1657 492 omnis
1683 430 1740 492 istu
1761 426 1972 492 barbarum·
1999 447 2000 450 ¹

223 517 403 591 sapientiam
420 515 479 580 sibi
494 534 511 579 a
525 516 589 580 Deo
604 514 792 593 praestitam,
805 517 835 576 et
846 518 1068 592 propterrirtu·
1113 516 1255 578 immanis
1271 512 1431 578 multitudo
1448 527 1503 588 per
1517 513 1657 576 virtutem
1666 511 1722 574 Dei
1738 511 1900 578 contrita.
1917 525 1973 585 pre

219 605 270 659 tes
287 599 444 675 plurimas,
461 598 574 679 quibus
589 602 713 660 ornatus
728 602 803 671 erat,
820 595 859 659 ob
875 612 950 674 quas
972 602 1002 658 el
1016 596 1066 659 0t·
1113 596 1200 660 iactis
1223 598 1316 660 armis
1337 597 1405 660 siue
1420 593 1570 658 effusione
1595 594 1755 676 sauguinis
1777 591 1972 658 Christiano

222 680 307 742 thoni
324 680 433 760 bagao
448 681 640 762 gratissimus
656 683 729 748 erat,
746 679 777 741 in
794 680 966 741 cathedram
988 680 1066 757 blag-
1114 698 1177 742 rum
1195 678 1283 760 iugae
1298 677 1482 759 praesidium
1500 677 1658 754 ouaesirii.
1671 675 1758 751 Quod
1777 677 1907 740 videns
1924 674 1971 738 ber

223 763 452 843 deburgenscm
474 780 489 825 a
513 763 668 840 praediolo
695 762 791 840 Rege,
818 761 1066 824 constitueretur.
1112 765 1338 837 sanctissimus,
1365 760 1605 823 clarellsoculis
1629 775 1663 821 ac
1686 759 1836 822 manibus
1855 757 1894 820 iu
1910 774 1972 819 coe

221 843 346 907 Factum
363 855 410 909 est
426 844 855 922 autemuiblerseburgeusis
866 843 1067 921 Episcopatus
1112 846 1174 908 lum
1197 849 1309 926 gratias
1329 846 1392 924 egit
1405 842 1535 905 Domino
1550 842 1669 916 diceus,
1687 840 1850 916 Benedico
1868 847 1903 903 te
1918 839 1973 904 bea

224 945 349 998 prorsus
364 929 584 1001 destrueretur,
601 933 724 1005 etouae
741 927 855 1005 potiora
878 933 964 988 erant
984 926 1068 990 itlius
1112 931 1203 999 coeli,
1227 936 1257 990 ct
1279 935 1386 998 terrae,
1410 926 1461 1004 qui
1487 924 1629 1004 superbis
1653 925 1787 996 resistis,
1813 931 1851 988 el
1875 923 1974 985 humi

221 1009 393 1084 Ecclesiae,
411 1014 440 1072 in
458 1011 603 1088 praediis,
627 1009 658 1071 ln
681 1007 944 1080 ministerialibus,
968 1010 998 1070 in
1021 1027 1068 1071 or·
1113 1011 1194 1074 libus
1219 1013 1273 1072 das
1297 1011 1434 1089 gratiam,
1464 1007 1515 1084 nul
1541 1005 1701 1071 custodisti
1722 1005 1908 1087 diligentes
1938 1012 1973 1075 le,

224 1095 388 1164 namnetis,
405 1093 435 1153 in
452 1092 887 1170 ditionemblagdcburgeusis
910 1091 1067 1155 Ecclesiae
1112 1099 1143 1156 et
1162 1092 1347 1172 glorificatus
1368 1107 1402 1154 es
1421 1089 1453 1152 io
1475 1089 1620 1169 gentibus
1641 1094 1767 1168 propter
1794 1090 1909 1151 datam
1926 1105 1974 1152 nn

227 1177 474 1244 transterrenlur,
493 1179 523 1237 ct
537 1174 576 1237 de
592 1174 775 1251 quibusdam
791 1173 930 1250 reticulis
945 1191 1068 1256 posses·
1112 1176 1160 1238 bis
1185 1179 1225 1238 de
1250 1177 1337 1239 coelo
1364 1173 1534 1251 uictoriam.
1562 1171 1656 1234 Victis
1678 1175 1782 1249 itaque
1804 1171 1974 1243 barbaris,

227 1257 360 1327 sinuum,
378 1257 455 1333 auae
471 1256 718 1336 merseburgensi
733 1255 890 1320 Ecclesiae
912 1273 1065 1320 remansa·
1113 1266 1143 1320 ct
1158 1275 1236 1336 quae
1252 1260 1288 1320 ad
1306 1259 1436 1321 laturam
1455 1271 1562 1333 pacem
1583 1255 1733 1336 prodesse
1755 1259 1913 1334 poterant
1926 1271 1974 1332 pa·

223 1346 307 1411 rant,
330 1340 455 1402 hhbatia
477 1339 554 1404 inibi
575 1339 825 1403 constitueretur.
848 1339 934 1416 Quod
956 1341 1065 1403 iactum
1112 1344 1213 1404 ctioue
1230 1339 1402 1404 firmissima
1425 1337 1581 1413 stabilitis
1597 1337 1660 1400 ilex
1675 1336 1890 1399 beatissimus
1906 1355 1973 1398 cum

223 1437 321 1496 usaue
332 1425 369 1484 ad
383 1430 504 1501 tempus
517 1419 648 1501 piissimi
661 1421 852 1485 Conlessoris
863 1421 975 1484 Christi
987 1421 1066 1486 Han·
1112 1426 1178 1486 suis
1194 1441 1335 1488 reuersus
1350 1427 1397 1486 cst
1411 1421 1447 1482 ad
1464 1419 1597 1499 propria,
1615 1419 1764 1482 universis
1787 1419 1971 1498 glorificare

221 1504 275 1565 rici
289 1505 356 1565 sine
369 1508 536 1569 mutatione
546 1504 726 1585 permansit.
736 1504 792 1577 Qui
804 1505 1067 1568 convocatisbriu·
1112 1509 1193 1569 tibus
1208 1508 1314 1580 Deum,
1332 1511 1361 1568 et
1375 1503 1582 1576 laudantibus,
1597 1503 1649 1582 qui
1664 1509 1800 1582 praestat
1814 1501 1970 1564 auxilium

223 1586 346 1661 cipibus
361 1588 458 1668 Regni
474 1587 521 1650 sui
537 1588 617 1666 apud
640 1586 929 1665 Chuselingenburg
950 1588 1063 1652 curiam
1111 1588 1256 1652 omnibus
1277 1589 1308 1650 iu
1333 1603 1368 1650 se
1393 1586 1601 1665 sperantibus.
1629 1582 1766 1664 Cumque
1792 1584 1972 1664 Imperator

223 1669 402 1740 celebrarit,
419 1671 674 1749 atqueunirersis
686 1671 715 1730 in
727 1668 861 1746 idipsum
873 1674 1064 1734 consentiam·
1112 1669 1389 1736 christianissimus
1410 1667 1578 1741 boloniam,
1603 1666 1795 1741 bohemiam,
1819 1675 1855 1731 ct
1871 1667 1969 1730 blora

222 1750 317 1829 tibus,
333 1754 548 1826 Poloniam,et
561 1753 750 1825 bohemiam,
768 1759 966 1827 caeterasque
982 1754 1066 1816 Sela·
1112 1754 1188 1821 riam
1215 1754 1371 1817 tributaria
1396 1753 1541 1826 lecisset;
1566 1749 1607 1812 ob
1632 1751 1837 1814 reuerentiam
1864 1749 1969 1813 Sancti

220 1848 324 1896 rorum
341 1835 517 1899 adiacentes
532 1836 687 1915 regiones,
703 1850 781 1914 quac
804 1833 882 1897 bnes
903 1834 996 1913 begui
1018 1838 1066 1900 sui
1111 1836 1262 1900 laurentii
1277 1834 1427 1916 biartyris,
1443 1833 1717 1907 conculcationem,
1734 1839 1765 1895 et
1776 1834 1969 1896 destructio

225 1923 423 1994 vastaverant,
440 1917 594 1982 debellare
616 1916 780 1996 disposuit.
803 1916 991 1997 congregato
1014 1922 1067 1994 ita·
1111 1936 1181 1982 nem
1196 1916 1463 1996 llcrsehurgensis
1482 1914 1651 1989 Ecclesiae,
1676 1915 1777 1994 caepit
1799 1931 1861 1995 pro
1878 1919 1969 1979 mise

223 2014 283 2074 oue
305 2003 439 2064 exercitu
460 2015 565 2064 contra
587 2000 758 2076 praedictas
785 2000 946 2072 nationes,
969 2002 1065 2064 aciem
1111 2001 1271 2078 ricordiae,
1288 2007 1319 2063 et
1333 2002 1456 2080 pietatis
1471 1999 1583 2061 iutuitu
1596 1997 1765 2074 respicere,
1781 2005 1816 2059 et
1831 1998 1874 2060 ad
1893 1999 1969 2060 nihi·

221 2083 342 2156 direxit,
360 2088 390 2145 et
405 2087 556 2148 transiens
578 2099 634 2156 per
646 2083 747 2144 locum
763 2081 815 2158 oui
828 2081 980 2146 braibech
992 2083 1067 2147 dici·
1111 2084 1174 2147 lum
1190 2084 1356 2160 redactam,
1373 2083 1404 2144 iu
1419 2079 1582 2156 aediliciis,
1596 2082 1628 2142 in
1645 2078 1921 2158 ministerialibus,
1939 2085 1967 2143 in

223 2170 282 2237 tur,
298 2161 433 2242 gladium
450 2167 546 2229 sancti
559 2163 704 2228 Hadriani
718 2165 866 2244 biarlyris,
882 2167 1004 2245 quiaprc
1019 2184 1066 2230 re·
1109 2167 1320 2232 saecularibus
1335 2162 1597 2243 possessionibus,
1613 2163 1645 2224 in
1656 2164 1853 2226 ornamentis
1866 2165 1967 2226 ecclc·

219 2245 314 2324 liquis
339 2250 434 2312 multo
461 2257 597 2326 ternpore
620 2247 934 2326 ibidem-serrabatur,
950 2251 1067 2328 accepit
1109 2250 1243 2314 siasticis
1258 2249 1289 2310 in
1306 2247 1466 2328 pristinum
1482 2246 1610 2327 gradum
1624 2244 1813 2310 Puutidcalis
1829 2247 1963 2325 dignita·

216 2343 279 2404 ouo
294 2331 450 2394 accinctus
465 2348 502 2394 ex
518 2336 581 2393 toto
595 2332 688 2392 corde
701 2345 757 2394 suo
768 2329 905 2392 clamarit
917 2333 953 2393 ad
966 2332 1066 2396 Domi·
1110 2335 1162 2410 tis,
1183 2335 1263 2395 sicut
1277 2332 1355 2406 Deo,
1378 2334 1410 2392 ei
1431 2329 1542 2392 Sancto
1563 2327 1725 2394 Laurentio
1747 2337 1889 2392 rorent.
1905 2337 1965 2392 stu·

218 2427 302 2489 num,
330 2413 449 2489 diceus,
465 2414 582 2476 ludica
602 2413 737 2476 Domine
754 2421 904 2476 nocentes
925 2430 986 2491 me,
1011 2433 1066 2480 ec·
1110 2416 1177 2480 duit
1190 2423 1373 2477 restaurare.
1389 2411 1450 2476 ileo
1465 2410 1550 2489 prius
1564 2410 1604 2473 ab
1618 2412 1767 2490 operibns
1782 2409 1962 2474 misericor-

214 2508 331 2572 pupnn
352 2498 581 2576 impugnantes
604 2512 667 2572 nte,
691 2495 897 2576 apprehende
921 2514 1016 2562 ormo
1036 2507 1065 2562 et
1110 2499 1178 2561 diae
1194 2498 1320 2563 destitit.
1337 2495 1538 2570 quoadusque
1561 2493 1722 2572 praelatam
1736 2493 1916 2557 Ecclesiam
1927 2497 1960 2554 ad

217 2577 389 2655 eccurpea‘n
399 2581 600 2642 adiutorium
611 2579 702 2640 mibi.
716 2579 790 2640 lude
804 2580 1007 2657 progrediens
1018 2597 1064 2642 ca·
1109 2583 1253 2658 antiquae
1277 2583 1385 2642 statum
1412 2577 1585 2655 dignitatis.
1602 2583 1633 2636 et
1647 2576 1799 2640 honorem
1814 2578 1962 2654 pristinae

215 2665 411 2725 stramclatus
426 2671 473 2725 cst
488 2671 519 2724 tn
535 2676 655 2736 campo,
681 2662 710 2722 in
727 2678 787 2736 ouo
801 2661 1067 2742 hamaburgensis
1110 2663 1270 2743 religionis
1289 2677 1325 2724 ex
1340 2661 1460 2739 integro
1475 2661 1648 2721 reduceret.
1665 2658 1805 2734 Denioue
1823 2659 1961 2738 bergio

216 2739 352 2804 Ecclesia
365 2745 419 2807 sita
434 2752 534 2821 estut
548 2743 767 2807 ridanslocum
783 2743 965 2820 desolatum,
981 2747 1065 2825 ingn-
1110 2747 1210 2810 riosus
1230 2744 1417 2822 Episcopum
1440 2742 1697 2819 bambergensem
1726 2757 1767 2804 ex·
1786 2743 1913 2820 integro
1932 2742 1960 2804 iu

216 2826 303 2899 mult,
321 2833 351 2888 et
365 2828 417 2904 alt,
439 2827 531 2888 beate
544 2826 685 2889 Laurenti
702 2825 811 2906 Martgr
827 2825 949 2900 Christi,
972 2829 998 2890 si
1014 2835 1065 2890 luo
1109 2844 1166 2892 suo
1181 2830 1300 2891 domate
1322 2825 1480 2894 laudauit:
1504 2823 1644 2887 [cimicis
1658 2824 1808 2888 videlicet
1822 2825 1864 2886 ab
1879 2826 1957 2886 adit·

217 2907 388 2971 interrcutu
413 2909 468 2972 has
490 2908 636 2972 barbaras
658 2908 810 2978 nationes,
827 2908 864 2972 ad
879 2927 957 2986 oues
972 2926 1065 2990 pergo
1109 2911 1251 2975 centibus
1265 2907 1500 2987 Episcopattbus
1522 2905 1700 2970 concambio
1722 2905 1867 2985 legitimo
1880 2925 1958 2968 cum·

215 2987 351 3052 bomano
367 2990 706 3070 imperio,elbeligioni
723 2987 910 3054 Christianae
923 2993 1066 3069 subiuga·
1111 2994 1245 3056 mutatis.
1260 2990 1398 3055 Eundem
1420 3005 1493 3052 reru
1507 2989 1724 3066 Episcopatuar
1737 2988 1953 3066 Apostolorum

216 3087 286 3134 reru
301 3090 310 3152 3
326 3073 427 3136 locum
445 3075 534 3137 istum
551 3073 732 3143 desolatum,
751 3079 802 3136 luo
825 3075 939 3135 nomini
955 3092 1065 3144 consc-
1109 3074 1303 3155 Principibus
1319 3073 1418 3148 Petro,
1433 3079 1465 3134 et
1479 3073 1585 3146 Paulo,
1602 3077 1631 3132 ct
1647 3071 1877 3148 pretiosissime
1889 3073 1956 3133 bar·

214 3160 341 3228 eratum,
354 3157 454 3219 diuina
470 3156 591 3219 latente
605 3154 712 3234 gratia,
729 3159 759 3216 tu
774 3156 920 3232 pristinae
936 3158 1066 3237 diguita-
1110 3159 1165 3240 tyri
1181 3157 1310 3237 Georgia
1326 3156 1518 3232 attitulatum3
1535 3154 1659 3230 speciali
1676 3155 1741 3216 iure
1757 3153 1895 3217 Sanctae
1906 3155 1958 3216 bc-

162 3231 167 3252 ¹
216 3235 254 3298 tis
269 3245 380 3300 statum
395 3240 579 3303 relormaho.
595 3237 632 3301 Di
647 3253 721 3318 ergo
745 3237 893 3316 Princeps
918 3240 1062 3304 boloniae
1109 3237 1784 3326 manaebcclesiaccontradiditutetprimae
1796 3237 1961 3300 sedidehi·

215 3325 246 3378 ct
263 3319 440 3395 bohemiae,
458 3329 488 3385 et
502 3327 690 3385 caeterorum
713 3321 887 3384 Sclarorum
903 3324 1060 3401 primates,
1109 3330 1170 3386 turn
1185 3324 1327 3386 divinitus
1339 3323 1488 3384 honorem
1500 3321 1865 3399 impenderet,suamoue
1878 3323 1958 3397 plau·

214 3400 384 3465 Romanum
400 3405 619 3480 Imperatorem
636 3420 704 3466 cum
727 3403 864 3467 exercitu
880 3419 948 3474 suo,
965 3410 998 3468 ul
1011 3422 1065 3470 eus
1110 3407 1266 3481 tationem,
1283 3411 1366 3468 tanto
1382 3403 1550 3482 patrocinio
1565 3401 1682 3464 drmius
1696 3404 1917 3465 communiret.

215 3483 395 3562 debellaret,
418 3486 564 3550 aduenire
580 3492 811 3565 cognoreruot3
833 3488 962 3551 collecta
977 3489 1064 3552 iunu-
1149 3489 1254 3550 bratar
1274 3488 1343 3551 eius
1363 3493 1425 3550 erat
1440 3486 1543 3548 bruno
1558 3486 1767 3564 iugustensee
1788 3485 1876 3548 sedis
1891 3486 1958 3564 Epi·

214 3568 355 3635 merabili
370 3570 568 3634 barbarorum
592 3569 797 3642 multitudiue,
827 3571 856 3632 in
879 3569 994 3633 bellum
1010 3572 1064 3636 oh·
1108 3587 1233 3649 scopus,
1251 3571 1302 3645 oui
1317 3567 1461 3632 laticibus
1475 3571 1543 3630 eius
1560 3567 1678 3631 actibus
1700 3567 1856 3644 inridens,
1880 3569 1954 3628 mul·

213 3649 290 3710 aiam
304 3658 534 3727 processerunt.
549 3652 634 3725 Quod
646 3652 720 3729 Regi
739 3652 877 3729 piissimo
889 3668 944 3730 par
955 3669 1064 3732 specu·
1108 3662 1155 3716 tas
1170 3656 1196 3716 ci
1219 3653 1435 3715 adversitatum
1458 3650 1602 3721 iniurias,
1626 3650 1657 3711 in
1679 3659 1828 3728 quantum
1846 3651 1951 3727 poluit,

215 3731 328 3794 latores
353 3751 429 3796 suos
453 3734 602 3799 citissime
627 3735 758 3796 innotuit
785 3736 814 3796 iu
843 3735 986 3798 onrnihus
1011 3755 1063 3800 an·
1109 3737 1270 3810 inferebam
1287 3744 1316 3798 et
1332 3735 1382 3798 ubi
1404 3750 1459 3810 per
1481 3749 1592 3796 aenon
1615 3740 1724 3811 poturi.
1750 3733 1953 3796 intercutibus

212 3813 323 3886 grrstils
347 3817 413 3878 suis
434 3818 564 3892 solebat,
591 3818 628 3878 ad
654 3817 802 3878 orationis
817 3835 898 3879 arma
915 3819 1062 3899 coniugii.
1107 3837 1142 3882 sc
1164 3819 1311 3892 adiunxit,
1338 3815 1477 3895 aliosque
1498 3815 1536 3878 ad
1562 3817 1739 3898 inferendas
1764 3817 1950 3878 exhortando

212 3893 250 3956 Et
266 3897 403 3960 inuocato
419 3915 563 3978 superse
579 3900 703 3960 nornine
719 3898 853 3974 Domini,
876 3901 973 3962 beatis
988 3902 1063 3964 llar-
1107 3901 1247 3964 stimulos
1272 3915 1347 3964 suae
1369 3915 1478 3977 prauae
1500 3898 1687 3960 incitationis
1709 3899 1875 3960 subiunxit.
1892 3897 1947 3960 Cui

214 3977 333 4056 lyribus
358 3980 532 4054 Laurentio,
550 3980 691 4058 Georgia,
716 3987 746 4042 et
768 3990 874 4044 sancto
888 3983 1040 4045 Hadriano
1054 4005 1062 4060 3
1088 3985 1170 4047 ,bex
1181 3983 1334 4066 gloriosus
1346 3999 1408 4044 uon
1421 3981 1564 4044 talionem
1577 3981 1848 4057 reddebat,rerum
1859 3979 1948 4042 eliam

212 4063 440 4140 semetipsum,
467 4077 619 4140 suumque
645 4063 810 4126 exercitum
840 4065 1062 4144 protegendum
1106 4065 1273 4129 instructus
1287 4066 1416 4128 iraterua
1429 4064 1593 4126 dilectione
1605 4065 1705 4127 omnia
1718 4061 1951 4138 dissimulando,

195 4157 281 4234 ‘curu
297 4161 414 4207 summa
437 4147 600 4210 deuotione
621 4145 939 4226 cumulandumque
955 4164 1063 4212 omncs
1107 4157 1137 4210 el
1154 4149 1301 4224 patienter
1316 4146 1507 4212 sufferendo.
1525 4147 1609 4210 illum
1631 4147 1715 4208 bono
1737 4147 1861 4208 uincere
1876 4155 1951 4208 sata·

214 4221 469 4291 communionem
499 4227 637 4309 corporis
665 4236 695 4289 ct
723 4231 886 4308 sanguinis
910 4230 1060 4295 Dominici
1106 4233 1208 4310 gebat.
1232 4231 1346 4305 Quanta
1374 4237 1474 4292 autem
1498 4229 1564 4292 eius
1591 4227 1818 4300 muuillceutia,
1841 4235 1948 4306 quanta

214 4311 440 4388 percepissent,
465 4311 502 4374 ed
525 4313 626 4374 locum
653 4313 831 4372 certaminis
846 4321 1073 4390 peruenerunt,
1107 4329 1176 4394 erga
1194 4316 1287 4375 Deum
1304 4316 1372 4375 eius
1387 4312 1573 4392 benignitas,
1591 4321 1681 4388 atque
1703 4310 1829 4390 largitas
1848 4316 1950 4372 extite-

212 4388 267 4451 Dbi
280 4408 348 4452 cum
363 4394 421 4456 ber
434 4394 630 4458 beatissimus
642 4392 744 4456 uerbis
757 4396 980 4469 exhortatoriis,
990 4415 1060 4473 qua·
1105 4397 1145 4458 rit
1160 4405 1218 4459 tam
1235 4397 1264 4457 in
1281 4397 1331 4457 illa
1348 4395 1565 4474 bambergensi
1579 4394 1829 4472 sarreptanam
1845 4394 1875 4454 in
1889 4394 1952 4456 aliis

211 4477 301 4534 leuus
315 4474 440 4538 viriliter
454 4482 592 4552 agerent,
608 4477 729 4538 animos
742 4475 930 4556 singulorum
944 4481 1061 4542 oculor·
1106 4480 1316 4556 compluribus
1339 4477 1427 4555 locis,
1445 4477 1614 4539 manifestis
1636 4493 1761 4553 operum
1783 4477 1954 4539 declaratur

213 4559 329 4650 tasset3
346 4559 705 4622 ridensadrersariorum
719 4560 1061 4624 innumerabilem‘mul-
1107 4563 1241 4624 iudiciis:
1260 4561 1364 4622 Solum
1392 4560 1506 4639 quippe
1529 4560 1625 4624 Deum
1651 4559 1711 4622 sibi
1737 4559 1834 4636 elegit
1847 4559 1951 4622 haere·

214 4639 387 4716 latudinem,
403 4642 542 4704 clamarit
554 4643 591 4703 ad
607 4640 910 4712 Dominumdicens.
926 4643 1059 4708 Domine
1106 4648 1188 4720 dern,
1206 4651 1357 4723 quatenus
1371 4642 1483 4721 etipse
1499 4644 1529 4704 in
1546 4646 1731 4714 consortium
1754 4643 1950 4706 baereditatis

213 4718 315 4796 Daca,
341 4725 555 4802 perconteris
576 4724 658 4786 hello
679 4724 720 4787 ob
741 4726 856 4798 initio,
878 4727 967 4790 cleon
989 4727 1060 4790 bru·
1105 4724 1846 4803 aeteruaelllumassumerediguarctur.Liberos
1859 4727 1950 4799 anim,

212 4800 323 4866 chium
336 4812 429 4868 tuum
446 4823 545 4886 super
562 4813 682 4886 pentes,
699 4823 783 4885 quoe
806 4812 948 4886 cogitant
962 4813 1060 4872 seruis
1107 4827 1164 4874 nec
1185 4809 1356 4872 secuamum
1378 4823 1500 4870 carnem
1524 4809 1669 4881 babebat,
1687 4822 1745 4868 nee
1759 4809 1950 4884 expectabat,

212 4884 275 4946 tuis
297 4889 403 4949 molo:
424 4889 576 4969 Disperge
594 4891 666 4952 illos
684 4886 722 4951 in
743 4890 859 4952 nirtcte
878 4897 946 4964 luo,
963 4897 992 4954 et
1006 4896 1060 4956 de·
1108 4891 1177 4967 cuin
1193 4907 1272 4962 eam,
1296 4907 1385 4966 uuam
1413 4907 1466 4968 pro
1488 4890 1621 4968 coniuge
1646 4889 1760 4952 hahere
1780 4887 1950 4960 ridebatur,

211 4971 299 5030 stara
320 4987 371 5031 coa
394 4979 552 5050 protector
572 4979 680 5035 noster
694 4973 845 5035 Domine:
863 4980 945 5036 tirius
971 4991 1060 5038 raeces
1106 4974 1338 5049 chunigundam
1362 4977 1498 5045 nornine,
1521 4972 1631 5034 dicitur
1653 4989 1818 5049 numquam
1841 4989 1950 5051 cogno·

214 5065 299 5126 ponc
326 5053 398 5115 illia
412 5060 449 5118 ut
460 5062 578 5130 rutum,
596 5064 625 5118 ct
643 5058 726 5117 sicut
737 5058 908 5134 'stipulum
923 5065 998 5120 orate
1011 5059 1060 5135 ia·
1106 5059 1201 5120 risse.
1218 5059 1277 5120 Sed
1294 5059 1424 5135 qualiter
1438 5055 1497 5118 hoc
1520 5056 1687 5118 innotuerit
1706 5058 1743 5118 ad
1760 5069 1949 5118 communem

212 5135 293 5194 ciana
308 5137 406 5198 uenti.
536 5183 539 5191 Δ
1105 5140 1347 5203 aedificationem
1371 5153 1432 5202 nou
1452 5144 1502 5200 est
1522 5138 1798 5215 praetereundum,
1815 5144 1893 5200 utet
1906 5156 1949 5200 ca·

252 5215 335 5278 baec
350 5228 513 5284 encrentc
534 5222 630 5299 aperti
654 5229 724 5282 suut
746 5222 827 5283 oculi
850 5222 927 5296 eius,
945 5224 1063 5286 stridit
1107 5222 1268 5286 stimoniae
1291 5222 1440 5299 exemplis
1462 5221 1657 5298 erudiamur,
1674 5228 1704 5282 et
1718 5219 1890 5294 diriuorum
1904 5233 1947 5282 sc·-

212 5299 364 5376 glorlosos
386 5301 530 5380 Martyres
555 5313 692 5366 sanctum
712 5299 922 5382 Laurentium,
938 5304 1059 5368 beatum
1106 5313 1257 5368 metarum
1284 5303 1483 5366 admiratione
1508 5319 1695 5376 mereamus,
1719 5304 1946 5366 considerantes

211 5379 399 5462 Georgium,
422 5391 453 5446 ei
478 5393 617 5448 sanctum
639 5385 826 5450 Hadrianum
852 5399 919 5448 cum
944 5388 1061 5468 hugelo
1102 5389 1362 5465 quemadmodum
1386 5385 1586 5464 diligentibus
1606 5386 1702 5448 Deum
1722 5386 1827 5448 omnia
1844 5402 1947 5463 coepe

211 5469 403 5540 percutiente
420 5470 587 5529 exercitum
604 5487 701 5531 suum·
711 5471 946 5546 praecedentes,
963 5477 993 5531 et
1008 5472 1061 5534 ho·
1104 5479 1210 5533 rantur
1224 5473 1254 5532 in
1269 5471 1407 5544 bononia
1430 5471 1521 5530 tentis
1537 5484 1667 5543 namuco
1682 5484 1719 5530 ac
1733 5468 1849 5534 talibus
1861 5467 1948 5531 bouis

211 5547 301 5640 stium
315 5567 431 5614 cuneus
442 5550 480 5614 ad
491 5549 592 5630 lugam
607 5553 824 5632 propellentes.
837 5552 872 5615 Et
883 5555 964 5614 sicut
975 5569 1058 5616 exer·
1105 5554 1229 5616 lenutio
1245 5555 1357 5615 deesse
1373 5568 1433 5614 non
1448 5554 1558 5628 potuit.
1576 5551 1701 5614 luridus
1717 5551 1800 5614 anim
1816 5553 1946 5614 omnium

210 5635 290 5694 crtus
303 5633 517 5700 sennacherib
538 5634 576 5698 ab
596 5634 713 5713 bugeio
736 5639 925 5714 percutiente
947 5637 1058 5702 coutri-
1103 5635 1253 5702 bonorum
1266 5635 1418 5711 diabolus,
1431 5651 1500 5700 cum
1513 5636 1632 5698 thorum
1644 5633 1870 5698 immaculatum
1879 5650 1946 5698 sau·
