4048 6242
316 255 372 317 256
930 245 1171 316 ascensionis
1189 247 1228 310 in
1249 247 1352 308 been

247 393 504 478 hima,cuotoodo
516 391 548 456 in
564 395 687 456 aeterna
698 385 760 453 rita
773 385 875 469 pascit
887 386 973 450 Deus
987 390 1109 448 mentes
1154 383 1232 448 nites
1248 399 1320 446 esse
1334 383 1477 449 studeant
1491 379 1524 448 in
1538 383 1685 466 operibus
1699 377 1804 460 bonis,-
1819 382 1850 442 et
1864 376 1965 442 lacilc
1995 391 2004 436 i

244 483 449 560 'Angelorum
467 485 497 540 et
510 478 691 552 hominurn,
708 474 740 535 in
765 474 854 536 terris
876 473 958 534 enim
981 469 1112 530 terrenis
1155 470 1290 531 libenter
1306 469 1451 548 tribuant,
1469 473 1551 551 quod
1575 473 1611 532 ad
1629 463 1939 534 communicandum,
1962 477 2013 524 ne

249 568 341 641 cibis,
359 564 417 628 sed
432 582 447 625 a
463 561 568 624 diiina
587 559 741 637 snpientia
770 554 904 618 conditis
932 553 1066 627 alimur3
1083 555 1115 614 in
1156 555 1193 615 ad
1206 552 1438 615 recondendum
1457 571 1472 616 a
1489 555 1644 617 communi
1661 552 1791 614 Domino
1807 555 2001 624 aeceperunt

249 651 337 714 coelo
353 664 425 711 icio
441 647 594 722 sapientia
610 647 676 721 ipsa
693 647 741 702 est
756 641 845 703 ribus
860 645 891 699 et
907 643 998 716 pctus
1014 636 1043 694 in
1061 651 1112 697 ae·
1157 645 1259 699 tamen
1276 639 1381 714 negari
1405 654 1464 699 non
1479 644 1594 715 potest,
1612 637 1683 715 quiri
1701 637 1747 696 iia
1759 636 1795 695 ad
1814 633 1904 693 iilam
1923 635 2010 694 aeni

249 740 370 797 ternum
387 729 573 792 virentibus.
591 725 614 788 Ο
631 734 660 787 te
675 724 795 786 beatam
812 723 837 785 si
849 721 955 782 intime
973 724 1113 797 penetra·
1155 737 1224 783 nani
1241 720 1344 790 tutior,
1360 728 1389 782 et
1405 723 1536 798 planior,
1555 729 1584 782 et
1600 719 1769 798 expeditior
1784 719 1825 779 sit
1837 723 2016 874 pauperior]

249 833 302 880 res
317 813 455 893 quidsit:
473 813 544 874 liiii
559 810 644 874 licus
660 809 774 870 ouiaia
788 809 825 868 iii
842 804 1004 868 omnibus.
1020 800 1111 880 Quid,
1158 820 1249 883 quani
1266 803 1400 880 divitiae,
1416 823 1477 867 non
1495 805 1609 880 decipit
1631 821 1688 866 no<
1711 803 1833 863 divinus
1848 801 2001 877 llaii'Sler

245 901 389 976 'iuquam
407 899 447 959 sit
461 897 556 956 lieuiu
575 908 731 954 summarii
748 899 777 952 et
793 890 946 951 iniinitom
973 888 1087 949 bonum
1104 933 1113 960 ,
1159 889 1209 966 qui
1227 887 1284 947 ait:
1301 885 1402 950 Anien
1418 891 1489 951 dieo
1504 889 1604 963 uobis,
1622 889 1702 968 quia
1717 887 1804 947 diaes
1821 883 1959 963 difficile
1977 883 2016 944 iri

251 998 323 1046 csse
345 981 467 1044 Sanctis
484 977 630 1039 omnibus
645 977 810 1046 victimet
825 971 967 1034 aniictum
982 967 1113 1048 etiltain
1158 971 1256 1034 trabit
1275 970 1312 1031 iu
1337 972 1486 1050 Regnum
1508 975 1692 1041 coelorum,
1717 975 1747 1030 et
1769 971 1903 1028 iteruin:
1931 965 2016 1040 iiiiii

252 1073 283 1129 et
297 1065 398 1128 omnia
415 1066 498 1123 certe
515 1060 691 1140 praesentia
708 1057 861 1120 fastidires
877 1054 991 1126 omnia,
1005 1056 1035 1114 et
1050 1055 1114 1116 sola
1159 1067 1332 1132 pauperes,
1349 1058 1430 1134 quio
1443 1063 1584 1119 uestrum
1600 1063 1643 1117 est
1657 1055 1804 1132 Regnum
1819 1050 1879 1112 liei
1895 1059 1937 1118 ct,
1958 1051 2016 1138 Vel

251 1163 330 1230 quae
345 1161 468 1210 sursum
485 1147 568 1220 sont,
586 1157 727 1221 sapeieS,
740 1148 771 1204 et
785 1138 1030 1219 quaereressed
1047 1156 1114 1217 pei·
1159 1138 1247 1200 uobis
1262 1137 1428 1216 diuitibus,
1452 1141 1533 1219 puta
1555 1139 1677 1202 habetis
1700 1136 1965 1222 consolationem
1981 1143 2016 1196 aa

251 1247 361 1312 gamus
375 1230 412 1290 ad
430 1235 563 1290 caetera.
579 1226 658 1288 lllud
675 1225 747 1286 item
764 1224 866 1286 simile
883 1221 1031 1284 miraculo
1054 1229 1113 1296 est,
1159 1230 1272 1296 stram,
1298 1239 1400 1301 neque
1422 1225 1538 1302 decipit
1561 1239 1617 1284 nos
1640 1222 1814 1296 apostotus,
1840 1235 1910 1278 euni
1930 1221 1974 1276 ait
1996 1218 2016 1288 ii

252 1313 334 1391 quod
351 1313 382 1374 in
395 1313 604 1375 conservanda
618 1318 648 1371 et
662 1305 858 1387 propaganda
871 1305 928 1367 rita
943 1307 1115 1368 mortalium
1161 1305 1263 1383 priore
1278 1307 1314 1370 ad
1330 1307 1523 1368 Timotheum
1539 1326 1547 1368 :
1574 1305 1634 1383 Qui
1657 1305 1771 1366 uolunt
1786 1303 1902 1364 diuites
1925 1299 2016 1378 (ieri,

251 1393 907 1460 Deusattribuitrebastenuissiinisniotum
921 1390 1114 1462 continuum,
1158 1387 1312 1454 incidunt
1326 1391 1363 1452 iu
1379 1392 1598 1458 tentationem.
1617 1396 1645 1451 et
1660 1393 1696 1450 iit
1712 1387 1865 1468 laquearii
1884 1383 2016 1464 diaboli,

251 1497 290 1544 ac
303 1479 371 1542 sine
386 1477 562 1557 litigatione
577 1476 816 1555 longissimum,
844 1471 972 1532 multum
989 1474 1116 1534 omnino
1160 1482 1190 1534 et
1215 1475 1381 1537 desideria
1405 1475 1510 1536 iutilia
1531 1474 1686 1548 inutilia,
1714 1476 1743 1532 et
1767 1469 1908 1542 noctua,
1940 1473 2016 1546 quit

252 1563 471 1625 laboraverunt
493 1561 658 1636 homines,
685 1565 720 1620 ut
745 1554 937 1632 horologium
954 1563 1115 1618 construe·
1160 1564 1311 1636 mitigant
1326 1557 1472 1620 homiues
1487 1560 1523 1620 iii
1537 1557 1716 1630 titterituin,
1734 1559 1763 1616 et
1785 1554 2016 1633 perditionem

251 1653 342 1721 rent,
367 1646 399 1708 in
415 1659 476 1724 quo
491 1649 576 1706 rotae
592 1643 618 1704 ii
637 1642 808 1719 ponderum
825 1639 860 1698 ad
878 1639 1116 1717 vigintiquatuor
1162 1647 1192 1700 et
1206 1642 1289 1718 quod
1307 1643 1454 1703 [lominus
1470 1649 1499 1701 et
1513 1640 1651 1718 Apostoli
1668 1638 1761 1700 verbo
1774 1635 2016 1706 daeoeruntidi

254 1729 428 1793 borussiae
446 1725 675 1789 intermissione
690 1726 900 1786 decurrerent.
920 1731 1033 1800 quanta
1060 1724 1117 1802 igi·
1162 1739 1250 1801 psuin
1268 1724 1654 1800 ronllrniarunteiemplo,
1669 1723 1707 1782 de
1723 1737 1757 1782 se
1774 1721 1855 1781 enini
1874 1711 2016 1788 Domini

253 1820 304 1878 tar
319 1811 468 1891 sapientia
484 1809 569 1872 Deus
585 1808 667 1880 lacit,
683 1812 717 1868 ut
734 1809 778 1867 iis
800 1805 941 1866 nutritiva
967 1817 1116 1883 perpetuo
1162 1806 1252 1868 dicit:
1272 1807 1385 1886 Vulpes
1398 1807 1507 1884 scacos
1526 1807 1654 1881 babeat,
1672 1810 1701 1866 et
1715 1803 1859 1866 uolucres
1875 1804 1965 1865 coeli
1982 1805 2013 1864 ii'

254 1903 285 1959 et
300 1896 369 1958 sine
384 1895 445 1958 ulla
461 1891 694 1955 intermissione
716 1895 861 1967 operetur
877 1893 938 1950 tato
955 1893 1115 1968 tempore,
1162 1891 1243 1964 dos,
1270 1891 1356 1966 tilius
1372 1895 1480 1954 autem
1495 1891 1636 1952 bonitatis
1662 1905 1730 1950 aaa
1745 1887 1839 1949 habet
1854 1886 1913 1948 ubi
1929 1903 1997 1964 cap

255 1995 316 2058 quo
331 1980 467 2058 plantae,
483 1975 533 2037 vel
553 1974 696 2036 animalia
711 1971 841 2036 vivunt?
863 1977 955 2049 atque
971 1975 1062 2034 etiam
1085 1980 1118 2036 ut
1161 1988 1260 2035 stium
1274 1977 1429 2042 rectinet,
1453 1980 1483 2035 et
1497 1975 1663 2050 Apostolus
1686 1973 1725 2032 de
1740 1987 1774 2034 se
1790 1974 1820 2031 et
1835 1971 2013 2046 coapostol‘

254 2062 421 2140 pulmones
437 2066 468 2122 ct
484 2057 614 2120 arteriae
629 2057 697 2120 sine
719 2055 949 2118 intermissione
976 2073 1119 2118 monean-
1163 2057 1229 2118 suis
1245 2058 1307 2118 ait:
1335 2058 1434 2136 Usque
1448 2059 1486 2119 iu
1501 2058 1585 2120 hanc
1600 2057 1726 2126 hareni,
1743 2063 1771 2116 et
1786 2056 1954 2116 esurimus
1970 2099 1979 2127 ,

255 2149 304 2207 tur
318 2145 356 2206 ed
372 2159 470 2206 annos
484 2140 693 2220 septuaginta,
708 2142 757 2203 nel
773 2139 878 2218 plures
892 2157 901 2214 3
925 2153 1056 2202 necesse
1071 2147 1119 2201 est
1163 2141 1314 2217 sitimus,
1338 2147 1368 2203 et
1382 2143 1468 2203 audi
1482 2157 1606 2217 sumus,
1624 2148 1652 2202 et
1667 2137 1813 2216 colaphis
1830 2139 2008 2202 caedimur

255 2228 339 2291 enim
353 2227 413 2291 rim
431 2225 602 2288 nutritivam
619 2223 762 2302 operari,
790 2227 822 2284 et
847 2226 1012 2299 pulmones
1028 2230 1119 2299 atone
1164 2231 1193 2284 et
1208 2225 1374 2288 instabiles
1388 2240 1512 2295 sumus,
1528 2225 1558 2285 id
1574 2233 1632 2299 est,
1651 2227 1803 2300 propriam
1820 2223 1950 2282 domum
1971 2240 2010 2282 no

255 2310 383 2374 arterias
396 2308 509 2372 moveri
526 2308 564 2369 ab
582 2307 669 2370 initio
683 2306 762 2369 vitae
775 2321 874 2381 iisque
887 2303 925 2364 ad
942 2305 1047 2369 linem.
1061 2306 1119 2368 lta·
1165 2308 1339 2385 habentus3
1362 2323 1464 2386 neque
1487 2307 1619 2368 dubitari
1635 2315 1756 2384 potest,
1782 2305 1855 2384 quin
1872 2307 2012 2376 sapien'

255 2410 317 2474 que
331 2395 363 2455 iri
377 2394 417 2455 iis
433 2391 486 2471 qui
497 2391 534 2452 ad
547 2407 646 2453 annos
661 2387 879 2469 octoginta,vel
895 2391 1062 2465 nonaginta
1078 2393 1120 2452 ii·
1164 2387 1233 2462 liei,
1248 2396 1279 2452 et
1292 2390 1374 2464 Filii,
1389 2389 1425 2453 ac
1441 2391 1585 2469 discipuli
1604 2393 1774 2468 sapientiae
1789 2387 1867 2450 iiam
1883 2391 1922 2449 ad
1941 2391 2004 2448 iiita

256 2477 357 2540 rende
371 2476 580 2556 perveniunt,
597 2489 652 2551 per
677 2474 761 2534 idem
775 2477 900 2550 tempus
924 2488 1052 2534 necesse
1074 2481 1121 2534 est
1166 2474 1608 2550 planissimamettutisstmam
1620 2475 1781 2552 elegerint.
1792 2471 1852 2532 Sed
1866 2473 1939 2548 quia
1955 2479 1998 2533 sti

216 2599 221 2611 ·
255 2562 421 2639 pulmones
436 2565 466 2620 et
481 2557 608 2619 arterias
631 2559 661 2618 in
675 2556 784 2618 iisdem
801 2569 926 2633 semper
941 2557 1066 2629 moveri,
1091 2563 1122 2619 et
1158 2563 1274 2630 tarum
1287 2559 1443 2636 infinitus
1467 2567 1511 2620 est
1525 2573 1703 2633 nicatoras,
1734 2557 1823 2632 pauet
1845 2557 1924 2616 iiiam
1952 2557 2016 2620 haut

255 2651 327 2706 ante
343 2642 491 2705 diluvium
507 2657 577 2702 cuin
594 2638 737 2702 homines
759 2639 797 2702 eil
822 2653 920 2700 annos
946 2647 1121 2717 nongentos
1166 2648 1278 2714 sponte
1295 2643 1425 2721 eligunt,
1443 2642 1564 2718 plurimi
1582 2649 1682 2702 autern
1706 2639 1743 2701 ah
1767 2655 1802 2700 ea
1825 2645 1888 2699 toto
1905 2638 2016 2714 allecta

257 2725 467 2806 pervenirent,
483 2723 616 2801 oportuit
632 2725 797 2800 pulmones
813 2728 843 2783 et
855 2720 993 2796 arterias,
1013 2740 1062 2784 res
1079 2737 1120 2784 ii-
1167 2723 1344 2800 viribusoue
1361 2725 1531 2788 declinant.
1547 2725 1740 2788 Postremum
1756 2721 1832 2783 illud
1849 2729 1907 2798 est,
1923 2727 1956 2784 in
1976 2723 2016 2799 oti

257 2809 371 2873 delicet
386 2808 513 2886 fragiles
529 2811 559 2870 et
573 2806 737 2881 tenues,ad
752 2821 849 2868 annos
861 2813 1036 2882 nongentos
1051 2805 1121 2868 siue
1168 2808 1326 2883 longitudo
1343 2811 1462 2872 divinae
1481 2811 1651 2886 sapientiae
1675 2810 1822 2878 cernitur,
1847 2807 1930 2882 quod
1960 2811 2016 2882 oui

258 2895 320 2956 ulla
336 2889 593 2966 intermissione,
622 2890 671 2952 rel
696 2891 807 2968 requie
822 2895 973 2966 perpetuo
990 2891 1094 2966 agitari
1111 2936 1118 2963 ,
1167 2893 1365 2952 madmodnm
1382 2897 1448 2969 ipsa
1473 2903 1595 2952 aeterna
1612 2897 1682 2960 est,
1706 2892 1750 2949 sie
1766 2888 1861 2950 robus
1884 2889 2016 2958 omnibu

257 2975 411 3054 certarint
426 2973 484 3036 ista
501 2989 564 3036 non
579 2972 739 3046 mirantur,
757 2978 788 3035 et
803 2988 840 3034 ex
855 2972 922 3032 istis
937 2973 1120 3051 sapientiam
1167 2973 1346 3036 instinctum
1373 2975 1601 3038 vivacissimum
1617 2973 1729 3036 indidit
1743 2975 1948 3034 conservandi
1974 2977 2016 3042 sii

257 3060 312 3122 liei
328 3074 390 3122 non
405 3057 594 3138 suspiciunt,
609 3063 640 3119 et
655 3057 854 3130 adoranteos
868 3054 984 3116 lumine
1000 3059 1121 3134 sapien·
1169 3073 1204 3118 ae
1218 3064 1321 3131 vitain,
1339 3061 1387 3120 iet
1403 3075 1474 3120 esse
1490 3077 1591 3129 sotini,
1609 3074 1670 3136 ouo
1688 3057 1807 3133 possint
1829 3055 1947 3118 diutius
1967 3075 2016 3134 pri

257 3143 317 3206 tiae
333 3142 460 3204 omuino
486 3155 592 3202 carere
619 3155 752 3202 neeesse
775 3143 835 3201 est.
858 3137 985 3200 aceedit
1006 3143 1118 3215 tertio,
1170 3144 1314 3219 paganel.
1333 3139 1480 3203 Videmus
1496 3144 1640 3203 homines
1656 3157 1723 3202 euni
1741 3141 1771 3200 in
1790 3138 1929 3215 periculo
1953 3131 2016 3206 alid

258 3226 342 3306 quad
358 3225 512 3302 sapientia
529 3223 607 3296 Dei,
631 3224 771 3299 quamvis
788 3225 895 3298 posset
910 3221 979 3282 sine
996 3222 1058 3284 ullo
1083 3226 1123 3285 la·
1169 3239 1204 3285 se
1219 3225 1402 3288 constitutos
1419 3233 1571 3298 cernunt,
1589 3225 1691 3286 oninia
1716 3238 1860 3290 morere.
1885 3239 1945 3282 nec
1964 3223 2016 3288 ulit

258 3311 334 3372 bore
349 3307 522 3378 homiuum,
547 3313 579 3368 et
594 3307 794 3369 animantium
812 3312 1015 3376 caeterarum,
1032 3313 1124 3384 atquc
1169 3307 1295 3384 opibus,
1313 3316 1364 3371 aut
1379 3310 1537 3371 laboribus
1558 3325 1699 3388 pererro,
1713 3307 1853 3368 ridemus
1866 3308 2016 3372 animanti

259 3393 351 3455 etiam
368 3393 436 3453 siue
453 3389 626 3451 ministerio
649 3387 755 3465 Solis,
778 3395 809 3450 et
831 3388 957 3449 aliaruiu
975 3393 1125 3450 secunda·
1170 3389 1272 3451 omnia
1289 3409 1381 3464 supra
1398 3395 1477 3454 uiros
1495 3410 1564 3452 cuin
1581 3391 1808 3453 robustioribus
1827 3407 1981 3468 pugnare,
1996 3403 2016 3454 nt

261 3491 330 3537 runi
346 3489 526 3546 causarum,
549 3473 662 3535 herbas
685 3477 715 3532 et
731 3471 858 3534 arbores
875 3471 1072 3552 producere,
1097 3482 1128 3535 et
1170 3479 1260 3539 vitain
1278 3475 1427 3552 amittant,
1442 3475 1582 3538 ridemus
1599 3477 1755 3536 lucernam
1773 3472 1945 3544 ardentem,
1964 3489 2016 3538 crit

262 3571 472 3632 conservare,
501 3561 535 3617 ut
556 3561 694 3631 paratum
710 3553 863 3617 haberent
877 3556 978 3614 omnia
995 3557 1125 3618 uirentia
1171 3557 1307 3635 proxima
1325 3559 1503 3620 extinctioni
1521 3567 1578 3631 est,
1603 3561 1652 3621 his
1667 3565 1752 3619 terve
1768 3558 1902 3635 seipsam
1922 3561 2016 3618 excita

262 3641 367 3703 cibum
384 3655 474 3702 suuni
492 3657 500 3698 ι
526 3639 620 3700 uoluit
636 3647 738 3699 tamen
762 3638 804 3700 uti
820 3636 992 3699 ministerio
1014 3655 1126 3699 seeun-
1149 3661 1151 3666 ’
1171 3657 1217 3714 re,
1236 3649 1265 3702 et
1282 3657 1425 3720 magnam
1440 3641 1593 3703 llamniam
1610 3643 1764 3712 emittere,
1783 3645 1814 3702 ut
1830 3640 1947 3702 viribus
1965 3641 2016 3702 tatii

260 3726 369 3786 darom
386 3737 562 3792 causarum,
580 3728 610 3783 et
631 3716 738 3782 labare
754 3728 846 3800 atque
863 3720 1010 3782 industria
1027 3722 1123 3783 hami·
1172 3739 1242 3786 cnm
1259 3726 1445 3786 extinctione
1461 3727 1619 3788 colluctari
1638 3727 1787 3796 rideatur,
1811 3725 1953 3784 videmus
1969 3729 2016 3802 gut

260 3823 348 3883 num,
366 3813 397 3868 et
409 3803 609 3867 animantium
626 3811 841 3879 caeterarum,
866 3811 898 3864 ut
920 3819 981 3864 non
999 3805 1123 3883 langue·
1170 3813 1217 3868 tas
1233 3824 1329 3886 aquae
1347 3808 1661 3886 atioiiandopendere
1678 3809 1716 3866 de
1733 3807 1888 3884 lignarii
1910 3808 2009 3884 lapide

260 3895 330 3952 rent
345 3890 428 3960 ocio,
445 3889 502 3950 sed
518 3885 598 3949 vires
614 3903 687 3948 suas
703 3895 884 3950 exercerent
898 3889 1011 3962 omnia,
1028 3906 1063 3948 ac
1076 3905 1125 3950 io-

262 3973 320 4035 luit
335 3977 426 4034 etiarn
442 3977 476 4034 ut
492 3972 571 4032 inter
587 3970 731 4032 homines
747 3971 797 4032 aiii
815 3970 924 4033 divites
940 3978 1058 4046 essent,
1073 3973 1123 4032 atii

262 4060 468 4134 pauperes,ut
481 4053 752 4116 haherentcmnes
765 4058 960 4116 occasionem
977 4055 1125 4116 colendae

262 4139 395 4210 virtutis,
412 4144 443 4201 ct
458 4136 581 4199 vinculo
598 4135 758 4198 eharitatis
781 4137 1023 4216 colligarentur,
1052 4139 1123 4198 hinc

261 4224 347 4286 enini
373 4220 428 4296 iit,
455 4228 488 4283 ut
513 4220 624 4284 divites
649 4220 863 4284 liberalitatem
891 4227 921 4281 et
951 4220 1125 4282 misericor·

262 4305 357 4380 diam,
375 4319 529 4382 pauperes
545 4302 723 4380 patientiam
739 4310 769 4366 et
785 4302 984 4366 humilitatem
1002 4321 1126 4366 exerre-

264 4395 338 4451 ent:
362 4395 393 4464 et
407 4388 519 4450 divites
535 4392 647 4466 egeant
672 4402 767 4464 opere
783 4404 954 4466 pauperum
982 4390 1018 4446 ad
1035 4405 1125 4466 egros

264 4471 439 4545 colendos,
466 4477 497 4533 et
512 4486 625 4549 pecora
642 4471 806 4532 nutrienda
822 4516 830 4544 ,
855 4477 886 4533 et
898 4471 993 4533 iariis
1009 4475 1125 4532 artibus

265 4556 416 4634 paranda,
434 4569 512 4632 quae
527 4553 704 4616 necessaria
721 4561 793 4616 suut
807 4553 975 4615 omnibus:
1000 4563 1030 4615 ct
1052 4572 1124 4629 pau·

266 4654 360 4718 peres
376 4644 482 4700 contra
498 4635 625 4699 dintom
642 4652 737 4714 opera
754 4635 925 4716 indigeant,
942 4639 993 4712 qui
1011 4638 1057 4699 eis
1075 4657 1125 4716 pe-

265 4722 375 4784 cunias
390 4728 419 4783 et
433 4720 636 4783 instrumenta
652 4719 843 4796 praebeant,
867 4720 980 4798 ouibus
1001 4720 1060 4797 ipsi
1086 4723 1126 4782 ii-

266 4811 351 4868 etum
365 4803 447 4878 sibi,
472 4810 503 4866 et
528 4801 732 4879 vestimenta,
757 4809 848 4880 atoue
870 4805 928 4864 alia
951 4807 1127 4866 necessaria

266 4894 458 4966 comparent,
474 4901 577 4966 neque
593 4893 641 4949 est
656 4903 711 4946 cur
727 4901 879 4964 pauperes
895 4889 935 4948 de
950 4887 1051 4948 divina
1078 4905 1127 4947 sa-

267 4969 383 5050 pientia
399 4975 640 5047 conquerentur.
656 4969 738 5032 beas
754 4971 849 5046 enirn,
873 4973 925 5047 oui
947 4972 1048 5031 omnia
1075 4987 1127 5032 uo-

266 5054 321 5126 uit,
337 5059 368 5116 et
382 5069 492 5116 omnes
507 5051 606 5132 diligit
620 5052 788 5130 unicuique
811 5052 907 5124 dedit,
931 5053 1013 5131 quod
1037 5053 1064 5114 ei
1089 5058 1125 5114 ad

267 5136 360 5212 vitain
375 5137 593 5214 sempiternam
610 5135 821 5208 obtinendam,
836 5137 941 5198 utilius
954 5153 1025 5198 esse
1041 5153 1127 5214 prar-

267 5220 557 5299 vidit,quomedoin
570 5221 659 5282 terris
672 5219 785 5280 medici
798 5220 930 5298 aegrotis
943 5220 1125 5297 quihtisdam

266 5303 401 5369 inediam
419 5303 623 5380 imperanter
639 5319 747 5364 renam
764 5311 883 5381 secan13
899 5303 967 5364 aliis
981 5307 1083 5366 viuum
1097 5312 1128 5365 et

265 5402 377 5450 carnes
391 5386 563 5464 indulgent,
580 5394 611 5446 et
624 5392 658 5447 ut
672 5394 864 5466 recreentur,
881 5384 1124 5463 iubentplurimi

267 5489 351 5534 nunc
363 5476 446 5533 certe
458 5483 610 5548 pauperes
622 5467 1124 5547 salutemaeternamconseqiiun·

267 5561 328 5630 tur,
343 5555 396 5632 qui
412 5552 440 5616 si
455 5550 564 5615 divites
579 5550 721 5628 luissent,
739 5555 769 5613 in
787 5556 944 5614 aeternum
962 5553 1122 5628 periiseot,

265 5643 298 5700 ct
311 5637 451 5716 quamvis
466 5635 576 5700 divites
590 5651 714 5716 cucone
727 5635 802 5700 salii
813 5651 885 5700 esse
900 5635 1062 5716 passionei
1077 5637 1122 5710 dl·

1171 3905 1267 3969 seque
1284 3890 1314 3952 in
1332 3892 1437 3952 orbem
1452 3893 1606 3970 redigere,
1631 3899 1661 3952 et
1676 3891 1822 3969 quamdiu
1839 3899 1974 3968 possunt
1990 3907 2016 3952 sa

1169 3973 1255 4049 ipsas
1267 3977 1433 4048 sustinere,
1451 3991 1490 4036 ne
1507 3975 1655 4047 diilluaut,
1673 3982 1702 4036 ot
1720 3983 1867 4050 pereant,
1892 3975 2016 4036 iidemu

1171 4061 1271 4134 gravia
1288 4067 1392 4118 eontra
1421 4067 1557 4120 naturam
1581 4062 1775 4131 ascendere,
1805 4065 1835 4120 et
1857 4059 1935 4118 teria
1965 4059 2016 4119 iter

1171 4148 1275 4201 eontra
1292 4149 1429 4202 naturam
1446 4141 1647 4215 descendere,
1666 4158 1705 4201 ne
1720 4139 1809 4202 detur
1824 4158 1952 4204 vacuum
1969 4185 1977 4210 ,
2004 4159 2016 4202 e

1170 4223 1238 4294 ipsa
1254 4227 1405 4285 disiuncta
1419 4241 1434 4284 a
1447 4226 1540 4286 rebus
1553 4227 1619 4286 altis
1635 4225 1809 4286 conservari
1823 4241 1882 4285 non
1901 4227 2016 4300 possint

1171 4306 1230 4368 Sed
1248 4309 1417 4368 mirabilius
1431 4315 1488 4380 est,
1503 4311 1583 4382 quod
1601 4308 1638 4369 ad
1655 4310 1880 4384 propagandam
1897 4311 2016 4385 speciei

1171 4397 1230 4450 tam
1248 4393 1460 4451 vehementem
1478 4390 1618 4452 elicitum
1642 4389 1787 4452 indiderit
1802 4389 1885 4452 Deus
1902 4393 2016 4466 parenti

1172 4473 1230 4534 biis
1246 4490 1316 4551 erga
1333 4475 1456 4550 proles,
1485 4483 1516 4534 ut
1531 4477 1657 4536 omnino
1675 4475 1856 4536 incredibile
1872 4475 2011 4537 videatur

1170 4557 1310 4616 videmus
1326 4559 1469 4635 gallinam
1487 4559 1632 4620 intimari
1656 4575 1710 4636 pro
1728 4557 1831 4635 pollis,
1849 4566 1878 4618 et
1895 4561 2016 4634 quernei

1170 4639 1320 4700 infirmam
1338 4659 1372 4701 ac
1388 4641 1520 4702 debilem
1537 4642 1686 4702 acerrime
1701 4659 1836 4718 pugnare
1851 4651 1954 4703 eontra
1969 4643 2016 4702 mil

1172 4738 1237 4794 ros,
1255 4731 1285 4783 et
1300 4741 1427 4794 earnes,
1451 4731 1481 4782 et
1496 4727 1615 4804 vulpes,
1633 4732 1707 4802 quot
1722 4741 1793 4785 vero
1809 4725 1932 4786 datores
1948 4731 1980 4788 et
1995 4727 2016 4784 la

1172 4804 1266 4866 bores
1287 4808 1419 4870 tolerent
1439 4806 1571 4868 libenter
1596 4810 1742 4871 mulieres
1767 4809 1797 4868 in
1825 4808 1983 4885 pariendis
2005 4825 2016 4870 e

1173 4889 1342 4950 ediioandis
1370 4890 1558 4963 tutantibus,
1586 4907 1695 4954 omnes
1719 4899 1841 4953 norunt.
1866 4891 1963 4952 liuius
1989 4907 2016 4952 rt

1172 4989 1263 5032 caiisa
1280 4980 1327 5034 est
1342 4972 1503 5034 consilium
1520 4973 1688 5050 sapientiae
1715 4973 1791 5046 liei,
1818 4973 1870 5052 qni
1899 4983 1931 5034 ut
1953 4975 2016 5034 hant

1172 5049 1435 5134 propagationem,
1451 5056 1540 5116 retuli
1559 5058 1694 5118 umbram
1712 5057 1901 5118 aeternitatis
1917 5058 2009 5118 aleret

1172 5155 1307 5200 amorem
1323 5139 1626 5201 vehementissimum
1644 5139 1850 5202 animantibus
1866 5141 2008 5201 omnihus

1173 5223 1262 5284 etiarn
1280 5223 1398 5292 brutis,
1426 5227 1457 5282 at
1472 5223 1544 5282 ioris
1561 5239 1631 5298 erga
1649 5225 1752 5301 proles
1775 5224 1943 5300 impressit.
1959 5223 2016 5286 llari

1172 5321 1241 5366 oiim
1270 5307 1360 5365 multa
1387 5303 1449 5366 sint
1464 5306 1650 5376 animantia,
1677 5323 1807 5384 otiorum
1831 5309 2016 5370 tlestriietion

1172 5404 1281 5449 omnes
1297 5387 1438 5448 homines
1452 5391 1524 5449 dant
1539 5392 1727 5466 operumve!
1742 5389 1879 5451 utilitatis
1893 5394 2016 5468 propriai

1171 5489 1264 5533 eausa
1279 5517 1287 5545 ,
1305 5475 1337 5532 ut
1353 5472 1493 5548 leporeS,
1510 5473 1596 5548 apri,
1614 5475 1707 5548 cerii,
1724 5474 1818 5546 turdi,
1833 5482 2005 5538 coturnices

1170 5555 1325 5627 perdices,
1342 5555 1446 5628 pisces
1470 5558 1534 5616 tere
1549 5573 1680 5618 ornnes:
1706 5558 1752 5617 iel
1776 5573 1814 5618 ne
1838 5566 1980 5627 noceant,
2002 5579 2016 5619 ii

1170 5637 1245 5717 lupi,
1263 5639 1383 5718 vulpes,
1401 5646 1575 5719 serpentes,
1589 5647 1620 5701 et
1631 5640 1686 5702 alia
1701 5641 1732 5702 id
1747 5655 1846 5722 gentis
1861 5639 2015 5706 innumera
