4044 6256
833 248 939 308 ntuetr
958 247 1114 310 nunnius
1715 251 1769 312 599

76 379 118 442 ri.
138 380 291 445 Haraldus
306 386 336 446 nt
350 381 483 450 Tostius,
502 381 649 445 ludebant
664 398 764 445 noram
779 383 841 446 eis:
856 403 940 445 enm·
1029 385 1158 447 Sanctus
1180 383 1340 448 liduardus
1356 386 1432 448 nulli
1447 385 1561 463 petenti
1577 385 1607 447 in
1632 385 1755 448 nominc
1771 404 1838 450 san.

44 447 48 558 f
74 479 141 538 oue
164 483 245 528 unus
271 483 309 527 ex
333 465 393 527 illis
419 466 561 532 aurarius,
589 483 678 542 quaro
697 469 859 542 expetebat
876 468 939 529 ludi
988 470 1026 530 cti
1043 468 1167 529 loannis
1185 470 1394 546 lirnngclistac
1422 471 1534 546 aliquid
1558 469 1740 548 denegabat,
1759 473 1841 533 bunc

44 560 45 618 f
75 550 227 621 suauitas,
253 549 467 612 insurrexisset
495 551 526 609 tn
542 549 683 618 alterum,
700 551 805 611 ludum
822 559 940 613 rcrtuot
988 552 1070 612 enirn
1088 559 1154 628 post
1170 552 1386 626 Apostolorum
1410 552 1582 630 Principem
1604 554 1717 614 :arctius
1733 555 1840 633 dilige·

44 629 45 654 ¹
74 628 108 690 in
129 649 277 712 pugnarn.
294 631 329 692 tlt
344 649 417 692 econ
434 632 582 694 Harrnldus
601 632 812 694 veliementius
836 636 863 694 in
882 637 954 694 tra·.
989 639 1049 695 liat.
1067 634 1152 696 Unde
1181 637 1319 714 contigit,
1338 641 1419 714 qued
1437 637 1559 712 quidam
1578 639 1770 712 peregrinus,
1788 638 1840 698 ab·

44 731 45 740 ¹
76 719 158 776 trem
176 719 308 789 irruens,
326 715 445 793 capillis
461 717 528 776 cius
551 723 709 788 utramnun
727 733 848 776 inanum
866 718 940 778 inle-
987 727 1075 777 sentc
1092 717 1275 786 camerario.
1304 723 1332 778 tn
1351 720 1473 780 nomine
1489 721 1584 780 suncti
1608 719 1729 780 loannis
1745 719 1840 781 Eran-

74 796 130 868 rit,
149 804 408 875 prostratumque
437 797 494 860 nisi
521 799 610 858 citius
633 799 814 873 eriperetur.
832 801 940 864 uirtute
987 800 1115 876 gelistao
1144 803 1316 875 importune
1334 821 1347 860 a
1365 803 1445 880 linge
1461 803 1686 879 eleemosynam
1706 804 1839 877 postola-

43 867 44 908 ¹
76 885 224 957 superior
237 879 431 944 suffocasset.
444 881 528 942 'lune
541 881 603 942 lieu
626 897 731 942 versus
757 884 794 943 ad
811 882 938 948 lluccrn.
986 890 1045 947 ret,
1063 882 1116 944 Cui
1131 884 1193 945 Rex
1212 885 1376 959 pretiosum
1393 883 1553 952 annulum,
1577 901 1645 946 curn
1667 885 1743 945 nibil
1758 885 1840 947 aliud

74 963 138 1024 ait:
157 963 235 1026 Nibil
253 965 346 1037 alirrd,
363 981 382 1026 c
399 965 568 1028 Godurinc.
587 963 645 1024 nisi
658 966 827 1040 simplicem
845 967 875 1027 in
893 967 940 1028 bis
989 969 1018 1025 tn
1034 973 1175 1042 promptu
1192 968 1328 1030 baberet.
1344 971 1440 1029 dedit.
1454 968 1648 1044 bceirlitpcst
1660 970 1748 1042 tinen,
1763 969 1842 1030 duos

73 1048 126 1107 net
143 1047 251 1109 ludum
276 1063 451 1126 puerorum.
475 1048 522 1108 rel
548 1063 680 1124 pugnam
707 1051 937 1126 contemplaris.
986 1048 1131 1124 ttnglicos
1149 1051 1185 1112 ad
1199 1052 1385 1112 adorandum
1402 1051 1566 1114 saluatoris
1580 1052 1755 1126 sepulcrum
1772 1049 1841 1114 Hic·

42 1205 43 1214 ¹
73 1128 114 1191 Ei
132 1129 203 1192 ille:
220 1129 298 1193 llibil
325 1131 420 1200 atiud,
446 1131 575 1193 Dourion
592 1131 645 1191 mi.
662 1129 747 1191 Tunc
764 1132 826 1192 linx
842 1135 937 1192 dixit:
988 1131 1170 1210 rosolpmnm
1198 1133 1363 1209 proticisci.
1388 1135 1444 1210 Qui
1461 1134 1511 1196 die
1533 1137 1662 1211 quedam
1687 1153 1701 1192 a
1719 1134 1840 1210 publiea

42 1219 43 1292 fi
72 1209 183 1292 Longe
207 1214 288 1275 aliud
314 1229 383 1276 mea
399 1214 476 1274 mibi
491 1229 578 1276 mens
592 1211 744 1288 tenuitur:
757 1226 786 1276 et
803 1215 852 1276 bis
868 1217 940 1292 quid
987 1222 1078 1274 stratu
1105 1216 1307 1278 declinantes.
1332 1219 1418 1280 deria
1434 1232 1574 1294 quaeque
1590 1219 1695 1280 sectati
1708 1224 1795 1278 sunt:
1813 1228 1842 1280 et

73 1295 214 1359 laturum
232 1300 272 1359 sil
286 1297 402 1373 pueris,
418 1313 472 1372 per
489 1299 546 1358 boc
559 1295 633 1356 ruilri
645 1296 761 1356 bellum
776 1300 938 1361 revelatur.
988 1298 1053 1358 solo
1072 1307 1189 1370 ruente,
1209 1317 1266 1360 nox
1282 1299 1411 1361 obscura
1428 1302 1559 1362 adducta
1577 1309 1636 1362 ost.

72 1375 225 1442 Emensis
240 1380 356 1457 quippe
372 1381 521 1458 pueribns
537 1379 637 1448 arinis,
655 1395 724 1440 num
742 1380 771 1440 in
795 1381 891 1442 virum
909 1400 940 1444 u·
1027 1379 1062 1440 Et
1079 1397 1147 1442 curn
1175 1384 1330 1462 nescirent
1356 1383 1428 1461 quid
1455 1388 1591 1460 agerent,
1619 1399 1679 1460 quo
1694 1399 1728 1444 se
1745 1390 1841 1444 terte·

77 1470 191 1542 terque
219 1465 394 1538 nomenonii,
410 1467 533 1524 landem
551 1467 700 1522 artrrrrsos
719 1463 848 1525 inrinem
866 1466 941 1526 livor
986 1471 1065 1532 rent,
1091 1467 1231 1542 apparuit
1246 1465 1292 1526 eis
1314 1482 1410 1528 senen
1426 1468 1547 1541 quidam
1564 1469 1770 1538 rennrandus,
1788 1469 1840 1542 qui

41 1559 42 1576 ¹
73 1552 244 1623 utrumque
258 1548 379 1608 aduret.
395 1545 432 1608 Et
448 1547 579 1623 primum
601 1547 881 1618 circumvelamen,
896 1551 938 1610 iu·
987 1561 1054 1616 eos,
1072 1549 1108 1606 ad
1125 1549 1275 1610 ciuitatem
1290 1549 1418 1611 reducit.
1445 1549 1605 1624 Susecplis
1620 1555 1720 1610 autern
1738 1551 1842 1626 bospi·
1906 1619 1908 1630 Ι

41 1625 42 1664 ³
73 1628 231 1708 sidiisque
247 1631 371 1708 privatis
385 1633 471 1706 quasi
489 1629 595 1690 ludere
618 1627 813 1704 ridebuntur,
840 1633 877 1692 ad
896 1632 938 1692 ul·
985 1633 1089 1705 spino.
1109 1647 1213 1692 mensa
1237 1639 1368 1709 paratur,
1388 1633 1620 1708 lautissimeque
1636 1632 1842 1708 retorridam

74 1713 188 1774 timum
205 1712 312 1775 tortior
326 1713 525 1775 infirmiorem
542 1711 723 1787 proscribet,
741 1713 941 1776 rebellantem
987 1713 1123 1774 membra
1150 1712 1362 1792 quintiliane
1389 1724 1490 1777 autern
1509 1717 1599 1791 lacto,
1621 1719 1759 1794 egressis
1777 1715 1838 1778 ttlis

75 1803 267 1872 prosternet.
296 1802 325 1857 et
355 1797 466 1873 prioris
488 1802 615 1858 mertem
640 1799 877 1869 postmodieum
894 1815 941 1860 se·
986 1794 1025 1856 de
1052 1795 1182 1872 civitate,
1211 1801 1252 1859 ait
1275 1815 1382 1860 senex.
1399 1798 1462 1860 Viri
1489 1797 1606 1870 tratres,
1624 1815 1692 1860 cunr
1720 1815 1841 1862 somnia

75 1895 192 1956 quens.
209 1881 334 1942 alterius
350 1879 506 1940 calamitas
520 1878 666 1952 expiabit.
683 1879 765 1951 Quae
779 1883 879 1940 omnia
893 1884 938 1944 sie
986 1883 1190 1956 prosperitate
1206 1898 1260 1943 ros
1275 1882 1496 1956 repatriaturos
1513 1898 1572 1942 non
1590 1881 1749 1956 dubitetis,
1766 1899 1842 1958 quo·

40 1961 41 2000 ἶ
75 1963 254 2040 completa,
284 1968 342 2023 tata
369 1961 475 2038 dugliu
502 1962 854 2038 leste,probatrrr.liam
884 1963 941 2025 'ln-
988 1960 1779 2043 niarnprosperumiterfacietrobisDcos,elego
1802 1967 1842 2025 ob

79 2049 162 2109 stius
177 2046 215 2108 ab
241 2043 373 2106 Haraldo
398 2044 528 2121 lagatus,
547 2061 616 2104 cum
634 2044 724 2120 paulo
752 2048 780 2106 in
799 2045 937 2126 Regnum
985 2060 1120 2106 amorem
1149 2046 1240 2122 Regis
1267 2047 1358 2108 nestri
1382 2047 1511 2109 inomni
1531 2049 1577 2109 ria
1604 2046 1732 2109 llrmnbo
1747 2063 1841 2124 super

74 2130 284 2192 successisset
309 2125 452 2189 Eduardo
477 2126 629 2190 Hnrnldus
665 2145 722 2188 una
758 2146 827 2189 euru
856 2131 940 2207 tinge
988 2145 1040 2188 ros
1056 2130 1163 2189 oeulos
1180 2146 1277 2190 tricos.
1294 2129 1358 2208 Ego
1373 2131 1454 2192 enim
1467 2130 1713 2206 samnposrotus
1730 2128 1841 2192 Christi

40 2213 41 2226 ¹
74 2209 266 2288 Nerurcgine
289 2209 412 2272 Tostius
430 2212 644 2287 prosternitur,
662 2219 692 2269 et
708 2218 789 2272 totus
808 2213 871 2272 lere
889 2230 938 2276 err·
985 2208 1129 2287 Ioannes,
1147 2213 1197 2288 qui
1214 2213 1329 2291 liegcrn
1354 2221 1491 2275 restrum
1506 2213 1546 2276 ob
1564 2214 1704 2274 meritum
1721 2212 1841 2276 castita·

75 2295 194 2356 orcitus
206 2292 339 2356 deletur.
356 2291 472 2355 Eodem
489 2308 570 2354 anno
586 2291 736 2355 Haraldos
752 2297 818 2371 ipsc
835 2295 939 2374 Regno
984 2294 1024 2354 tis
1049 2309 1168 2356 summa
1194 2295 1359 2357 dilectione
1386 2297 1568 2374 completor.
1585 2296 1674 2358 Hunc
1701 2312 1774 2373 crgo
1789 2312 1842 2358 an·

74 2378 228 2454 spoliatus
247 2375 430 2455 bogiorum,
456 2383 507 2438 aut
523 2379 635 2439 misere
651 2377 808 2440 occubuit.
826 2389 890 2447 aut,
909 2389 940 2440 ut
986 2377 1105 2449 nulum,
1131 2395 1222 2456 qoem
1239 2377 1313 2440 mibi
1329 2377 1360 2439 iu
1373 2379 1480 2452 babitu
1504 2382 1667 2458 peregrino
1682 2381 1841 2457 apparenti

74 2460 202 2537 quidem
230 2466 348 2538 putant,
376 2459 582 2538 poenitentiae
598 2461 720 2522 tandem
737 2470 888 2534 serratus,
907 2479 938 2524 c·
984 2459 1102 2536 tribuit,
1118 2469 1284 2538 reportate,
1308 2461 1534 2525 denunciantes
1547 2463 1649 2523 obitus
1664 2464 1712 2523 sui
1730 2464 1842 2525 instare

77 2545 165 2605 rasit.
985 2542 1086 2621 dicm3
1102 2560 1195 2621 ocrem
1206 2543 1283 2606 inira
1300 2561 1354 2605 sex
1369 2561 1495 2607 menses
1508 2545 1635 2607 visitans
1650 2544 1794 2619 visitabo,
1811 2553 1843 2608 ut

38 2653 39 2660 ι
121 2624 302 2688 Gndurinus
328 2640 397 2688 cum
414 2625 444 2687 in
469 2639 575 2686 mensa
590 2624 664 2702 Regi
681 2625 841 2699 assideret,
858 2645 939 2691 unus
986 2642 1104 2688 mecurrr
1118 2632 1263 2702 sequatur
1278 2629 1396 2704 agnum
1413 2645 1609 2706 quecumque
1627 2629 1707 2689 ierit.
1724 2628 1777 2689 llis
1793 2628 1840 2688 di·

38 2713 39 2748 ³
76 2708 292 2771 ministrarunt
310 2709 338 2770 in
365 2707 485 2770 obicem
509 2709 642 2781 alicuem
660 2725 720 2769 uno
738 2710 817 2786 pede
833 2713 940 2772 immn-
984 2713 1053 2780 ctis,
1071 2710 1232 2786 disparuit,
1247 2717 1276 2772 el
1293 2711 1334 2770 illi
1348 2711 1385 2771 ad
1403 2715 1528 2788 petriam
1543 2727 1692 2790 prospere
1709 2713 1841 2772 redeun-

76 2791 215 2856 deratius
237 2791 426 2869 impingens,
445 2807 525 2868 pene
547 2791 664 2868 lapsum
679 2791 827 2853 incurrit:
845 2811 936 2870 onear
984 2801 1031 2852 tes
1053 2808 1132 2868 onae
1156 2792 1304 2872 viderant,
1322 2798 1353 2855 et
1367 2794 1537 2872 audierant,
1554 2793 1627 2872 liegi
1643 2791 1777 2856 seriatim
1793 2808 1840 2856 rc·

76 2883 178 2938 tamen
206 2891 262 2952 pes
288 2874 367 2936 alius
393 2883 477 2936 rente
497 2875 578 2953 pede
605 2874 803 2951 precedens,
829 2881 937 2940 iterum
982 2875 1129 2939 tulerunt.

77 2959 110 3020 in
136 2963 247 3022 statum
274 2972 365 3019 suum
384 2955 459 3020 nibil
483 2956 613 3020 iniuriae
630 2974 753 3034 nassum
771 2959 876 3023 erexit.
894 2961 937 3024 De
1026 2958 1100 3021 Cum
1112 2967 1211 3022 aulem
1223 2959 1290 3021 tter
1306 2960 1482 3022 inllrmitate
1497 2960 1579 3040 grani
1597 2957 1840 3038 detineretur,lin

77 3041 137 3104 boc
153 3044 264 3104 euentu
280 3039 421 3116 pluribus
438 3041 515 3102 inter
532 3058 566 3100 sn
583 3043 791 3115 loquentibus,
809 3051 839 3102 et
854 3045 937 3122 quod
985 3043 1098 3102 mentis
1122 3051 1227 3119 raptus
1255 3059 1432 3119 excessum,
1448 3044 1543 3106 biduo
1558 3042 1621 3104 lero
1639 3042 1757 3102 iacebat
1772 3056 1841 3105 ena-

77 3140 135 3200 pes
158 3123 228 3202 pedi
256 3124 437 3186 subvenerit
463 3124 700 3199 gratulantibus.
728 3125 939 3204 Comesounsi
983 3125 1087 3186 uiuris.
1103 3122 1238 3187 l'undcur
1266 3129 1352 3204 quasi
1369 3127 1409 3186 de
1435 3128 1517 3206 gnari
1545 3141 1655 3190 somno
1682 3125 1842 3204 evigilans,

77 3207 217 3271 ludendo
230 3206 349 3269 intulit:
368 3207 417 3268 Sic
433 3215 480 3266 est
494 3204 585 3268 trater
601 3207 721 3270 tratrem
734 3207 893 3270 adiurans.
909 3216 940 3272 et
983 3206 1104 3285 aperuit
1115 3207 1223 3269 oculos
1237 3215 1267 3272 et
1282 3208 1374 3280 sedit,
1392 3215 1422 3269 et
1436 3215 1593 3286 assumpta
1611 3206 1767 3287 parabola,
1785 3209 1842 3270 ait:

78 3291 255 3352 alteralteri
278 3291 308 3349 in
337 3291 522 3354 necessitate
544 3289 745 3352 subveniens.
771 3289 807 3351 Et
822 3293 862 3353 ait
877 3291 939 3354 ilex
985 3289 1058 3354 Gunr
1090 3290 1273 3355 adolescens
1301 3294 1330 3354 in
1352 3290 1550 3354 Nortrnunnia
1578 3291 1744 3366 exalarent,
1761 3294 1843 3368 gruta

78 3375 116 3436 ad
134 3373 267 3436 Ducem:
285 3371 350 3434 lien
366 3387 454 3435 meus
469 3371 542 3434 mibi
567 3371 702 3450 lecisset,
720 3373 747 3436 si
761 3371 940 3438 Godurinus
987 3373 1060 3436 mibi
1077 3389 1200 3452 semper
1211 3373 1307 3438 extitit
1328 3377 1480 3436 bonorum
1498 3375 1644 3445 arctabis,
1660 3380 1690 3436 et
1705 3375 1844 3452 quicum·

78 3456 202 3536 expavit
215 3461 248 3518 et
262 3457 378 3518 tristem
396 3456 575 3534 praeterens
592 3457 718 3524 vultum.
736 3457 793 3520 ait:
810 3459 894 3529 Scio,
908 3477 937 3521 e·
985 3474 1045 3535 que
1062 3473 1168 3521 sacrae
1184 3457 1344 3534 religionis
1358 3457 1504 3521 meliores
1515 3457 1707 3532 ridebantur,
1724 3457 1754 3516 bi
1770 3453 1845 3518 mint

79 3556 132 3620 gn,
150 3539 223 3608 tter.
241 3538 320 3615 scio,
337 3537 438 3602 adbuc
454 3540 493 3601 dc
510 3545 607 3601 morte
622 3540 721 3602 iratris
738 3541 779 3602 tui
798 3548 868 3604 tuus
891 3556 940 3605 me
985 3541 1117 3602 caeteris
1132 3545 1218 3602 erant
1238 3537 1465 3603 familiariores.
1491 3539 1576 3604 Inter
1591 3555 1670 3618 quos
1684 3541 1763 3600 duos
1780 3555 1844 3602 rno-

79 3621 937 3701 accusatanimus,neceisaestimasdisererlenduun,qui
985 3626 1101 3684 nacbos
1127 3621 1256 3698 speciali
1286 3625 1417 3702 quodam
1448 3625 1649 3686 devinxerant
1678 3621 1840 3694 cbaritnte,

80 3721 129 3768 me
145 3706 190 3768 rel
202 3707 269 3768 eius
284 3705 333 3766 rel
351 3712 433 3766 tuum
448 3711 557 3767 roennt
584 3705 775 3783 proditorem
792 3724 800 3786 ;
817 3711 871 3768 sed
890 3724 938 3768 se·
984 3705 1228 3768 conversationis
1250 3706 1411 3781 bonostas,
1436 3705 1515 3767 ritae
1531 3705 1690 3775 sanctitas,
1709 3703 1843 3768 suavitas

80 3799 233 3850 oretorurn
259 3787 396 3850 omniurn
424 3787 570 3850 corrseius
595 3787 678 3852 beas
704 3787 831 3861 iudicet,
849 3797 878 3851 et
893 3796 939 3854 sio
985 3805 1115 3864 morum,
1132 3790 1291 3850 uerborum
1314 3785 1487 3850 affabilitas.
1506 3787 1568 3852 llos
1589 3785 1783 3865 frequentius
1800 3789 1841 3848 ri·

80 3870 252 3932 buccellam
271 3875 360 3948 banc,
378 3886 469 3949 quoru
484 3887 573 3932 manu
599 3880 702 3945 teneo,
718 3881 821 3952 guttur
837 3889 937 3934 mcum
984 3872 1129 3947 silebant,
1153 3886 1244 3946 quam
1260 3870 1361 3932 dulcia
1385 3871 1623 3934 tnuoibus‘urcis
1649 3869 1770 3948 eloquia
1788 3888 1837 3930 eo·

80 3952 170 4015 iaciat
195 3953 394 4032 pertransire,
422 3962 452 4014 et
478 3962 650 4020 meserret
674 3956 828 4025 illaesum,
859 3957 939 4018 sieut
984 3953 1641 4033 rurn.Hnsanteinsomnisassistere,quid
1658 3957 1843 4027 gentimnuc

82 4052 141 4096 nec
158 4042 226 4098 tuac
244 4036 437 4113 proditionis,
453 4053 534 4104 reus,
551 4053 607 4098 nee
625 4039 663 4098 dc
680 4038 779 4100 tratris
805 4039 845 4098 lui
864 4053 938 4102 neoe
986 4047 1053 4113 post
1069 4038 1185 4098 obitum
1213 4053 1313 4099 ninum
1337 4037 1378 4100 sit
1403 4038 1549 4110 tuturum,
1573 4055 1609 4104 er
1628 4035 1679 4098 bei
1697 4037 1840 4096 mandato

82 4119 157 4182 rnibi
185 4121 330 4180 conscius
352 4117 461 4180 existo.
478 4117 615 4196 Curnque
632 4121 675 4180 ιιι
691 4125 799 4182 berctus
814 4120 940 4184 bneccl-
986 4121 1057 4182 ruibi
1075 4121 1258 4181 relerentes.

37 4227 38 4270 ι
82 4200 142 4264 lam
159 4217 249 4262 manu
272 4201 465 4263 benedicens
490 4199 766 4278 signasset,mtsnr
792 4204 854 4269 ille.
872 4221 938 4266 earn
1024 4201 1185 4280 impletam
1212 4200 1506 4280 dicuntbnglorurn
1535 4197 1842 4278 nequitiametini·

82 4285 128 4348 ori
146 4282 292 4354 intercus,
320 4289 463 4362 usquein
482 4283 614 4344 medium
631 4285 761 4361 gutturis
778 4288 934 4362 pertraxit.
985 4285 1084 4360 unius
1100 4291 1308 4346 consummata
1335 4286 1411 4345 iram
1433 4291 1589 4364 provocat,
1611 4282 1762 4344 accelerat
1779 4284 1842 4344 rin·

37 4395 40 4438 r
125 4365 230 4430 Tentat
243 4369 372 4428 interius
387 4367 523 4428 trabere.
540 4383 595 4428 nec
610 4369 698 4444 carlet,
714 4375 807 4430 tentat
822 4371 938 4431 emitto·
984 4374 1109 4431 dietam.
1123 4367 1306 4429 Sacerdotes
1321 4370 1520 4446 praevaricati
1536 4374 1606 4431 sunt
1623 4371 1730 4440 paetus
1744 4367 1843 4426 tloroi·

37 4473 40 4524 l
83 4466 128 4520 re.
146 4451 199 4515 scd
218 4451 335 4512 tirmius
363 4450 473 4512 baesit.
490 4447 555 4511 Mox
574 4459 703 4517 irrentus.
718 4450 831 4528 qrribus
847 4454 939 4513 duce·
985 4451 1028 4518 ni.
1046 4451 1163 4530 polluto
1181 4461 1317 4525 pectore.
1346 4457 1375 4512 et
1392 4452 1534 4512 munibus
1555 4449 1721 4528 inquinatis
1736 4459 1841 4509 sanctu

37 4563 41 4610 Ι
82 4533 172 4596 batur
183 4534 310 4611 spiritus
323 4532 511 4602 obcluditur,
522 4539 679 4594 vertuntur
690 4532 938 4598 continuantia
985 4537 1186 4596 contrectant.
1209 4529 1246 4592 Et
1262 4531 1291 4592 bi
1309 4547 1369 4594 non
1397 4544 1548 4610 pastores,
1575 4535 1630 4594 scd
1659 4531 1839 4593 mercenarii

37 4647 41 4694 Ι
84 4617 255 4694 rigescunt.
283 4615 422 4679 intuetur
442 4613 605 4678 infeliciter
622 4615 802 4680 morientem
821 4617 892 4693 tter,
909 4625 939 4679 et
986 4613 1236 4693 exponuntlupis
1252 4631 1339 4688 ores,
1358 4631 1420 4678 non
1443 4623 1618 4696 protegunt,
1636 4614 1683 4676 tac
1699 4621 1728 4674 et
1743 4613 1842 4676 lanam

37 4719 41 4778 Ἰ
87 4699 232 4761 ultionem
262 4698 292 4759 in
310 4714 380 4760 num
407 4697 545 4759 sentiens
570 4697 764 4777 processisse
789 4699 936 4770 divinam,
985 4706 1146 4775 quaerunt,
1166 4713 1225 4758 uon
1243 4713 1328 4770 oreS,
1346 4704 1379 4758 ot
1393 4699 1536 4762 detrusus
1550 4700 1587 4760 nd
1603 4698 1728 4767 interes,
1747 4711 1840 4760 rnors.

37 4815 42 4859 1
84 4783 240 4844 adstantes
255 4781 433 4858 alloquitur,
464 4779 582 4845 direns.
611 4779 765 4844 Erlrnbite
788 4800 894 4845 ennom
917 4783 937 4845 i·
984 4787 1014 4845 et
1030 4789 1168 4859 pastores
1193 4780 1362 4859 depascat:
1387 4790 1417 4843 et
1442 4798 1526 4852 cres,
1549 4782 1604 4844 sed
1632 4788 1660 4840 et
1688 4779 1843 4858 principes

37 4889 43 4946 Ι
86 4870 182 4926 slunr:
199 4863 354 4926 etinctum
372 4871 419 4926 est
433 4863 485 4924 ita.
502 4863 557 4923 llic
570 4861 748 4926 Gorturinus
760 4865 939 4940 simplieita·
986 4873 1086 4926 terrae
1101 4863 1257 4937 infideles,
1274 4863 1351 4925 senil
1374 4863 1486 4936 turum,
1515 4865 1689 4944 praedones
1716 4864 1843 4940 patriae,

37 4981 43 5032 Ι
92 4952 121 5008 tn
136 4947 224 5026 tingis
239 4945 381 5022 abolens,
394 4947 485 5006 multa
503 4951 532 5006 in
547 4945 648 5026 lingue
674 4953 777 5008 contra
794 4947 937 5012 iustitiam
985 4948 1100 5025 ouibus
1116 4963 1174 5010 nco
1189 4947 1275 5008 bens
1290 4947 1390 5010 timori
1407 4953 1512 5023 est‚oe
1529 4950 1577 5010 lex
1593 4944 1836 5021 benectionibus

37 5066 44 5117 1
84 5035 115 5090 et
129 5029 222 5091 Deum
237 5030 380 5092 iaciebat.
394 5026 527 5090 Cunctos
544 5031 607 5090 lere
624 5029 715 5106 [legis
731 5040 889 5108 cognatos,
908 5038 939 5094 et
985 5033 1096 5092 veritus
1112 5031 1212 5106 oncri,
1228 5028 1278 5089 ius
1305 5031 1505 5108 contemptui,
1523 5029 1689 5092 crudelitas
1704 5029 1836 5090 delecta·

37 5151 44 5202 ,
85 5113 211 5186 auriens,
228 5129 306 5190 quos
322 5111 557 5175 doliormannin
574 5112 751 5184 adduxerat,
766 5113 937 5178 trarrdcsua
985 5113 1198 5189 tioui;ttanue
1215 5127 1274 5173 nec
1289 5114 1412 5188 praelati
1441 5113 1599 5188 iustitiam,
1624 5129 1682 5174 nne
1717 5114 1838 5172 serrant

37 5237 43 5284 ¹
86 5193 938 5272 dolo,etcircumventionedepatriaexturbabal30re·
985 5197 1099 5259 subditi
1126 5194 1333 5272 disciplinam.
1360 5195 1397 5258 Et
1426 5213 1500 5258 ecce
1531 5197 1678 5258 Dominus
1704 5193 1839 5270 gladium

37 5309 42 5370 ι,
86 5281 174 5349 dens,
191 5277 249 5343 sibi
264 5285 372 5339 cuncta
386 5294 567 5356 processura
584 5295 639 5355 pro
656 5288 735 5354 roto,
749 5283 774 5342 si
787 5277 851 5342 lien
865 5279 938 5342 arni·
985 5296 1073 5341 suum
1091 5279 1229 5349 rtbrarit,
1254 5293 1356 5338 arcani
1385 5296 1474 5342 suom
1503 5278 1642 5340 tetendit.
1670 5283 1701 5338 el
1717 5279 1842 5350 pararit,

37 5407 43 5456 ι
87 5360 130 5422 cis
146 5363 290 5436 nudatus,
306 5361 373 5424 suis
390 5368 503 5422 tanturn
522 5361 661 5422 consiliis
675 5368 822 5425 uteretur.
836 5363 939 5428 btlicx
987 5361 1084 5424 illum.
1103 5359 1243 5424 Ostendit
1257 5360 1409 5440 deinceps
1424 5363 1538 5441 pcnulo
1562 5361 1633 5422 buin
1651 5361 1737 5420 iram.
1755 5365 1783 5418 el
1799 5357 1842 5418 in·

88 5448 192 5505 coriola
209 5444 421 5515 dissimulans,
440 5443 552 5506 dirtnts
566 5445 689 5505 sanabat
704 5445 877 5524 obsequiis,
893 5451 938 5508 ul·
986 5447 1215 5524 dignationem,
1245 5443 1454 5507 immissiones
1481 5449 1609 5522 insuper
1636 5459 1690 5520 per
1716 5441 1843 5520 angelos

37 5533 45 5624 ‘p
88 5525 331 5606 lienemquellei
347 5526 406 5589 sibi
423 5525 554 5589 tutorum
580 5527 939 5608 muttisprandirit.dli·
987 5527 1344 5605 malos,ouibustradili
1370 5536 1443 5590 suot
1469 5543 1551 5590 anno
1578 5523 1841 5595 unnetdicuno,

37 5655 46 5712 ι
89 5609 206 5688 quando
222 5607 311 5674 etiarn
338 5611 396 5690 ipsi
419 5607 578 5674 Godurino
595 5609 727 5688 idipsum
752 5627 813 5674 nnn
830 5613 936 5676 tacuit.
986 5613 1057 5692 igne
1072 5611 1162 5674 simul
1179 5618 1208 5674 et
1223 5607 1326 5689 gladio
1341 5611 1507 5690 puniendi.
1523 5607 1588 5690 Ego
1602 5621 1674 5672 rere
1688 5607 1728 5670 ob
1745 5609 1842 5670 inten·
