4086 6258
819 295 931 361 ΗΒΕ
948 292 1106 360 ’PBWUS
1716 299 1767 362 381

63 436 229 508 prorocet,
252 437 283 496 et
297 432 356 496 bac
376 431 496 494 ratione
518 447 598 508 onos
620 430 771 498 debuerat
797 446 930 510 sanare,
978 427 1215 494 institutionem.
1231 430 1327 495 vinea
1342 447 1398 502 sar
1421 433 1589 512 praecipue
1613 433 1730 500 babere
1746 433 1841 498 dabat

63 514 264 592 corrumpat?
277 514 456 588 attendant,
473 513 527 591 qut
542 515 691 578 seandala
707 515 788 578 male
803 515 932 580 virendo
977 512 1076 574 bonas
1092 514 1387 593 quatitales,ouibus
1402 513 1616 596 signttcanrnr
1628 533 1683 582 ser
1695 519 1776 582 bona
1793 533 1838 582 rc·

63 598 232 675 praebent,
251 599 322 678 qnid
339 595 489 660 Dominus
504 595 586 660 dieat
607 599 641 660 in
662 597 831 677 Evangelio
846 615 854 658 :
871 596 933 676 Qui
977 593 1170 676 ligiusnrnm,
1194 596 1377 673 humilitas,
1396 605 1586 676 paupertas,
1603 601 1750 679 castitas,
1767 601 1840 665 nbc·

60 681 343 746 scandalizaverit
358 693 465 746 unum
478 679 520 746 de
534 682 663 760 partitis
677 683 783 762 quiin
796 699 848 746 mc
865 699 930 747 cre·
978 679 1106 751 dientia,
1124 680 1261 744 studium
1277 681 1428 744 orationis
1450 690 1480 745 ct
1497 682 1647 761 periectio
1658 681 1838 748 ‘charitatis

59 765 163 840 dunt,
180 765 314 844 ecpadit
328 765 369 842 ci,
384 769 421 828 ιιι
435 767 658 844 suspendatur
670 765 761 828 ancia
776 767 931 830 asinaria
979 761 1074 826 Vinea
1086 770 1207 826 cunstat
1223 779 1259 826 ex
1273 764 1399 828 ritibus:
1417 765 1493 828 vites
1511 773 1613 832 autem
1630 772 1703 829 sunt
1719 767 1841 844 plantae

57 846 102 914 ia
118 849 201 914 cotio
217 849 299 922 eiua,
317 855 346 912 et
361 849 572 926 demergatur
585 850 624 912 in
638 848 846 927 profundum
861 867 933 914 rno-
978 847 1117 910 umninm
1132 847 1375 926 abiectissinae,
1390 865 1513 928 parrae,
1530 850 1688 922 distortae,
1704 848 1839 929 treguas,

1 937 2 953 ¹
56 933 125 997 ris.
142 933 179 996 tta
193 933 220 996 si
236 932 363 1010 expedit
379 931 548 1008 unicuique
570 931 609 994 de
626 932 743 1010 populo
761 933 860 1010 magis
875 934 931 997 de·
978 927 1064 992 bauai
1078 936 1247 1006 repentes,
1264 930 1369 994 aridae
1384 951 1393 1010 ς
1409 932 1449 994 ιε
1466 933 1579 1012 quibus
1596 935 1641 995 sie
1658 931 1792 1008 loquitur
1804 933 1841 1010 Ε,-

1 1051 2 1088 r
58 1018 163 1096 mergi
180 1015 212 1077 in
229 1015 417 1095 protundum
434 1013 636 1092 mariannam
652 1015 864 1078 scandalizare
877 1033 931 1096 pn·
977 1012 1275 1094 aecbiell’ropbeta:
1296 1012 1380 1091 Quid
1404 1013 1458 1092 bet
1483 1015 1522 1079 de
1546 1017 1635 1095 ligno
1660 1016 1842 1080 niliacae-

57 1101 179 1174 siltos,
196 1098 271 1178 qnid
286 1098 325 1160 da
343 1096 464 1162 Glarico
479 1096 709 1162 scandalizante
735 1099 804 1162 suis
827 1102 929 1177 prauis
977 1095 1108 1159 mnibus
1124 1095 1223 1176 lignis
1234 1111 1408 1161 aemorum
1421 1145 1429 1170 ,
1443 1115 1530 1178 quoe
1542 1106 1621 1164 sant
1644 1101 1732 1162 inter
1747 1098 1840 1178 ligna

1 1217 3 1256 2
59 1184 207 1247 moribus
223 1181 373 1261 poputum
389 1179 493 1244 dicere
510 1181 691 1258 poterimus,
709 1197 780 1244 enm
795 1181 930 1246 eundem
975 1179 1337 1260 spicnmmtnnrnqnid
1351 1181 1480 1246 tolletur
1491 1183 1531 1250 de
1543 1199 1583 1246 ec
1595 1184 1772 1262 dignement
1786 1179 1842 1260 dot

1 1283 3 1341 i
58 1268 217 1343 poputum
232 1282 249 1327 a
264 1263 421 1328 scandalis
435 1279 636 1342 praeservare
651 1265 823 1328 debuerit?
841 1263 930 1334 Certe
977 1277 1070 1336 opus,
1087 1267 1147 1325 out
1159 1262 1377 1339 fabricabitur
1388 1267 1429 1329 de
1444 1282 1485 1330 co
1497 1267 1659 1345 porriitur,
1674 1271 1710 1328 ut
1721 1265 1842 1344 deperi·

1 1417 2 1424 ,
58 1348 172 1412 utilius
186 1353 251 1411 erat
265 1347 420 1410 eiusmodi
436 1345 565 1410 clericis
588 1348 770 1410 mendicare
792 1365 927 1429 panem,
975 1343 1784 1429 mutinccqnoocnmnucncstccccipntdnrem
1799 1356 1844 1412 eat

1 1491 3 1508 ,
58 1434 114 1496 vel
136 1432 283 1496 fodiendo
305 1431 434 1494 humum
457 1430 569 1493 rictum
593 1430 653 1492 sibi
682 1448 814 1510 parare,
838 1449 930 1511 quam
977 1427 1015 1490 itt
1031 1443 1150 1492 cacurri.
1166 1427 1250 1494 Haec
1267 1431 1364 1507 prima
1381 1433 1512 1508 qualitas
1530 1433 1598 1497 ritis
1613 1429 1768 1513 significat
1784 1434 1840 1496 bu·

56 1530 135 1578 curn
151 1522 213 1578 tam
227 1513 346 1594 ingenti
362 1512 501 1590 periculo
517 1515 556 1575 de
572 1514 657 1575 altari
682 1515 798 1588 rivere,
823 1517 871 1578 rel
887 1523 931 1578 et·
978 1511 1137 1574 militatem
1150 1511 1276 1583 Christi,
1294 1515 1565 1598 abiectionemet
1579 1521 1792 1592 contemptum
1808 1515 1839 1578 in

58 1597 126 1660 iam
141 1613 197 1677 per
212 1613 335 1660 sacrum
351 1594 493 1659 ordinem
510 1596 547 1658 ad
564 1611 665 1673 opes,
693 1603 724 1660 et
748 1598 885 1662 bonores
900 1615 930 1662 a·
981 1610 1043 1670 uuo
1059 1593 1227 1672 glorificari
1244 1595 1340 1658 debet
1361 1598 1463 1661 omnis
1485 1613 1576 1662 verns
1592 1596 1766 1677 regularis,
1790 1598 1843 1675 qui

57 1683 232 1745 scandere.
251 1677 331 1752 Quid
347 1679 431 1741 enim
448 1677 575 1754 prodest
590 1679 732 1755 bomini,
760 1680 787 1744 si
810 1681 931 1745 unirer·
980 1692 1041 1738 non
1058 1677 1150 1740 surda
1167 1693 1242 1742 aare
1253 1677 1409 1743 Christum
1425 1679 1589 1743 docentem
1603 1680 1730 1743 audirit:
1744 1679 1843 1744 biaci-

58 1780 136 1826 snm
153 1763 303 1827 mnndum
330 1762 468 1823 incretnr
494 1761 616 1824 animae
642 1777 713 1825 rero
739 1777 816 1825 suae
838 1764 933 1827 detri-
981 1765 1010 1822 tc
1025 1775 1046 1821 c
1060 1775 1123 1836 me,
1138 1762 1219 1841 quia
1232 1763 1416 1839 mitiacum,
1441 1767 1471 1829 ει
1491 1763 1625 1829 tremitis
1646 1767 1755 1829 corde.
1771 1761 1844 1825 ideo

59 1853 205 1912 meatum
222 1845 353 1926 patiatur
365 1844 381 1905 ι
395 1843 568 1922 Negotiatio
594 1851 700 1906 saneta
728 1843 930 1926 clericorum,
981 1844 1154 1921 regulares,
1172 1845 1224 1922 oui
1239 1844 1382 1908 ambiunt
1396 1845 1597 1923 praelaturas,
1612 1852 1643 1910 et
1657 1848 1711 1928 qni
1727 1846 1793 1910 deri
1805 1845 1846 1907 si·

1 1949 2 1958 ι
58 1945 102 1992 ac
117 1929 286 2009 praecipue
302 1925 515 1998 Sacerdotem,
533 1932 626 2005 atque
649 1926 845 2005 Pontificum,
869 1946 931 1994 nnn
981 1925 1013 1986 bi
1028 1931 1137 2002 putant
1153 1927 1297 1990 iniuriam
1312 1975 1319 2002 ,
1339 1929 1463 2006 quando
1479 1930 1675 1994 descendere
1699 1931 1845 2006 iubentur

58 2011 243 2075 estsimilis
258 2009 461 2091 negotiationi
478 2016 686 2073 mercalerum
701 2011 794 2074 buius
809 2013 929 2076 mnndi.
978 2010 1015 2070 cd
1029 2008 1134 2070 locum
1150 2009 1393 2086 interioremrel
1410 2011 1449 2074 de
1462 2014 1681 2089 praecedentia
1692 2030 1762 2077 carn
1776 2012 1845 2074 aliis

59 2095 200 2159 Possunt
215 2096 298 2158 enim
316 2097 504 2155 mercatores
519 2091 687 2168 aliquando
709 2093 756 2156 sie
768 2096 929 2175 negotiari,
977 2091 1187 2170 regularibus,
1206 2093 1252 2157 rel
1269 2094 1350 2156 inter
1365 2109 1401 2158 se
1416 2094 1550 2174 litigant,
1568 2097 1758 2160 reformandi
1774 2097 1847 2159 sunt

58 2185 100 2239 ut
115 2195 174 2241 nec
188 2179 349 2242 lucrentur
364 2174 493 2253 aliquid,
512 2191 615 2254 neque
631 2176 779 2238 iacturam
796 2179 929 2257 aliquam
977 2179 1071 2251 atque
1086 2177 1125 2239 ad
1143 2189 1246 2240 reram
1268 2176 1398 2238 iarmam
1421 2177 1605 2241 humilitatis
1628 2178 1738 2252 Christi
1765 2177 1845 2240 redi·

60 2262 233 2338 patiantur.
247 2263 284 2322 et
299 2258 447 2336 Episcopi
471 2266 502 2320 et
524 2258 712 2321 Sacerdotes
733 2259 862 2324 omnino
878 2261 932 2325 da·
978 2257 1086 2335 gandi,
1104 2259 1156 2337 qni
1174 2275 1332 2337 nunquam
1349 2258 1463 2338 legitur
1485 2276 1556 2323 cnm
1579 2261 1643 2325 ulio
1665 2261 1844 2334 bomipade

61 2347 144 2406 bont
159 2343 206 2408 rel
222 2343 344 2408 lucrum
366 2340 529 2419 copiosum
557 2343 742 2419 acquirere,
766 2343 815 2405 rel
837 2344 931 2408 detrl·
979 2341 1198 2416 praecedentia
1215 2341 1429 2404 contendisse:
1448 2347 1479 2404 ει
1493 2359 1563 2406 curn
1587 2351 1652 2407 arta
1670 2353 1756 2408 esset
1770 2359 1844 2407 cuo·

1 2423 2 2430 ’
59 2434 204 2490 mentum
221 2425 388 2487 maximum
410 2423 485 2502 pati.
508 2422 608 2487 Nimio
630 2422 712 2488 enim
734 2426 802 2487 zelo
824 2442 930 2504 prose·
980 2422 1076 2485 tentio
1092 2425 1173 2487 inter
1189 2424 1374 2502 discipulus,
1392 2422 1462 2503 quis
1478 2440 1586 2489 eorum
1603 2427 1759 2490 rideretur
1774 2443 1845 2490 essu

56 2505 930 2670 risibilitilitiiiiiiintitiitiiitit
976 2505 1257 2654 tibitibi
1275 2505 1610 2670 litterariis
1623 2507 1847 2657 ''itiitttii

1 2737 2 2742 ,
57 2675 148 2737 ειεει
162 2690 216 2753 par
232 2681 292 2745 εει,
309 2671 476 2749 diligenter
492 2679 601 2734 curant
616 2718 624 2744 ,
640 2671 930 2738 immarcescibilem
976 2677 1106 2747 strator.
1122 2673 1170 2746 itt,
1188 2637 1345 2752 inquiunt,
1360 2689 1422 2736 non
1438 2640 1659 2740 contendim'ns
1676 2691 1731 2753 pro
1748 2675 1845 2738 bono·

1 2761 3 2772 ’
59 2757 184 2836 gloriae
200 2771 346 2819 coronam
362 2754 531 2832 accipient,
549 2755 600 2832 oni
617 2757 814 2834 negtigenter
829 2756 931 2822 allicio
978 2769 1011 2817 re
1028 2761 1133 2818 nostro
1146 2758 1201 2818 sed
1219 2771 1275 2832 pro
1291 2756 1409 2819 bonore
1424 2765 1547 2820 nostrae
1570 2758 1745 2839 religionis,
1763 2774 1843 2836 quae

1 2899 2 2910 ,
62 2855 127 2903 suo
142 2841 312 2917 longantur
328 2883 336 2909 ,
354 2837 400 2900 sic
416 2844 449 2900 nt
464 2840 603 2914 ipsorum
630 2839 719 2916 eulpa
748 2841 848 2902 anima
871 2855 930 2902 nna
978 2843 1010 2900 ut
1024 2845 1072 2901 εει
1086 2839 1242 2916 antiquior
1257 2843 1409 2916 tempore,
1426 2841 1473 2901 sic
1490 2841 1584 2904 debat
1606 2857 1677 2905 esse
1700 2842 1785 2920 prior
1809 2844 1840 2904 in

58 2929 186 3001 pereat:
203 2921 389 2984 incredibile
404 2920 487 2982 dictu
504 2927 660 2996 estonam
677 2929 799 2984 atroces
815 2939 933 3002 poenas
980 2920 1160 3000 loeo.1irgo
1182 2921 1208 2986 si
1224 2921 1263 2982 ita
1280 2927 1349 2994 cst,
1374 2921 1503 2986 debebit
1518 2939 1590 2987 esse
1605 2923 1773 3002 religiosus
1789 2925 1845 2996 bn·

1 3065 3 3084 2
59 3005 148 3084 apud
164 3004 280 3067 inieras
296 3003 396 3066 daturi
410 3004 485 3066 sint.
502 3003 657 3082 colligant
668 3003 763 3083 igitur
774 3020 885 3069 amnas
901 3023 931 3068 a·
978 3003 1073 3076 milis,
1088 3011 1119 3067 et
1134 3005 1269 3083 superba
1286 3003 1419 3084 Religio.
1435 3005 1582 3084 Apprnbo
1599 3007 1736 3082 auidam,
1756 3015 1788 3072 ut
1805 3007 1842 3085 is,

1 3093 2 3152 ἶ
58 3088 186 3167 piscopi
202 3101 239 3150 ex
255 3087 339 3165 tigno
356 3087 434 3147 ritae
448 3088 618 3162 pretiosum
631 3085 762 3150 irnctnm
779 3089 932 3152 ardentis·
978 3087 1016 3148 ad
1033 3103 1125 3164 quem
1142 3090 1278 3163 pertinet
1292 3087 1453 3165 assignare
1477 3090 1543 3152 toea
1558 3089 1738 3167 religiosis,
1763 3091 1846 3152 altri·

1 3233 2 3244 ,
60 3171 137 3232 ειιιιι
154 3169 304 3233 desiderii
318 3167 547 3231 reformationis
562 3167 643 3232 Cleri
659 3169 721 3247 sui,
738 3176 885 3234 maneant
900 3173 931 3234 in
978 3169 1052 3230 bnct
1067 3169 1294 3248 antiquioribus
1309 3170 1377 3231 loca
1393 3168 1607 3256 digniora,sed
1623 3174 1844 3236 contentiones

1 3259 2 3318 ἴ
56 3255 194 3332 specula
209 3251 271 3316 sibi
286 3249 707 3328 commissainrigilentnon
724 3255 933 3333 sctumsuper
980 3249 1197 3330 religiosorum
1222 3267 1277 3329 pro
1300 3251 1479 3315 huiusmodi
1502 3254 1676 3332 approbare
1699 3269 1761 3317 nun
1777 3272 1847 3334 pus-

1 3403 2 3410 ,
61 3351 196 3414 gregem
211 3334 380 3407 laicarum,
396 3333 453 3396 sed
469 3335 566 3396 mutto
584 3336 683 3414 magis
698 3351 794 3415 super
809 3343 932 3402 coelam
983 3349 1066 3398 snm.
1082 3332 1202 3397 Deinde
1221 3335 1298 3397 uites
1313 3334 1479 3414 diligenter
1495 3336 1650 3414 putandae
1664 3344 1783 3414 sunt,et
1798 3355 1847 3402 su·

1 3418 3 3438 ¹
62 3417 272 3481 Sacerdotem
287 3424 317 3480 ct
333 3415 474 3479 omnium
489 3415 693 3491 clericorum,
707 3426 741 3481 ut
754 3421 847 3482 etiam
863 3427 933 3498 post
980 3418 1179 3495 perracaneis
1187 3417 1368 3496 palmitibus
1383 3418 1577 3495 spoliandae:
1591 3419 1638 3483 sio
1654 3421 1737 3484 enim
1751 3429 1781 3482 et
1792 3421 1846 3484 Pa-

1 3515 2 3522 ¹
59 3501 146 3563 bane
159 3501 251 3564 ritam
264 3498 412 3580 colligant
425 3499 557 3564 iructnm
570 3500 932 3579 gloriosumremunera·
980 3508 1025 3562 ter
1042 3501 1199 3574 caelestis,
1218 3506 1250 3562 ut
1266 3500 1404 3578 loquitur
1419 3501 1451 3561 in
1473 3499 1642 3580 evangetio
1668 3501 1845 3578 Dominus,

1 3599 2 3602 ¹
62 3583 160 3649 tionis
177 3583 403 3665 amplissimae,
420 3589 451 3646 et
465 3582 691 3662 sempiternae.
979 3597 1104 3647 omnam
1120 3583 1278 3662 palmitem
1295 3597 1357 3644 nnn
1373 3582 1525 3646 terentem
1539 3584 1672 3648 irnetum
1695 3585 1797 3662 tollit,
1815 3597 1846 3652 at

1 3663 2 3668 ’
980 3683 1064 3742 curn,
1082 3669 1134 3744 qni
1148 3666 1206 3729 tert
1219 3664 1644 3746 fruetum‚purgat‚ridelicet
1659 3667 1845 3736 abscinden-

421 3747 502 3812 cle.
525 3749 577 3813 VI.
980 3750 1020 3812 da
1036 3749 1206 3827 superflua,
1224 3752 1257 3810 nt
1270 3746 1424 3812 fructuum
1442 3751 1513 3826 ptus
1528 3749 1656 3814 adierat.
1670 3750 1702 3816 Si
1714 3751 1785 3828 quis
1800 3754 1846 3814 in·

978 3832 1091 3912 spiciat
1107 3834 1196 3905 uites,
1214 3831 1340 3910 quando
1356 3836 1502 3909 putantur
1517 3833 1555 3894 ab
1572 3833 1731 3913 agricolis
1748 3840 1779 3896 ct
1792 3851 1843 3898 ue·

229 3923 273 3986 Dc
287 3925 380 3984 rento
395 3918 509 3997 fructu
525 3918 763 3997 laerymarum.
979 3915 1057 3978 sciat
1069 3930 1207 3977 cansam:
1223 3914 1383 3976 mirabitur
1397 3915 1846 3994 agricolaecrudetitatem‚qni

203 4007 262 4084 qui
283 4008 330 4067 cst
350 4003 541 4082 reformatio
558 3999 791 4080 decretorium.
979 3997 1025 4060 sic
1041 3996 1265 4071 deformatam,
1283 4001 1313 4060 et
1329 3997 1468 4060 mutilam
1491 3998 1584 4061 ritem
1606 3999 1773 4078 relinquat:
1790 4001 1845 4064 sed

978 4081 1033 4144 ilie
1048 4080 1106 4143 scit
1122 4081 1197 4156 quid
1212 4078 1314 4152 iaciat,
1330 4084 1360 4140 at
1376 4095 1438 4142 non
1455 4086 1653 4158 praesentem
1670 4082 1845 4146 deformita-

103 4161 345 4241 Deploretimus
361 4167 393 4228 in
415 4166 497 4232 libra
520 4169 683 4246 superiora
710 4167 930 4230 relaxationem
980 4169 1053 4235 tem,
1077 4163 1133 4225 sed
1149 4163 1281 4224 tntnram
1309 4162 1497 4226 lertilitatam
1519 4164 1660 4227 attendit.
1686 4163 1771 4226 Haec
1799 4172 1847 4228 est

58 4247 205 4308 ordinum
222 4246 452 4327 religiosorum,
470 4267 554 4314 nune
567 4258 690 4328 tempus
703 4256 764 4323 est,
778 4257 812 4312 ut
827 4255 931 4316 osten·
979 4254 1100 4316 sancta,
1117 4251 1148 4308 at
1163 4243 1297 4318 Christo,
1322 4251 1416 4323 atquc
1433 4245 1502 4308 eins
1517 4247 1606 4308 matri
1628 4247 1845 4312 sanctissimae

1 4337 2 4422 j
58 4327 261 4406 damnandis
273 4330 390 4395 irnctns
402 4333 506 4413 colligi
521 4335 621 4410 possit
633 4350 671 4396 ex
684 4349 719 4396 ea
734 4332 832 4396 flebili
846 4347 931 4395 corn·
979 4328 1121 4392 amabilis
1137 4333 1315 4406 pauperius,
1329 4343 1420 4406 quain
1436 4329 1499 4390 veti
1516 4328 1653 4406 religiosi
1669 4341 1739 4396 cnm
1753 4327 1844 4412 Crue-

1 4433 2 4494 3
59 4407 277 4474 miseratione.
295 4412 428 4478 Fructus
442 4425 546 4479 antem
563 4423 634 4488 est,
663 4417 835 4494 etquidem
852 4417 931 4493 opti·
981 4411 1007 4474 si
1024 4409 1138 4474 diritiie
1152 4425 1215 4472 non
1232 4410 1577 4474 commutaruntPorro
1592 4417 1760 4491 paupertas
1774 4413 1846 4476 reii-

1 4507 2 4522 ¹
59 4508 143 4566 rans,
159 4500 191 4556 et
206 4496 431 4575 suauissimus,
456 4498 632 4561 relormatio
648 4499 835 4577 religionum
851 4499 927 4560 reia
979 4495 1069 4574 giosa
1089 4493 1123 4555 in
1145 4506 1183 4556 eu
1200 4491 1397 4570 potissimum
1414 4494 1517 4570 posita
1532 4499 1591 4568 εει,
1609 4499 1643 4558 nt
1656 4493 1762 4558 nultus
1776 4509 1846 4571 pro·

58 4581 213 4652 xatarnm;
228 4578 284 4641 sed
302 4582 385 4642 bunc
401 4580 533 4644 tructam
551 4582 570 4642 ιι
589 4579 786 4658 potissimum
799 4579 929 4660 collige·
980 4577 1080 4656 prinm
1095 4573 1213 4649 atinate
1231 4573 1403 4653 possideat,
1420 4576 1502 4638 ituit
1518 4575 1596 4638 illud
1610 4592 1649 4639 ιι
1663 4577 1748 4640 Attis
1761 4576 1845 4657 Apo·

1 4651 3 4692 l
58 4657 929 4743 redebentqnisnntcapitareligionum3adeosenirn
979 4655 1384 4722 stolornmzldrrititndinir
1409 4664 1519 4722 autern
1544 4659 1751 4724 credentium
1776 4669 1847 4727 erat

1 4734 3 4777 l
59 4741 196 4816 pertinet
212 4741 349 4807 officinm
373 4747 541 4820 visitandi,
570 4753 600 4809 et
628 4743 782 4825 purgandi
808 4745 930 4809 uincam
978 4755 1153 4806 caranum
1167 4747 1197 4802 et
1213 4740 1425 4812 animaene,
1441 4756 1502 4804 nec
1518 4744 1695 4822 qumquam
1717 4757 1843 4818 εοιιιει,

56 4839 159 4887 suam.
177 4824 322 4899 Quamuis
337 4829 421 4891 enim
437 4827 578 4892 licetesia
595 4828 739 4892 universa
763 4830 793 4890 in
811 4829 931 4892 sanctis
980 4840 1065 4904 pune
1085 4820 1283 4900 possidebat.
1297 4823 1427 4902 aliquid
1441 4839 1540 4888 suunt
1552 4839 1619 4888 aare
1634 4824 1772 4896 dicebat,
1788 4830 1847 4893 red

1 4898 3 4970 l
57 4905 160 4968 literis
186 4918 384 4985 comparetur
402 4911 509 4974 vineae
526 4957 534 4985 ,
551 4910 590 4974 dc
608 4928 667 4989 qna
683 4911 757 4973 dicit
772 4910 927 4988 Propheta
979 4913 1074 4972 erant
1088 4907 1156 4970 iilia
1171 4907 1499 4970 omniocornnrunin.
1517 4905 1618 4982 Quare
1633 4908 1714 4972 sicut
1728 4909 1846 4974 ralaxa-

1 4993 3 5090 ζ
56 4987 137 5050 Deo:
157 4987 259 5086 Visite
269 4993 404 5056 uincam
417 4997 529 5068 tatum,
547 5000 576 5057 et
588 4992 710 5072 pertice
725 5009 811 5068 eum,
829 5009 932 5088 quant
980 4991 1022 5088 tiu
1037 4997 1142 5052 exorta
1157 4997 1205 5052 est
1227 4991 1258 5084 in
1282 4991 1498 5084 monasteriis,
1523 4990 1648 5088 qnando
1671 4992 1846 5070 proprietas

1 5135 3 5192 r
53 5071 930 5238 titiittiittittintiiititdtttr‘tlit
978 5072 1847 5234 iitiitii⁵ii¹iititiitdedititii?iiiiii

57 5239 151 5300 etiarn
165 5240 243 5302 ordo
256 5241 423 5320 religiosas
436 5241 596 5320 aptissime
608 5247 804 5318 comparatur
821 5242 930 5304 rinaae
980 5238 1152 5320 cogitarent
1168 5237 1365 5316 proprietarii
1382 5239 1506 5318 quatern
1529 5237 1697 5302 uindictam
1712 5243 1846 5320 sumpsit

1 5347 2 5358 ι
57 5327 91 5382 et
107 5329 155 5382 est
171 5338 243 5396 pars
260 5325 411 5400 quaedam
428 5327 544 5387 selecta
561 5325 670 5387 vineae
687 5339 828 5402 magnae,
847 5338 928 5401 qnae
979 5321 1065 5384 bens
1080 5321 1120 5382 de
1134 5319 1269 5397 duania,
1298 5326 1328 5384 ct
1344 5320 1495 5399 Sapbira,
1523 5320 1576 5398 qni
1599 5323 1760 5402 principes
1775 5341 1846 5404 pro·

1 5395 3 5488 i
59 5408 110 5465 est
127 5402 480 5471 universatisEeciesia.
497 5407 535 5469 Ul
546 5407 638 5485 igitur
653 5423 707 5487 pra
721 5407 848 5469 mndnio
862 5421 931 5468 rnen
980 5403 1195 5478 prietariornm
1212 5404 1350 5481 inerunt3
1365 5409 1396 5467 et
1411 5410 1518 5466 contra
1540 5413 1686 5484 quantam
1702 5405 1846 5483 spiritua·

1 5495 3 5572 t
56 5486 204 5550 adiuvem
221 5487 420 5568 Praepositns
432 5490 589 5552 vinearum
604 5491 733 5553 istarum
745 5491 930 5552 selectarum
977 5487 1040 5550 lem
1057 5485 1207 5550 laelitiam
1222 5487 1434 5566 degustentur
1449 5493 1595 5566 quantam
1613 5489 1748 5552 babeant
1762 5493 1846 5569 apud

1 5579 3 5610 ι
56 5583 214 5648 exponam
232 5571 509 5652 breviter,qualis
531 5587 604 5636 esse
620 5572 733 5638 debeat
756 5572 833 5636 ordo
858 5570 930 5635 reii-
977 5569 1792 5652 baumrepositamspem,qnidicerapossuntcnm
1808 5576 1847 5641 t,

1 5661 3 5675 ’
55 5650 168 5734 glosas
183 5653 366 5722 reformatas
382 5657 420 5721 ad
437 5655 568 5736 primam
584 5672 673 5722 suem
688 5655 854 5738 originem,
864 5655 930 5724 sire
976 5653 1101 5735 postulo
1116 5653 1219 5720 Petro:
1234 5651 1317 5720 llaec
1328 5667 1387 5720 noa
1401 5653 1598 5740 reliquimur
1614 5655 1742 5738 onnia,
1758 5662 1846 5732 ctae·
