4080 6252
834 323 944 383 libell
963 325 1100 384 uulnus
1708 326 1761 385 llil

9 449 21 496 ἓ
68 459 220 524 carnium
233 467 264 526 el
278 465 370 542 petus
383 458 446 520 riui
460 458 541 522 bona
555 463 650 534 sunt,
675 459 731 522 sed
758 459 855 535 sanis,
872 476 933 523 non
982 477 1053 542 guo,
1071 466 1103 522 ut
1116 459 1275 526 nihilmoli
1292 460 1362 523 addi
1386 459 1431 523 illi
1454 477 1546 541 posse
1567 461 1717 528 videatur.
1735 459 1836 539 Pergit

9 539 20 575 ⁹
67 545 283 622 aegrotissio
292 542 491 624 pulchritudo
502 542 636 605 virorum
649 548 679 604 ct
691 543 853 606 mulierum
866 551 935 622 post
983 544 1144 620 Propheta,
1159 561 1194 607 ao
1208 545 1294 606 dicit:
1309 543 1451 625 Sagittae
1465 549 1603 623 potentis
1625 553 1751 617 conice,
1763 558 1837 607 oum

67 627 476 705 resurrectionemquando
490 641 562 689 rere
573 625 640 688 sani
653 627 936 699 erimus,tutissime
984 628 1177 691 corbonibus
1198 629 1410 691 desolatoriis.
1427 628 1605 691 Declaratus
1621 630 1669 691 his
1684 628 1786 691 verbis
1807 643 1839 689 e-

9 707 18 752 ¹
67 715 173 775 amari
191 713 303 792 polerit
326 711 365 772 ab
387 710 549 786 omnibus,
568 710 711 789 quoniam
739 716 811 773 tuno
838 710 936 772 aberit
983 710 1192 790 legantissima
1209 711 1420 784 similitudine,
1439 729 1526 791 quam
1543 713 1653 790 ingens
1667 713 1780 774 malum
1796 711 1838 772 sit

9 791 14 836 ἵ
66 797 207 859 morbus
218 793 492 872 concupiscentiae
504 791 646 870 carnalis,
661 809 722 871 quc
734 793 878 856 mortales
894 794 935 853 la·
982 793 1086 874 lingue
1109 796 1229 857 dolosa:
1254 797 1386 856 similem
1409 799 1489 858 enim
1514 797 1595 856 illam
1619 795 1689 858 lacit
1704 795 1839 874 Prophe·

9 892 15 920 l
66 873 237 942 bornmus.
249 878 356 958 ltaque
371 878 481 939 mirum
498 877 593 938 rideri
611 893 673 938 nou
690 876 793 938 dehet.
811 878 837 938 sl
853 892 936 940 nunc
985 884 1012 939 la
1034 879 1161 958 sagittae
1183 879 1297 958 ignitae
1319 895 1336 940 a
1358 880 1480 942 robusta
1505 895 1595 941 manu
1612 879 1758 942 emissae.
1776 877 1841 940 Pri·

8 961 10 1002 ?
45 1006 50 1012 -
68 965 264 1034 permittitur
280 960 427 1024 omnibus
442 976 512 1024 cum
538 959 744 1022 delectatione
769 959 874 1022 ridere
889 976 939 1022 so·
983 975 1067 1022 muru
1084 966 1165 1022 enim
1181 963 1308 1041 saginae
1332 963 1424 1042 longe
1445 963 1569 1027 leniunt.
1586 972 1616 1024 el
1631 969 1712 1025 tanta
1729 960 1840 1024 celeri·

8 1045 14 1090 l
69 1042 154 1116 lem,
167 1053 198 1106 el
212 1047 330 1122 lunam,
347 1053 377 1106 el
393 1044 510 1112 stellas,
527 1043 706 1114 etflores,el
718 1043 775 1104 alia
791 1043 821 1104 id
838 1057 938 1122 genus
984 1050 1045 1105 tale
1061 1045 1173 1118 volant,
1191 1053 1223 1106 ut
1234 1047 1281 1106 vix
1297 1048 1401 1107 evitari
1415 1046 1545 1123 possint3
1559 1045 1679 1108 Deinde
1695 1043 1839 1125 sagittae,

8 1129 14 1176 t
69 1130 224 1204 pulchro,
241 1145 322 1206 quae
339 1127 480 1189 morbum
497 1129 769 1206 concupiscentiae
796 1142 857 1188 uon
884 1143 939 1186 nu·
985 1126 1098 1202 ouibus
1113 1137 1306 1205 comparatur
1320 1131 1421 1206 lingua
1439 1129 1546 1190 detnsa
1562 1177 1569 1205 ,
1587 1129 1730 1191 dicuntur
1747 1128 1839 1191 emis·

8 1213 14 1262 t
69 1213 188 1284 triuut,
207 1228 269 1274 non
296 1220 398 1274 autern
427 1209 610 1284 permittitur
636 1227 706 1272 oum
734 1210 938 1272 delectatione
985 1227 1038 1272 sae
1053 1228 1069 1270 a
1086 1211 1203 1286 potenti
1220 1221 1249 1273 et
1262 1212 1385 1273 robusta
1401 1229 1505 1275 manu.
1522 1212 1625 1274 'l'erlio
1641 1214 1840 1292 additur,sa·

8 1305 13 1346 l
71 1297 283 1358 considerare
299 1295 444 1373 pulchras
460 1293 607 1355 mulieres
622 1295 670 1355 vel
692 1295 840 1372 pulchros
856 1295 937 1354 viros
985 1293 1074 1370 giltas
1089 1294 1160 1356 illus
1176 1310 1247 1356 esse
1263 1300 1379 1371 acutaS,
1398 1295 1428 1358 id
1446 1300 1515 1370 est,
1543 1297 1582 1357 ab
1604 1295 1720 1357 artifice
1742 1295 1841 1373 perito

8 1387 11 1430 l
71 1393 119 1440 ne
134 1379 212 1441 loric
227 1380 280 1441 illa
294 1378 501 1441 consideratio
513 1378 653 1438 morbum
668 1375 938 1456 concupiscentiae
985 1375 1066 1438 bene
1082 1377 1191 1455 politas
1206 1384 1237 1439 et
1252 1385 1424 1440 exacuatas.
1436 1377 1577 1455 Denique
1600 1381 1695 1455 addit,
1714 1394 1785 1441 esse
1800 1377 1840 1438 si·

7 1475 11 1516 t
68 1462 229 1541 adaugeat
244 1462 291 1523 rel
307 1461 429 1522 nutriat.
985 1459 1077 1520 miles
1093 1459 1278 1523 carbonibus
1295 1461 1540 1538 desolatoriis‚id
1557 1470 1615 1530 est,
1631 1477 1702 1524 esse
1716 1462 1841 1538 ignitas,

7 1557 10 1600 i
124 1545 269 1623 Sequitur
284 1552 354 1622 post
368 1559 495 1605 sensum
518 1542 642 1604 ridendi
666 1559 779 1604 seusus
794 1541 938 1604 audiendi
988 1548 1019 1602 nt
1034 1542 1168 1620 quiduis,
1193 1547 1330 1620 quamvls
1346 1545 1468 1614 durum,
1494 1547 1634 1608 desolare
1658 1548 1841 1624 posslnl3ac

7 1643 9 1684 t
73 1627 137 1707 qui
154 1645 214 1690 non
231 1629 336 1689 miuus
352 1626 520 1706 diligenter
541 1627 765 1688 custodiendus
788 1635 835 1688 esl
850 1641 939 1702 quam
986 1643 1041 1704 per
1057 1629 1115 1688 hoc
1130 1627 1263 1688 similem
1278 1643 1347 1690 esse
1362 1629 1494 1706 linguam
1509 1630 1647 1694 dolosum
1660 1637 1689 1691 et
1703 1629 1840 1707 iniquam

7 1725 9 1768 l
72 1726 195 1774 sensus
209 1713 348 1773 ridendi.
364 1709 425 1773 Sed
439 1727 508 1772 cum
521 1709 649 1772 auribus
662 1708 879 1788 coniungenda
893 1715 939 1770 est
987 1725 1049 1770 non
1068 1717 1125 1770 tem
1143 1709 1262 1789 sagittis
1278 1711 1449 1778 hominnm,
1464 1727 1554 1788 quam
1568 1711 1687 1790 sagittis
1701 1711 1739 1774 de
1754 1709 1843 1773 coelo

7 1809 11 1854 l
71 1794 197 1873 lingua,
212 1802 353 1873 quaeest
369 1794 606 1855 instrumentum
622 1794 781 1870 loquendi:
800 1793 888 1854 rerba
907 1807 938 1853 c·
987 1793 1123 1870 emissis,
1140 1793 1240 1872 qualia
1256 1803 1329 1856 sunt
1343 1793 1460 1873 tulgura
1483 1796 1642 1866 coelestia,
1666 1796 1779 1871 ouibus
1795 1795 1841 1854 ni-

7 1895 10 1940 t
75 1879 158 1952 nim,
173 1879 238 1941 sire
253 1879 333 1942 bona
351 1877 416 1939 siro
431 1877 593 1952 male,oou
612 1876 841 1954 perneuiuutad
854 1874 941 1937 audi·
987 1876 1031 1937 hil
1047 1877 1172 1938 omnino
1188 1878 1334 1940 resistere
1348 1877 1545 1956 polest.Haec
1561 1893 1644 1940 certe
1660 1877 1843 1956 Prophetica

6 1979 10 2024 l
77 1967 160 2036 tum,
180 1960 238 2024 nisi
266 1969 378 2023 sonent
406 1975 460 2036 per
484 1957 610 2040 linguae
636 1960 887 2021 instrumentum.
904 1956 940 2019 lit
987 1960 1156 2037 descriptio
1169 1961 1292 2038 linguae
1308 1961 1434 2023 dolosae
1457 1969 1487 2023 et
1502 1963 1625 2038 iniquae
1641 1962 1710 2023 talis
1738 1967 1797 2037 est,
1811 1967 1844 2022 ut

6 2067 10 2122 ς
75 2043 228 2122 quoniam
243 2043 361 2124 lingua,
388 2044 448 2104 uisi
475 2041 711 2122 diligentissime
733 2041 935 2113 custodiatur,
988 2044 1105 2104 nullum
1121 2049 1179 2104 lani
1206 2045 1320 2123 grande
1334 2046 1448 2106 malum
1465 2046 1592 2123 cogitari
1610 2044 1728 2124 possit,
1759 2043 1841 2123 quod

77 2127 232 2189 malorum
250 2128 451 2206 plurimorum
468 2143 559 2188 causa
583 2135 646 2201 est;
671 2126 741 2188 ideo
764 2143 791 2186 s.
808 2124 941 2187 lacobus
988 2142 1056 2188 cum
1073 2125 1175 2204 lingua
1193 2127 1299 2188 dolosa
1316 2135 1344 2188 el
1360 2127 1464 2207 iniqua
1482 2131 1652 2206 comparari
1669 2128 1778 2190 ualeat.

6 2207 9 2240 '¹
76 2213 192 2272 clamat
208 2219 239 2272 el
251 2211 336 2273 dicit:
353 2212 383 2272 si
397 2210 469 2289 quis
483 2209 522 2270 in
535 2209 634 2272 uerba
646 2225 714 2271 uon
729 2205 872 2288 offendit,
889 2207 941 2269 hic
1027 2209 1139 2285 Alone,
1164 2218 1196 2269 ut
1210 2209 1287 2271 haec
1309 2209 1411 2271 omnia
1439 2211 1559 2273 lucilius
1586 2214 1688 2274 adhuc
1710 2210 1844 2290 intelligi

6 2321 8 2340 ι
73 2295 242 2374 periectos
257 2301 304 2357 est
323 2295 395 2367 uir,
419 2299 449 2354 et
471 2293 673 2369 paulopost:
700 2308 770 2355 ecce
792 2297 935 2371 quantus
989 2294 1120 2367 possint,
1138 2293 1198 2355 duo
1214 2294 1352 2374 exempla
1367 2291 1590 2370 seripturarum
1607 2295 1729 2357 addam.
1743 2293 1842 2356 Unum

75 2379 169 2457 ignis
185 2391 457 2458 quommognnm
480 2376 597 2438 siloam
611 2378 766 2452 inscendit,
784 2375 942 2454 ellingae
988 2375 1027 2436 sil
1039 2376 1251 2438 scelestissimi
1268 2377 1352 2455 Doeg
1374 2375 1533 2450 Idumaei,
1559 2383 1609 2455 qni
1627 2380 1780 2440 accusarit
1795 2394 1841 2438 sa-

77 2462 170 2540 ignis
196 2465 240 2522 est
263 2461 460 2523 universitas
482 2459 679 2539 iniquitatis.
696 2453 786 2542 (lac.
802 2457 941 2535 3.)Trla
988 2461 1143 2521 cerdolem
1158 2459 1356 2522 achimelech
1379 2455 1425 2540 (l.
1441 2459 1518 2538 Reg.
1541 2460 1608 2543 22.)
1630 2462 1709 2540 apud
1736 2475 1843 2540 regem

5 2573 8 2616 ς
79 2544 144 2606 hoc
160 2542 940 2620 locodocetsanctusApostolus3primum,liugnam
989 2540 1124 2618 Saulem,
1142 2541 1224 2617 quod
1240 2543 1433 2605 coniurasset
1457 2561 1524 2606 cum
1553 2545 1665 2606 havide
1693 2543 1842 2606 adversus

5 2657 8 2700 ;
82 2629 167 2690 bene
182 2627 338 2690 custodire
354 2643 419 2687 rem
437 2641 508 2686 esse
523 2624 745 2698 difficillimam,
761 2633 790 2688 et
811 2626 882 2686 ideo
895 2639 942 2684 ra·
989 2641 1104 2705 regem,
1121 2642 1200 2702 quae
1227 2642 1310 2688 mera
1336 2626 1487 2688 calumnia
1514 2635 1543 2688 et
1571 2631 1737 2706 impostura
1761 2632 1838 2690 erat.

5 2743 8 2786 ,·
83 2727 139 2773 ros
153 2725 356 2787 cssc,eosuuc
372 2709 456 2770 solos
470 2708 621 2786 perlectos
636 2709 790 2786 viros,qui
806 2708 940 2788 linguam
989 2707 1063 2781 Quia
1090 2716 1192 2771 tamen
1209 2709 1268 2770 Rex
1292 2709 1363 2770 Saul
1386 2711 1522 2788 pessimo
1547 2713 1697 2772 animatus
1723 2717 1788 2772 erat
1803 2725 1840 2772 eo

81 2796 166 2856 bene
181 2794 337 2856 custodire
352 2791 462 2854 sciant.
480 2792 606 2858 lieiude,
625 2809 640 2851 a
657 2793 735 2852 mala
752 2793 855 2871 lingua
872 2791 939 2853 bre·
990 2799 1126 2870 tempore
1140 2808 1210 2870 erga
1225 2791 1385 2864 Doridem,
1409 2791 1497 2854 laoile
1519 2799 1621 2856 omnia
1649 2787 1791 2871 eredidit,
1815 2800 1846 2856 et

81 2877 210 2939 sissimo
238 2884 376 2954 tempore
398 2877 510 2953 ingens
538 2877 755 2936 detrimentum
782 2875 944 2952 provenire
990 2876 1843 2940 lussitoccidicontinnonousolumsacerdotemhohi-

5 3029 6 3038 χ
80 2977 189 3040 posse,
207 2961 236 3020 id
254 2959 337 3040 quod
350 2959 481 3037 explicat
496 2957 699 3020 similitudine
715 2958 804 3019 ducta
828 2975 843 3018 a
861 2958 943 3018 sciu-
990 2960 1123 3035 melech,
1141 2957 1237 3020 virum
1254 2960 1410 3021 innoxium
1426 3007 1434 3032 ,
1451 2961 1507 3020 sed
1524 2960 1613 3022 etiam
1639 2977 1748 3023 omnes
1763 2960 1843 3023 alios

4 3083 5 3120 3
80 3046 148 3106 tilla
163 3041 254 3121 ignis,
272 3058 350 3123 quae
369 3041 428 3103 nisi
441 3041 542 3102 subito
558 3041 765 3120 extinguatur,
785 3043 942 3118 lugentem
989 3041 1193 3114 Sacerdotes,
1211 3045 1421 3104 adnumerum
1439 3043 1590 3122 octoginta
1615 3044 1750 3123 quinque
1767 3043 1845 3106 viro·

4 3167 5 3208 3
81 3127 191 3190 silum
208 3123 830 3205 lignorumconsumerepotest.Sicenim
848 3139 942 3185 uuum
990 3142 1068 3194 rum,
1086 3127 1138 3202 oui
1163 3125 1247 3186 nulla
1270 3127 1301 3187 in
1323 3141 1356 3186 re
1380 3132 1582 3200 peccaverant
1604 3135 1707 3188 contra
1724 3142 1841 3206 regem.

82 3211 210 3274 verbum
223 3209 347 3272 incauto
362 3210 515 3287 prolatum
527 3214 627 3283 potest
643 3209 778 3270 excitare
793 3205 943 3284 suspicio·
988 3206 1094 3286 Neque
1111 3209 1168 3270 hac
1180 3216 1281 3286 strage
1296 3215 1459 3271 contentus
1475 3209 1545 3273 Saul
1561 3210 1634 3278 Ber,
1659 3211 1750 3272 iussit
1764 3211 1847 3272 oeci-

4 3335 5 3340 =
83 3311 143 3356 nes
158 3293 286 3356 sceleris
307 3293 450 3366 alicuius,
468 3291 550 3354 unde
566 3290 757 3366 inimicitiae,
771 3290 943 3367 rixae,con·
990 3291 1021 3352 di
1033 3306 1152 3360 omines,
1177 3293 1227 3367 qui
1244 3291 1423 3354 habitabant
1439 3292 1543 3356 urbem
1562 3340 1570 3370 ,
1595 3295 1719 3356 nomine
1733 3293 1844 3366 Nube,

83 3379 250 3450 tentiones,
267 3375 443 3448 homicidia,
462 3381 554 3454 alque
576 3373 715 3452 integrae
738 3373 871 3436 lumiliae
893 3387 942 3436 err·
990 3374 1212 3437 sacerdotalem
1227 3393 1237 3435 t
1255 3393 1312 3435 nec
1329 3375 1429 3437 solum
1457 3377 1577 3438 saevire
1603 3383 1768 3440 contentus
1791 3375 1847 3437 luit

82 3461 260 3524 terminium
276 3459 429 3539 sequitur.
445 3457 541 3521 Docet
563 3456 694 3521 Saucius
707 3453 843 3518 lacobus
857 3455 945 3518 deni·
991 3459 1021 3519 in
1037 3475 1145 3520 omues
1161 3457 1241 3520 viros
1256 3467 1286 3521 et
1300 3459 1458 3532 locminas,
1474 3463 1528 3522 sed
1545 3461 1636 3521 eliam
1652 3459 1683 3522 in
1701 3459 1843 3538 parrulos

82 3561 158 3624 quc.
176 3544 311 3622 linguam
330 3543 438 3604 malam
457 3557 517 3604 non
540 3556 611 3604 esse
626 3556 689 3602 rem
714 3557 803 3602 uuam
821 3540 943 3617 malam,
991 3550 1022 3604 el
1037 3540 1198 3611 lactentes,
1212 3559 1248 3602 ao
1262 3543 1292 3602 in
1309 3543 1374 3620 ipsa
1394 3544 1483 3604 etiam
1501 3544 1678 3616 animantia,
1697 3543 1847 3617 oneshe-

83 3631 140 3692 scd
157 3627 319 3690 includere
334 3628 365 3688 in
382 3642 417 3688 se
433 3627 580 3688 malorum
608 3623 847 3686 multitudinem:
872 3623 943 3686 idco
991 3641 1056 3700 res,
1074 3631 1104 3688 et
1118 3625 1222 3688 asinos
1238 3625 1450 3688 crudelitatem
1466 3642 1552 3688 suam
1576 3627 1724 3690 extendit.
1747 3628 1785 3689 bl
1805 3627 1845 3689 do

81 3718 173 3776 rorat
188 3726 255 3773 eam
269 3710 498 3773 universitatem
511 3708 693 3785 iniquilatis.
716 3706 789 3770 Nam
807 3721 862 3784 per
877 3723 943 3770 cam
990 3707 1048 3770 isla
1075 3709 1140 3785 ipsa
1157 3707 1261 3786 lingue
1287 3709 1393 3792 dolosa
1417 3715 1448 3770 et
1474 3709 1578 3786 iniqua
1593 3710 1680 3788 Doeg
1703 3709 1843 3772 Idumaei

85 3795 190 3858 omnia
204 3792 340 3858 iocinera
352 3801 403 3856 eut
414 3797 683 3870 praeparantur‚ul
694 3797 799 3867 stupra
812 3796 842 3852 et
856 3789 946 3853 latro·
991 3789 1140 3854 credibile
1155 3799 1202 3854 est
1215 3792 1350 3854 loculum
1367 3807 1437 3856 esse
1451 3791 1598 3856 Davidem
1614 3797 1645 3856 in
1658 3793 1847 3870 Psalmo,cu·

85 3879 179 3952 ciuin,
196 3883 249 3939 aut
261 3881 429 3955 patrantur,
444 3881 476 3938 ut
486 3873 619 3956 periuria
633 3878 664 3936 et
677 3873 753 3936 lalsa
766 3873 940 3936 testimonia
990 3875 1038 3936 ius
1053 3885 1169 3948 partem
1185 3875 1246 3936 iem
1262 3875 1515 3953 exposuimusdil
1528 3879 1587 3940 hoc
1603 3878 1744 3957 exemplo
1756 3893 1844 3956 aper·

86 3970 141 4025 aut
154 3959 384 4030 defenduntur,
410 3967 442 4022 ul
463 3975 532 4020 cum
548 3957 664 4038 impius
688 3962 812 4019 excusat
827 3956 942 4020 malum
991 3965 1019 4020 le
1035 3957 1196 4033 discimus,
1213 3964 1344 4038 quanhe
1361 3958 1423 4021 sint
1436 3959 1518 4022 vires
1529 3961 1655 4042 linguae
1671 3960 1798 4024 dolosae
1815 3965 1846 4022 et

85 4046 169 4126 quod
185 4044 405 4119 commisit,aut
419 4041 669 4104 simulalbouum
685 4040 767 4117 quod
784 4055 846 4102 nou
858 4039 941 4103 lecit.
989 4041 1111 4119 iniquae
1127 4043 1163 4104 ad
1181 4043 1306 4104 melum.

85 4129 257 4192 Etrursnm
274 4129 341 4190 iure
354 4125 466 4192 dicitur
480 4125 583 4204 lingua
597 4124 675 4187 mala
689 4122 875 4187 universitas
888 4124 946 4185 ini·
1030 4126 1162 4188 Alterum
1187 4126 1361 4208 exemplum
1388 4126 1587 4190 desumemus
1615 4142 1651 4189 cx
1677 4126 1845 4207 Evangelio

87 4211 235 4287 nuitutls,
260 4211 330 4291 quic
355 4226 409 4288 per
430 4210 565 4288 linguam
589 4215 698 4286 peccat
720 4207 813 4270 bomo
838 4212 943 4269 contra
989 4210 1069 4286 apud
1085 4225 1112 4270 s.
1129 4208 1277 4271 heroum.
1294 4209 1399 4281 (blare.
1412 4203 1460 4292 li.)
1472 4210 1607 4274 saltante
1620 4209 1681 4272 illia
1697 4209 1846 4274 Herodia-

83 4295 198 4373 Deum‚
216 4292 463 4373 blasphemando
486 4296 517 4354 et
538 4291 728 4369 peierando,
754 4295 858 4352 contra
875 4306 944 4370 pro·
989 4292 1037 4352 dis
1053 4307 1155 4353 coram
1172 4290 1292 4355 Herode
1308 4291 1472 4354 'tetrarcha
1501 4301 1530 4355 et
1546 4293 1740 4372 principibus
1756 4293 1841 4369 eius,

84 4381 215 4444 ximum.
233 4378 424 4441 detrahendo
439 4381 469 4438 et
480 4374 794 4449 consiliando;ooutra
806 4372 943 4452 seipsum
990 4374 1179 4451 usqueadeo
1196 4375 1309 4451 placuit
1325 4375 1437 4437 llerodi
1454 4376 1546 4438 ludus
1562 4377 1646 4440 illius
1658 4377 1793 4455 puellae,
1810 4383 1843 4440 ut

88 4464 231 4526 iactando
243 4477 278 4526 sc
291 4460 407 4524 iecisse
422 4459 502 4521 bono
519 4473 633 4537 opera,
658 4471 856 4537 quaererem
881 4473 943 4520 non
989 4473 1091 4520 eoram
1109 4457 1455 4537 omnibusiurarerit,sc
1470 4460 1611 4522 daturum
1624 4461 1746 4540 puellae
1759 4459 1846 4538 guid·

89 4547 183 4623 lecit,
206 4551 237 4609 et
259 4545 439 4610 mentiendo
460 4557 495 4606 se
518 4556 581 4603 non
604 4540 718 4604 iecisse
739 4539 840 4614 mala,
864 4555 944 4621 quae
989 4541 1062 4620 quid
1078 4546 1208 4619 peteret,
1224 4540 1343 4604 etiamsi
1356 4541 1516 4605 dimidium
1531 4541 1703 4624 Regnisui.
1719 4543 1784 4607 lloc
1800 4545 1846 4606 iu·

88 4631 174 4695 lauit.
990 4633 1160 4688 ramentum
1175 4627 1302 4689 stultum
1314 4632 1346 4687 et
1359 4626 1556 4689 temerarium
1572 4673 1580 4700 ‚
1598 4643 1691 4690 cause
1707 4627 1763 4689 luit
1778 4626 1846 4705 plu·

132 4712 176 4776 hd
193 4713 252 4774 hoc
277 4709 486 4775 testimonium
512 4707 651 4787 Apostoli
675 4706 804 4781 iacobi,
831 4706 945 4770 addere
991 4709 1139 4770 rimorum
1155 4709 1316 4771 malorum.
1331 4708 1466 4772 Primum
1484 4709 1565 4773 enim
1586 4707 1845 4774 Herodiadisfilia

90 4799 159 4861 solo
183 4795 392 4858 testimonium
424 4795 593 4872 prophelae
618 4789 740 4854 heridis
768 4790 800 4852 in
826 4790 946 4854 Psalmo
991 4791 1370 4871 amatrequaesiritquid
1394 4799 1478 4856 esset
1500 4795 1527 4856 ci
1554 4796 1746 4873 petendum,
1763 4810 1843 4872 quae

90 4884 191 4962 primo
203 4895 240 4942 ex
254 4876 468 4952 draconibus,
481 4876 628 4950 Domine,
643 4874 858 4950 innuitliberc
874 4875 946 4936 oni·
992 4875 1074 4937 illam
1089 4877 1259 4944 admonuit,
1275 4880 1307 4936 ut
1321 4881 1439 4952 peteret
1453 4883 1544 4952 caput
1558 4877 1683 4940 loannis
1694 4876 1846 4956 Baptistae

88 4980 181 5027 mom
192 4977 301 5026 mecm
312 4977 334 5023 o
346 4959 441 5023 lobiis
454 4959 591 5041 iniquis,
604 4962 634 5020 et
647 4973 669 5019 c
685 4958 800 5038 linpuc
821 4958 945 5021 doloso.
992 4961 1050 5020 hoc
1065 4959 1165 5038 ipsum
1177 4959 1227 5020 illa
1242 4959 1339 5035 pellit:
1349 4959 1582 5022 etmoxallolum
1595 4967 1641 5022 est
1654 4968 1744 5039 capul
1756 4978 1843 5039 prae·

90 5045 219 5129 (Psalm.
232 5042 322 5122 lle.)
334 5043 365 5106 sl
387 5050 514 5106 sanctus
535 5042 597 5103 lter
616 5041 716 5104 timuit
737 5042 796 5104 sibi
812 5060 828 5103 a
844 5041 946 5120 lingua
992 5044 1128 5105 cursoris
1143 5041 1262 5104 llomiui
1276 5058 1293 5104 a
1305 5057 1433 5120 corpore
1445 5045 1630 5121 avulsum‚in
1642 5042 1845 5120 discoiiuan·

89 5132 197 5209 iniqua
214 5136 245 5191 et
260 5128 381 5202 dolose3
395 5127 468 5205 quid
486 5127 586 5188 lacere
602 5125 715 5187 debent
729 5124 872 5188 homines
888 5125 950 5203 pri·
992 5133 1019 5186 la
1036 5125 1087 5188 hic
1100 5130 1172 5187 suut
1188 5123 1282 5188 mala?
1296 5123 1408 5190 Peccat
1424 5131 1519 5189 mater
1533 5127 1845 5208 gravissime,peteus

92 5215 165 5287 rati,
182 5219 212 5274 et
227 5211 444 5289 multomagis,
458 5208 557 5271 sinon
572 5210 671 5271 solum
684 5208 862 5283 princhaco
875 5223 950 5282 peu·
991 5225 1057 5271 rem
1072 5208 1320 5271 iniustissimcm.
1338 5207 1478 5273 Peccavit
1499 5226 1559 5273 uon
1586 5211 1689 5276 miuus
1714 5213 1848 5292 graviter

94 5311 198 5377 peres,
215 5293 476 5370 debiles,ubscuri
489 5292 567 5354 sint?
580 5291 671 5354 Addit
686 5291 849 5369 Propheta:
866 5289 950 5368 Quid
992 5292 1155 5354 ‘letrarcba
1166 5290 1307 5356 Herodes
1321 5337 1330 5370 ,
1346 5295 1398 5371 qui
1414 5293 1510 5355 virum
1534 5293 1843 5369 innocentissimum,

65 5424 75 5443 .
94 5385 193 5445 delier
207 5379 276 5451 tibi,
290 5381 348 5440 cut
362 5378 443 5458 quid
457 5382 644 5454 opponetur
662 5373 721 5438 tihi
734 5376 780 5437 nd
800 5374 949 5454 linguam
992 5375 1108 5455 quique
1122 5381 1186 5438 erat
1200 5389 1383 5455 praecursor
1398 5375 1699 5458 bomini,plusquam
1712 5375 1844 5458 Prophe·

93 5461 258 5529 doloecm?
272 5460 370 5524 Verba
386 5466 458 5522 sunl
469 5459 599 5521 obscura
622 5459 662 5520 oh
683 5458 808 5537 linguae
823 5457 947 5519 llebrai·
994 5465 1034 5530 ta,
1051 5467 1081 5520 el
1092 5474 1153 5538 quo
1168 5459 1265 5521 maior
1280 5460 1360 5520 inter
1374 5466 1463 5522 notos
1477 5461 1640 5525 mulierum
1664 5474 1727 5522 non
1741 5477 1844 5524 surre-

95 5564 150 5611 cae
165 5543 395 5626 proprietatem,
412 5543 467 5606 sed
484 5557 597 5604 sensus
618 5539 670 5603 bic
691 5541 849 5604 essemihl
864 5542 948 5604 alde·
992 5547 1088 5616 xerat,
1101 5548 1132 5605 et
1146 5559 1237 5619 quem
1252 5539 1391 5604 Herodes
1412 5543 1481 5620 ipse
1503 5545 1622 5608 sciebat
1648 5544 1745 5606 virum
1771 5559 1843 5609 csse

95 5637 155 5694 tur:
170 5629 236 5694 lion
252 5629 321 5692 sinc
337 5636 429 5690 causo
447 5625 540 5688 timeo
552 5625 626 5687 mibi
641 5639 657 5684 a
673 5624 776 5705 lingua
791 5624 896 5701 iniqua
918 5629 949 5688 ct
992 5624 1105 5688 iustum
1121 5630 1152 5688 el
1165 5630 1315 5702 sanctum,
1331 5625 1422 5689 iussit
1437 5627 1549 5692 occidi:
1566 5635 1597 5692 el
1608 5625 1676 5690 sine
1691 5627 1843 5702 causasi-

95 5714 215 5792 dolosc,
232 5713 303 5794 gula
315 5717 376 5778 hm
391 5710 508 5793 gmudc
522 5709 636 5774 malum
651 5715 698 5773 eet
711 5708 865 5775 eiusmodi
888 5709 948 5774 lin·
992 5724 1033 5774 ne
1048 5708 1174 5787 iudicio,
1192 5715 1330 5790 tempore
1343 5709 1493 5778 solemnis
1507 5726 1645 5790 menae,
1668 5710 1704 5775 ud
1719 5712 1842 5793 petilio·
