4044 6256
178 313 184 326 ⁸
301 321 354 380 tuo
972 317 1058 377 vlla
1079 315 1108 374 S.
1127 313 1288 374 ebulliet

230 461 319 516 talam
335 469 422 516 meac
439 453 521 532 genti
534 454 734 516 calamitatem
749 453 869 530 poleos,
884 459 973 530 atquc
986 456 1087 530 sospi·
1134 449 1171 512 de
1196 457 1313 522 trunco,
1341 447 1465 526 quando
1480 461 1604 520 coenum
1621 463 1636 506 a
1663 457 1781 524 genere
1804 436 1908 518 regati
1922 435 1969 532 diri·

229 553 311 613 rans,
340 540 418 600 dixi:
446 538 471 600 0
498 537 676 602 caelestium
700 543 888 599 secretorum
913 537 1041 610 conscii,
1059 535 1085 598 si
1132 536 1266 611 surn‚'ad
1294 534 1374 595 atiud
1402 545 1505 594 semen
1523 532 1698 592 translatum
1716 533 1777 587 esi.
1794 521 1846 618 Ad
1864 530 1967 616 spanus

228 621 365 684 conversi
393 622 512 700 egerint
537 619 766 700 poenitentiam,
796 619 943 699 numquid
972 636 1030 681 non
1059 621 1082 682 i·
1133 621 1221 678 trium
1246 618 1386 694 iugerum
1402 614 1586 690 boeotomo
1611 619 1654 675 cst
1679 611 1867 702 separatio.
1897 622 1968 680 qorrr

226 712 356 848 gnoscat
371 703 503 782 Deus,et
515 705 669 777 relinquet
686 710 753 780 post
768 719 801 764 sc
817 702 1085 766 benedictionem?
1132 699 1220 761 trium
1239 699 1429 774 temporibus
1446 713 1561 774 regom,
1581 695 1661 758 nrrlla
1676 695 1732 754 luit
1748 704 1845 753 noers
1861 705 1929 750 oum
1940 707 1970 748 aa

250 789 416 850 ueniteotio
442 797 524 850 certe
552 787 696 864 prolatam
723 786 775 847 itui
805 803 857 848 ore
886 790 913 847 in
941 785 1085 850 Ninivitas
1131 777 1809 860 tiquesemineregaticoniunctimiiaraldos
1826 775 1972 866 ennimsar·

227 871 390 950 suspendit
417 871 617 947 senterrtiam;
649 885 727 946 quac
754 869 842 930 etiam
873 870 1084 936 imminentem
1130 867 1224 928 cessit
1239 866 1392 931 Eduardo.
1421 863 1607 926 Uritireinrus
1633 859 1775 928 liaraldo,
1794 855 1971 950 iisribetmrn

226 953 411 1031 impiissimo
426 954 530 1017 Acbolr
548 954 681 1014 debitam
699 953 818 1014 distulit
833 953 1082 1015 ultionent.Soa-
1131 949 1230 1012 iunior
1256 949 1346 1028 priori
1379 947 1560 1010 Uritiretmo.
1589 946 1728 1007 decessit
1756 947 1797 1003 ad
1830 939 1973 1034 roudrcen.

225 1037 308 1100 debo
324 1038 414 1116 igitur
431 1039 512 1115 genti
531 1053 628 1104 meae,
647 1043 678 1097 ot
693 1038 870 1116 poeniteant
886 1039 923 1100 de
940 1038 1083 1114 praeteri·
1130 1035 1253 1109 quando
1269 1031 1329 1094 Rex
1346 1031 1506 1095 Henricus.
1534 1034 1562 1088 in
1579 1044 1670 1106 qoem
1687 1033 1782 1089 toturn
1800 1038 1924 1099 regrum
1938 1023 1975 1082 dc

226 1122 278 1194 tis,
308 1127 338 1183 et
363 1126 489 1183 careant
514 1120 553 1182 de
580 1119 701 1188 luroris.
728 1129 757 1182 et
784 1121 859 1182 torte
888 1119 1084 1181 miserebitur
1129 1118 1452 1178 custransiosumest.
1468 1107 1977 1200 nullanecessitatccogenteaol-

225 1201 320 1280 Deos,
338 1211 369 1264 ot
387 1219 446 1265 noo
464 1203 590 1265 inducat
605 1219 699 1280 super
715 1219 769 1266 eos
786 1202 896 1265 rnrrlum
922 1206 980 1265 boc
996 1218 1083 1278 gran·
1131 1199 1157 1257 ir
1185 1215 1241 1276 spo
1264 1200 1340 1259 locri
1367 1203 1505 1276 urgente,
1524 1199 1579 1258 sed
1596 1212 1633 1257 cx
1650 1193 1750 1256 inioso
1769 1194 1798 1252 ei
1815 1187 1975 1284 ambrosei

225 1289 276 1351 de.
290 1285 346 1348 scd
359 1287 408 1362 qui
424 1288 533 1362 punire
550 1290 741 1364 praepararit
756 1303 892 1360 aversos,
909 1286 1036 1366 recipiat
1052 1289 1081 1346 in
1130 1281 1222 1360 lecto,
1253 1281 1419 1355 abneptem
1443 1281 1575 1342 Eduardi
1603 1276 1776 1339 liathitdam
1805 1275 1898 1335 duxit
1920 1289 1978 1333 uxo

225 1368 350 1447 gratiam
367 1369 455 1432 solita
473 1371 585 1448 pictate
602 1385 781 1432 conuersos.
1131 1381 1208 1440 rent,
1237 1381 1344 1427 senem
1370 1366 1487 1443 fesium
1513 1362 1783 1433 N⁰i¹tss³⁰⁰⁰i⁰ffl2
1815 1364 1849 1418 0¹
1877 1356 1976 1449 ᾸΨΒΙΟ·

265 1452 477 1530 Nequaquam,
494 1454 648 1529 inquiant,
666 1455 725 1515 boc
742 1457 809 1524 erit.
833 1453 976 1530 quoniam
995 1453 1081 1514 indu·
1131 1464 1195 1509 rum
1223 1450 1428 1527 coniungens.
1446 1453 1476 1508 et
1492 1444 1710 1508 interueniente
1728 1455 1825 1521 opere
1843 1455 1975 1516 conruga-

224 1541 321 1595 ratom
338 1544 387 1597 est
401 1554 454 1598 cor
480 1537 585 1615 popuii
604 1537 706 1612 liniue,
724 1545 754 1598 et
770 1539 924 1599 excoecati
942 1534 1035 1600 oculi,
1054 1543 1084 1598 et
1129 1530 1162 1599 li.
1180 1532 1219 1593 de
1233 1532 1354 1593 duobus
1371 1548 1476 1592 unuin.
1491 1531 1620 1592 iaciens.
1637 1527 1754 1590 Floruit
1773 1539 1854 1586 sono
1883 1523 1971 1616 arbor,

223 1620 1082 1700 auresaggravatae,utnecioteltigantcornmonenicm‚
1131 1615 1254 1691 quando
1277 1614 1315 1676 do
1339 1623 1468 1692 utroque
1492 1612 1610 1676 semine
1635 1610 1816 1706 imperatrix
1844 1605 1976 1668 llotbrlda

226 1717 283 1761 nec
305 1707 477 1766 terrcantur
494 1704 597 1778 minis,
616 1718 673 1764 nee
688 1701 851 1764 beneticiis
866 1710 1082 1782 provocentur.
1132 1700 1293 1773 processit.
1321 1697 1406 1759 Tuon
1433 1712 1503 1759 rero
1529 1697 1659 1757 trucium
1688 1693 1770 1764 iecit,
1796 1691 1925 1784 quaudo
1948 1705 1976 1749 nc

224 1781 278 1846 iiis
294 1799 398 1848 corum
415 1785 518 1848 rerbis
534 1786 605 1848 dum
623 1785 699 1848 mibi
713 1787 808 1849 maior
822 1795 1012 1850 accresceret
1025 1789 1084 1847 soi·
1130 1783 1194 1854 ipsa
1211 1779 1363 1843 ilenricos
1381 1783 1537 1856 exoriens,
1565 1779 1651 1856 quasi
1676 1774 1755 1852 lapis
1778 1773 1940 1852 anguinus
1953 1789 1975 1832 u·

222 1867 363 1940 iioitudu
393 1869 467 1945 dixi,
493 1869 569 1932 lium
596 1872 634 1931 ita
663 1872 692 1928 in
721 1877 901 1946 perpetuum
933 1873 1085 1932 irascetur
1131 1870 1272 1941 iramque
1289 1864 1435 1943 poputum
1452 1864 1617 1940 copulavit.
1634 1858 1834 1921 Habetnuno
1851 1859 1977 1918 certede

222 1947 321 2026 liene,
339 1960 368 2015 et
385 1968 446 2014 non
470 1961 605 2029 apponet
620 1959 652 2014 nt
667 1953 880 2030 complacitior
904 1953 943 2013 sit
958 1953 1085 2014 odiroei
1130 1963 1243 2024 genere
1261 1949 1425 2027 bogiorum
1442 1944 1549 2024 dngtia
1566 1945 1698 2022 Regem,
1716 1942 1811 2004 babet
1826 1941 1869 2002 de
1882 1940 1976 2036 eadem

223 2030 353 2104 Quando
371 2051 443 2110 ergo
461 2037 598 2097 tristibus
614 2036 692 2098 taeta
715 2038 895 2108 succedent,
912 2044 962 2096 aut
979 2044 1019 2096 tot
1032 2037 1082 2096 od·
1129 2037 1221 2108 gente
1236 2029 1406 2108 Episcopus
1418 2029 1603 2100 ctdbbales,
1619 2027 1792 2104 principes,
1810 2031 1842 2086 et
1860 2024 1976 2112 mrlrtcs.

223 2129 310 2178 versa
328 2119 428 2194 qualis
444 2119 612 2181 consolatio
629 2118 813 2198 temperabit
824 2119 840 2180 ‘i
851 2121 940 2198 quale
956 2134 1081 2195 speron·
1130 2130 1167 2175 ex
1184 2115 1346 2191 artriosquc
1362 2115 1490 2175 seminis
1512 2112 1730 2174 coniunctione
1747 2111 1940 2200 procreatos.
1955 2104 1977 2165 st

222 2199 293 2262 dom
312 2205 360 2263 est
375 2202 405 2261 in
422 2201 471 2262 his
487 2202 576 2264 malis
589 2204 772 2274 remedium,
788 2212 818 2263 ot
831 2206 909 2264 sicut
923 2204 1008 2264 iltioc
1026 2210 1083 2264 ter·
1129 2202 1229 2258 autem
1247 2196 1336 2257 alicui
1353 2196 1431 2258 traco
1453 2195 1646 2275 displicuerit
1662 2192 1829 2270 expositio,
1851 2197 1905 2250 aut
1922 2203 1977 2265 tpse

223 2287 279 2358 ret,
298 2289 327 2344 et
343 2285 503 2346 erratristat
520 2285 618 2347 tuturo
635 2285 805 2362 correptio:
823 2285 862 2346 ita
882 2287 931 2346 iric
947 2286 1082 2360 aliquan·
1130 2282 1216 2342 aliter
1242 2288 1385 2358 exponat,
1413 2283 1463 2340 aut
1489 2280 1571 2340 atiud
1600 2286 1733 2356 tempus,
1760 2291 1825 2354 qun
1842 2275 1922 2336 baec
1936 2285 1974 2332 ct·

222 2367 318 2427 totum
337 2368 470 2430 mulceat
485 2367 608 2431 dirinae
622 2367 829 2432 miserationis
846 2369 1023 2444 promissio.
1036 2369 1080 2431 Ad
1130 2366 1272 2441 pleaniur
1286 2369 1438 2442 expectet.
1871 2439 1878 2453 Ι

225 2449 301 2512 haee
316 2453 413 2512 sancti
436 2451 496 2512 tate
513 2454 587 2513 milri
604 2452 763 2530 problema
780 2458 967 2531 proponunt.
982 2453 1082 2515 Arbor
1172 2447 1280 2510 Sciens
1303 2447 1406 2524 itaque
1428 2445 1513 2523 ilex,
1537 2445 1606 2523 quia
1629 2443 1893 2522 appropinquant
1913 2442 1974 2536 bora

224 2533 381 2610 quaelibet
396 2532 503 2598 viridis
518 2553 534 2596 a
551 2551 607 2598 suo
620 2543 729 2597 trunco
745 2536 861 2608 deciso,
879 2536 915 2596 od
933 2535 1021 2597 iriour
1035 2535 1079 2598 iu·
1131 2529 1209 2604 eius,
1227 2536 1260 2590 ut
1274 2532 1418 2591 transiret
1434 2530 1472 2590 de
1489 2530 1548 2591 boe
1563 2527 1690 2601 mundo,
1707 2542 1799 2588 suum
1824 2531 1976 2586 transitum

222 2631 328 2695 gerum
347 2619 479 2696 spolium
497 2636 512 2678 a
531 2617 632 2681 radice
660 2621 782 2698 propria
808 2622 980 2696 separetur.
998 2619 1081 2695 Quao
1134 2629 1201 2675 onon
1218 2615 1247 2673 io
1265 2613 1392 2674 circuitu
1416 2611 1568 2692 propalari
1591 2611 1691 2686 iussit,
1715 2624 1755 2671 ne
1776 2611 1892 2672 mortis
1913 2623 1976 2669 suae

220 2715 289 2761 curn
306 2701 390 2762 nulla
409 2701 545 2763 hominis
568 2717 658 2764 mano
678 2703 824 2782 degente,
842 2700 923 2763 nulla
950 2710 1078 2780 urgente
1133 2696 1287 2775 agnitione
1301 2695 1434 2770 dilatata,
1449 2696 1619 2757 orationum
1633 2709 1757 2774 quoquc
1769 2689 1976 2770 suffragiadit·

220 2782 469 2861 necessitate,ad
483 2800 703 2847 suomrercrsa
715 2796 866 2856 truncum,
883 2787 912 2844 iu
927 2786 1081 2861 antiquam
1131 2779 1292 2842 icrrcniur.
1310 2777 1424 2856 Sicque
1438 2795 1546 2850 senex,
1564 2785 1594 2838 ct
1610 2778 1722 2854 plenos
1734 2775 1873 2844 dierum,
1888 2774 1977 2835 aelio

223 2864 360 2928 radicem
389 2861 642 2945 sese'recepcrit
671 2876 893 2944 resumptoque
908 2885 1003 2930 socco
1020 2887 1084 2931 rur·
1131 2879 1238 2924 notum
1255 2877 1381 2941 opetum
1399 2862 1536 2940 migravit
1548 2863 1584 2922 ud
1598 2858 1873 2923 Dominum-Obiit
1886 2865 1975 2918 tutem

221 2947 455 3026 sourdement,
473 2956 504 3010 et
517 2951 647 3013 trucium
665 2950 790 3026 iecerit;
806 2957 879 3012 tunc
894 2955 1082 3028 sperandum
1128 2963 1208 3007 euno
1224 2946 1342 3009 llomiai
1358 2947 1521 3007 millesimo
1534 2945 1726 3022 sexagesimo
1739 2952 1842 3019 sexto,
1856 2957 1924 3004 cunr
1936 2956 1976 3002 rc·

223 3038 270 3092 est
286 3031 411 3111 aliquod
429 3033 459 3094 io
475 3032 534 3093 hac
551 3035 747 3096 tribulatione
763 3034 918 3102 solatium.
936 3042 965 3096 et
981 3036 1018 3097 de
1032 3052 1079 3108 ea,
1128 3035 1255 3108 goassct
1269 3029 1476 3107 vigintitribos
1491 3030 1593 3105 annis,
1611 3027 1773 3088 mensibus
1789 3041 1858 3098 8⁰¹.
1877 3029 1906 3085 θῑ
1920 3023 1976 3086 die·

223 3129 313 3189 quam
343 3115 551 3192 praediximus
576 3117 757 3180 adversitate
782 3118 967 3179 remedium.
1001 3117 1082 3181 llaec
1128 3112 1187 3174 bus
1203 3109 1976 3192 otginrrseprempridienonaslaooarii.cunquo

220 3213 292 3270 can
311 3197 477 3269 dixissem,
496 3200 554 3276 rpsr
568 3201 668 3274 carro,
686 3200 772 3264 noers
790 3215 847 3279 ago
862 3201 1001 3263 recoctus
1013 3219 1081 3264 sam
1129 3200 1187 3258 tota
1206 3197 1318 3273 paam
1333 3196 1497 3273 lictorum
1511 3194 1640 3258 terrenas
1652 3193 1722 3268 carr,
1738 3192 1833 3274 pann
1845 3192 1976 3264 crearas,

220 3278 410 3344 desidebant
435 3283 569 3345 narranti
596 3283 746 3347 visionem
775 3282 900 3364 Regina.
930 3281 1083 3348 liebertus
1128 3279 1467 3359 rigoronmisintcriit.

222 3363 302 3427 socri
319 3363 422 3444 palatii
452 3373 567 3442 eustos,
595 3367 663 3431 Dux
678 3365 842 3440 Horridus,
859 3367 1033 3446 stigandus,
1053 3374 1083 3430 et
1168 3361 1348 3426 Contractus
1362 3363 1485 3441 quidam
1502 3361 1540 3424 od
1555 3361 1731 3438 sepulcrum
1748 3361 1819 3422 eius
1840 3359 1975 3438 veniens,

221 3449 273 3525 qoi
287 3448 428 3511 escendit
440 3449 543 3512 cobitc
556 3450 650 3529 patris
667 3453 726 3520 sui,
741 3456 769 3511 et
783 3450 943 3512 macularit
954 3457 1081 3513 stratum
1128 3446 1334 3508 membrorum
1352 3446 1513 3508 sanitatem
1530 3445 1648 3508 devotis
1663 3443 1822 3525 lacrymis.
1839 3450 1872 3506 et
1886 3448 1976 3524 preci·

221 3531 302 3607 eius,
329 3533 449 3595 rirente
476 3534 577 3595 adbuc
601 3533 734 3597 lieberto
749 3533 1004 3612 Archiepiscopo,
1033 3552 1080 3597 ca·
1128 3529 1189 3591 bus
1204 3530 1392 3609 postulabat.
1408 3529 1444 3590 iit
1460 3545 1535 3593 cuce
1550 3531 1595 3592 ris
1611 3531 1761 3607 quaedum
1785 3531 1909 3594 occulta
1933 3545 1976 3592 so·

221 3613 359 3679 thedcam
378 3614 631 3680 cantuariensem
649 3619 816 3692 invadens3
833 3617 872 3679 ob
887 3617 948 3679 lma
964 3635 980 3680 a
995 3619 1081 3680 Sum·
1127 3611 1192 3675 bito
1210 3629 1319 3677 necros
1335 3613 1483 3691 extendit,
1498 3615 1529 3676 in
1545 3613 1716 3676 naturalem
1739 3621 1854 3676 statum
1880 3628 1977 3690 crura,

223 3713 274 3761 nro
289 3698 436 3761 Pontidec
451 3714 626 3778 suspensus
641 3703 733 3778 poulo
756 3708 825 3778 post
847 3699 976 3778 crepuit,
994 3707 1024 3762 et
1038 3701 1081 3764 ei·
1127 3697 1467 3777 pedesqueretorqoet,
1492 3699 1669 3776 evolsisque
1691 3714 1707 3758 a
1729 3713 1823 3762 carne
1844 3695 1978 3758 articulis

223 3779 293 3843 tusa
308 3787 381 3844 sunt
397 3782 514 3844 viscora
528 3784 607 3847 eius.
623 3781 680 3845 ilic
692 3784 730 3846 ud
744 3799 848 3846 rocem
864 3782 1016 3847 narrantis
1027 3785 1081 3847 ob·
1126 3781 1255 3861 sanguis
1279 3781 1422 3863 profluit,
1450 3781 1659 3860 paulatimque
1686 3796 1781 3844 succo
1805 3785 1977 3860 resumpto,

224 3862 338 3938 duruit,
369 3879 427 3925 occ
451 3869 583 3929 terretur
608 3867 745 3940 oraculo,
773 3882 830 3928 uec
855 3866 947 3928 tidem
975 3867 1082 3929 babuit
1126 3862 1209 3926 arida
1228 3863 1312 3939 prius
1328 3881 1397 3928 ossa
1414 3865 1577 3942 pristinum
1593 3863 1866 3942 roborrcoipiunt.

225 3945 433 4023 prophetanti,
444 3945 610 4025 scdpotius
622 3964 729 4028 regem
741 3950 830 4011 senio
843 3951 1015 4011 coniectum
1029 3951 1080 4012 de·
1168 3946 1226 4009 Sex
1243 3963 1366 4024 quoquc
1382 3949 1480 4024 caeci,
1499 3965 1591 4009 onom
1608 3948 1800 4010 monoculum
1813 3944 1923 4012 secuti.
1938 3943 1979 4005 ad

220 4028 315 4091 lirare
331 4027 601 4114 submurmurans,
618 4033 720 4096 ridere
735 4031 839 4094 metuit
855 4048 945 4104 qoam
962 4033 1078 4112 lugere.
1126 4032 1303 4106 sepulcrum
1321 4033 1403 4110 regis
1418 4037 1636 4111 properantes,
1652 4046 1720 4092 curn
1738 4031 1817 4092 alter
1831 4029 1870 4090 ab
1885 4029 1981 4092 altero

220 4109 339 4174 coeteri
353 4128 425 4174 vcro
438 4114 551 4188 quibos
564 4130 653 4177 meus
666 4115 770 4177 sanior
782 4113 978 4177 occidebant
990 4117 1079 4178 otier-
1126 4111 1309 4187 traheretur,
1327 4124 1358 4175 ct
1374 4131 1454 4176 unus
1476 4113 1667 4194 praecedens
1689 4113 1812 4186 oculos,
1837 4111 1914 4174 airis
1935 4127 1982 4174 se·

220 4194 272 4256 tim
287 4202 317 4257 et
329 4195 537 4278 suspirabant,
552 4199 603 4276 qui
617 4198 694 4260 nibil
706 4213 798 4260 secus
814 4214 903 4276 quam
918 4199 984 4276 ipse
997 4198 1079 4261 dixe·
1126 4201 1206 4272 ptem
1231 4198 1374 4260 ducatum
1397 4198 1581 4276 praeberet3
1606 4202 1712 4258 sancto
1738 4213 1808 4258 corn
1838 4195 1981 4277 iacrymis

220 4284 277 4353 rat,
295 4285 345 4338 out
361 4295 375 4338 a
393 4279 618 4352 sacerdotibus.
632 4285 684 4344 aut
699 4297 715 4343 a
732 4281 923 4357 principibus
939 4281 1005 4343 deri
1019 4299 1078 4345 ooo
1126 4279 1281 4340 iniseriam
1298 4287 1467 4356 exponunt,
1492 4296 1581 4360 0me
1605 4277 1753 4358 flegitaot,
1778 4287 1891 4342 contra
1916 4279 1978 4342 dit·

219 4359 411 4440 ignorabant.
428 4360 557 4434 Quidam
582 4364 664 4426 enim
687 4363 887 4442 praemissam
905 4363 1078 4427 similitudi·
1126 4367 1232 4424 tornae
1247 4364 1387 4442 caliginis
1410 4363 1543 4426 taedium
1566 4361 1751 4426 sanctissimi
1776 4367 1865 4443 regis
1890 4360 1982 4440 depo·

218 4458 289 4505 nem
314 4443 419 4505 dicunt
447 4461 551 4522 regem
578 4464 634 4527 pro
657 4447 843 4524 impossibili
861 4450 1017 4521 statuisse,
1036 4449 1079 4512 illi
1124 4449 1216 4507 scunt
1230 4447 1388 4508 auxilium.
1405 4447 1465 4509 lieo
1480 4463 1575 4522 moro,
1593 4445 1673 4506 beati
1691 4446 1821 4518 meritis,
1837 4449 1871 4506 et
1886 4446 1982 4522 preci·

221 4528 362 4601 maximo,
381 4527 432 4604 qui
459 4535 551 4590 totam
579 4531 746 4609 bogiorum
762 4530 948 4592 nobilitatem
966 4532 1011 4592 sio
1026 4531 1077 4593 de·
1124 4527 1183 4588 bus
1197 4531 1308 4604 risurn,
1322 4530 1544 4606 oculorumque
1557 4527 1721 4593 claritatem
1736 4529 1911 4607 percipere
1925 4544 1982 4592 rue·

219 4612 341 4687 perisso
359 4609 517 4689 lugebant,
536 4619 568 4672 ut
581 4629 619 4675 ex
636 4630 670 4675 ea
687 4621 792 4691 genle,
808 4629 865 4674 nex
881 4612 955 4682 Rex,
974 4630 1031 4675 nec
1043 4615 1079 4675 li·
1124 4617 1262 4674 ruerunt.

221 4694 380 4770 piscopos,
400 4709 457 4755 nee
472 4693 590 4771 Abbas‚
609 4710 667 4758 nec
680 4695 827 4776 Princeps
842 4695 972 4772 quilibet
987 4697 1076 4759 rixin
1164 4693 1284 4758 Interea
1300 4695 1451 4758 Heroides
1474 4693 1555 4756 iiiios
1578 4693 1738 4766 Godurini,
1763 4709 1903 4774 regnum
1928 4711 1982 4758 nec

221 4775 329 4853 anglio
345 4783 534 4840 cerneretur.
550 4777 625 4840 llild
641 4795 716 4842 saue
733 4780 790 4840 atio
806 4795 894 4840 mens
906 4784 964 4846 est.
979 4782 1077 4840 consi·
1126 4778 1202 4848 iore,
1221 4795 1279 4840 nec
1296 4785 1402 4840 natura
1419 4776 1477 4840 sibi
1495 4777 1631 4840 debiturn
1656 4793 1823 4857 usurpouS,
1849 4780 1980 4854 matum,

220 4856 338 4918 deranti
354 4860 583 4923 sanctissimum
605 4863 704 4925 virum
716 4862 920 4932 Duostanum,
938 4863 1076 4938 etipsam
1124 4854 1204 4937 quod
1221 4861 1310 4940 Angli
1327 4861 1498 4922 secondum
1516 4863 1612 4922 sancti
1629 4861 1723 4938 iicgis
1738 4862 1907 4923 oracutum
1927 4861 1982 4924 lio·

220 4938 424 5003 calamitatem
443 4943 646 5019 praedixisse,
663 4952 694 5008 et
708 4944 952 5008 consolationem
966 4945 1078 5006 nibilo-
1125 4946 1226 5007 minus
1249 4949 1503 5024 praeparaverat.
1533 4945 1780 5024 transgressione
1803 4949 1890 5023 pacti
1916 4965 1983 5010 com

220 5021 323 5085 minos
348 5026 543 5102 promisisse.
569 5025 675 5091 Potest
688 5029 819 5107 proinde
835 5027 880 5088 sic
896 5042 956 5090 ooo
972 5027 1077 5089 incon·
1124 5023 1203 5089 duce
1219 5027 1404 5102 Uritbelmo,
1421 5034 1451 5090 et
1473 5025 1544 5087 ssdei
1568 5029 1708 5091 laesione
1729 5029 1935 5092 acceleravit.
1952 5029 1983 5092 llr

218 5104 380 5169 coniector
405 5109 530 5185 exponi.
546 5109 646 5173 Arbor
672 5111 749 5174 baec
763 5127 893 5189 regnum
911 5111 1075 5190 bogiorum
1123 5117 1222 5172 autern
1239 5110 1404 5173 attenuatis
1418 5109 1536 5172 uiribus
1547 5108 1667 5172 tacilios
1680 5111 1716 5172 ab
1730 5111 1792 5188 bis,
1807 5127 1893 5191 quos
1906 5114 1981 5175 inio-

217 5187 382 5267 signiiicai,
396 5191 541 5255 decorum
555 5193 665 5274 glorio,
680 5194 811 5262 deliciis.
828 5194 1003 5270 divitiisque
1016 5194 1077 5256 iuc—
1121 5200 1167 5254 ste
1183 5199 1409 5270 provocaverat,
1428 5193 1569 5254 hostibus
1592 5195 1791 5271 vinceretor3
1816 5197 1983 5259 suscitarit

217 5273 350 5334 cundum
367 5320 375 5348 ,
407 5276 589 5339 excelientia
618 5275 723 5356 regiae
750 5275 908 5355 dignitatis
930 5275 1074 5340 sublime.
1122 5276 1150 5338 ei
1166 5275 1248 5338 Deos
1264 5295 1279 5337 a
1297 5282 1382 5354 parte
1396 5275 1557 5353 Aquilonis
1570 5275 1724 5353 inimicos,
1739 5275 1865 5342 scilicet
1878 5279 1982 5344 Heroi-

217 5353 324 5428 itadix,
342 5372 379 5417 ex
395 5371 454 5433 quo
470 5365 550 5421 tolus
577 5360 677 5422 bonor
694 5361 752 5422 istc
776 5361 938 5437 processit,
956 5360 1073 5438 regium
1124 5362 1195 5420 dum
1208 5360 1321 5440 iirgem
1335 5357 1534 5438 tioruregiae,
1545 5367 1574 5419 ct
1586 5359 1721 5423 Tostium
1734 5359 1862 5423 tratrem
1877 5379 1981 5431 suurn.

217 5453 323 5500 semen
353 5438 420 5510 luit,
449 5441 531 5519 quod
548 5443 746 5519 obilircdo,
765 5445 816 5519 qui
834 5444 950 5518 primus
963 5443 1071 5520 ltnglo·
1127 5459 1216 5515 qoem
1233 5445 1271 5504 dc
1289 5444 1393 5520 lingtia
1410 5442 1579 5518 expulerat.
1603 5442 1671 5520 ipso
1694 5445 1813 5521 quippe
1839 5454 1981 5526 tempore

217 5537 282 5582 rum
299 5539 313 5580 a
331 5523 457 5587 Summo
472 5523 619 5589 Pontibus
631 5532 744 5589 unctus
757 5534 788 5588 et
800 5533 998 5587 consecratus
1013 5528 1074 5586 iue-
1121 5523 1214 5606 Regis
1230 5523 1363 5588 Eduardi
1381 5524 1521 5585 exulabat
1538 5527 1566 5586 io
1585 5525 1739 5590 Fiandria.
1757 5525 1793 5589 tlt
1819 5545 1895 5590 com
1923 5545 1981 5591 ma·

216 5609 261 5666 rat
276 5603 305 5663 io
321 5603 451 5684 Regem,
468 5615 550 5670 rectu
577 5609 789 5672 successionis
818 5609 898 5669 lineo
915 5623 1014 5686 usque
1036 5607 1073 5670 ad
1122 5624 1179 5686 gno
1195 5609 1296 5671 classe
1312 5623 1367 5686 per
1383 5607 1558 5670 llombriam
1572 5607 1742 5672 llborocum
1756 5621 1979 5689 properantes,

215 5692 356 5750 sanctum
371 5685 548 5757 Eduardurn
565 5689 739 5755 descondit.
754 5688 899 5755 Abscissa
923 5697 970 5752 est
985 5689 1075 5753 arbor
1121 5707 1190 5754 eum
1204 5691 1370 5756 exercitum
1382 5687 1691 5756 itortbumbrensiuur
1703 5691 1822 5774 praelio
1836 5695 1980 5778 excepte
