4086 6258
316 301 370 363 att
919 305 966 362 Dii
985 301 1123 366 oelttrtt
1143 303 1340 368 COBUMBAE

245 437 403 516 loquitur:
427 439 499 518 Res,
513 457 594 520 quos
608 441 1029 522 cltpoiauperobundonter
1043 441 1099 505 lto·
1141 441 1262 523 cipuam
1275 454 1399 508 oausam
1416 459 1469 506 cur
1482 447 1542 506 tam
1554 441 1641 506 multi
1654 453 1809 520 pauperes
1823 439 1939 506 misere
1952 456 2010 521 pe·

247 521 344 600 beat,
369 539 412 587 eac
432 528 581 590 maturati
593 528 665 589 iure
679 524 836 588 debeatur
847 542 1031 607 pauperum
1046 543 1097 589 su·
1139 530 1398 607 reanteesequta
1413 543 1476 590 non
1493 525 1651 590 confidunt
1667 526 1697 586 in
1712 524 1789 602 ileo,
1802 525 1858 588 sed
1873 526 1905 588 in
1919 533 2011 588 astu-

245 604 448 672 clamationi.
462 609 538 671 ltem
553 609 641 671 intra:
659 609 826 682 Dominus,
842 611 950 688 inquit,
968 625 1036 672 noe
1048 627 1098 674 so·
1139 611 1179 674 tia
1192 611 1379 676 ausimum
1392 628 1452 675 nou
1465 611 1534 675 ideo
1547 611 1678 673 iraterna
1691 609 1826 672 ebaritas
1838 609 2011 673 continere

242 689 311 754 lem
322 693 483 756 decimum
492 702 628 772 purtem.
642 694 699 756 sed
710 696 823 756 emmiu
834 693 1002 778 superfluo
1014 711 1097 771 pou·
1140 694 1234 758 debet
1248 703 1299 758 aut
1323 713 1433 760 manus
1448 713 1464 758 a
1489 695 1649 775 largiendo
1664 693 1778 772 quibus
1793 699 1897 771 potest
1912 741 1920 768 ‚
1950 698 2011 756 aut

240 777 373 855 peribus
387 778 473 840 iubet
487 777 643 840 celibem.
660 777 800 856 Ilauique
816 778 847 840 in
870 783 1009 854 quartam
1026 795 1097 840 sen·
1139 781 1248 844 oculos
1262 797 1277 842 a
1292 781 1437 863 lacrymis
1451 781 1530 859 apud
1546 778 1645 841 Deum
1661 776 1840 872 tondendis,
1859 793 1916 857 pro
1935 778 2009 856 qui·

243 863 416 932 lentiorem,
433 863 510 944 banc
526 863 655 934 eandem
672 876 743 922 esse
758 867 885 922 testatur
900 877 1096 928 communem
1139 864 1198 926 bus
1215 881 1274 927 nou
1291 871 1403 944 potest:
1419 873 1500 926 tanto
1511 865 1593 926 enim
1607 863 1704 941 magis
1721 860 1886 924 multitudo
1902 877 2013 938 prope

242 943 468 1025 Theologorum
484 943 681 1006 seutentiam.
695 945 775 1008 llaec
791 945 927 1006 breviter
941 945 1096 1009 adducere
1139 946 1257 1010 inlicite
1270 948 1482 1012 mendicorum
1497 943 1707 1010 misericordia
1719 944 2010 1024 diguaest‚quante

241 1028 357 1104 placuit
371 1045 408 1090 ex
423 1027 563 1091 doctrina
577 1032 764 1102 sanctorem,
787 1027 1099 1108 doctissimorumque
1140 1031 1263 1110 plurimi
1287 1049 1394 1096 eorum
1422 1048 1482 1094 non
1506 1033 1606 1094 solum
1630 1028 1772 1091 laborant
1786 1031 1921 1106 penuria
1940 1046 2011 1091 cor·

241 1110 382 1180 Patrem,
411 1129 449 1172 ne
466 1113 536 1190 quis
552 1111 761 1187 existimaret,
786 1129 834 1173 me
859 1112 950 1173 nimis
966 1114 1093 1194 regida,
1140 1116 1291 1193 puralium
1308 1117 1474 1189 bonorum,
1490 1117 1545 1177 sed
1562 1115 1652 1176 etiam
1669 1112 1798 1192 penuria
1820 1111 1908 1188 fidei,
1928 1119 1962 1174 et
1976 1111 2010 1174 ii·

240 1211 277 1256 ac
292 1210 399 1258 serere
425 1196 464 1257 de
479 1194 744 1258 communicandis
766 1196 878 1275 opibus
894 1213 963 1258 cum
980 1215 1097 1278 paupe·
1139 1199 1262 1272 duciae,
1280 1207 1310 1262 ct
1325 1199 1513 1280 cognitionis
1530 1199 1596 1274 liei,
1611 1197 1706 1258 Patris
1718 1196 1839 1274 optimi,
1855 1203 2010 1259 etaman·

240 1277 325 1342 ribus
340 1294 410 1340 esse
427 1279 575 1340 locutum.
1138 1281 1264 1358 tissimi,
1278 1290 1308 1346 et
1321 1283 1590 1363 sapientissimi‚et
1604 1281 1912 1363 omnipotentissimi,
1929 1281 2011 1343 baec

176 1417 180 1424 .
280 1360 340 1424 Sed
354 1378 415 1423 uon
433 1363 534 1424 minus
550 1378 704 1440 pauperes
730 1363 788 1442 ipsi
806 1379 900 1441 saepe
916 1379 1005 1426 causa
1023 1373 1099 1428 sunt
1141 1369 1224 1428 enim
1238 1367 1522 1446 spiritualisinopia
1536 1367 1629 1446 digna
1641 1364 1846 1444 estlaorgmis
1861 1381 2011 1443 compas-

239 1447 384 1523 egestatis
400 1461 486 1520 suae,
504 1452 534 1508 et
556 1463 705 1523 suorum,
734 1446 814 1524 quod
832 1449 914 1508 enim
939 1451 1096 1512 lucrantur
1140 1449 1251 1528 sionis,
1268 1452 1501 1531 multomagis,
1520 1467 1611 1530 quarn
1626 1450 1728 1511 omnis
1743 1463 1865 1510 summa
1880 1497 1888 1525 ,
1906 1455 1940 1512 et
1958 1464 2010 1512 ex·

237 1543 294 1605 per
310 1528 533 1591 hebdomadam
556 1530 725 1592 laborando
749 1531 912 1606 manibus,
941 1535 1095 1596 interdum
1140 1540 1237 1596 trema
1254 1536 1438 1598 mendicitas
1454 1534 1638 1612 corporalis.

239 1610 325 1674 lestis
339 1612 448 1676 diebus
461 1617 555 1675 totum
569 1621 754 1675 consumunt
766 1615 948 1686 ludendo,et
959 1615 1096 1680 bibendo
1182 1617 1287 1681 Restat
1304 1621 1426 1682 miseria
1443 1618 1543 1692 tertia,
1567 1632 1647 1695 quae
1663 1622 1711 1678 est
1725 1613 1860 1677 abiectio
1875 1616 2009 1679 servitu·

237 1694 269 1756 in
284 1695 431 1758 tabernis.
448 1696 578 1768 Deinde,
595 1699 681 1775 quasi
709 1697 822 1775 pudeat
837 1713 890 1758 cus
908 1699 1096 1765 conditionis
1141 1702 1191 1775 tis,
1212 1705 1393 1779 praesertim
1410 1701 1473 1776 illa,
1498 1717 1577 1782 quae
1594 1705 1642 1764 est
1658 1698 1906 1778 mancipiorum,
1925 1717 2007 1778 quae

237 1793 325 1852 suae,
342 1785 372 1840 et
386 1780 593 1859 dedignentur
609 1779 761 1842 Christum
776 1797 945 1860 pauperem
967 1783 1092 1862 imitari,
1140 1801 1247 1863 parum
1266 1787 1414 1851 dillerunt
1429 1805 1446 1849 a
1462 1785 1621 1850 iumentis.
1638 1782 1746 1847 Omnis
1762 1783 1891 1862 quidem
1908 1785 2009 1846 serri-

239 1862 290 1940 qui
306 1869 437 1942 propter
451 1879 510 1926 nes
526 1879 645 1944 egenus
660 1863 764 1941 sectans
781 1873 835 1940 est,
853 1881 928 1926 cum
953 1875 1031 1928 esset
1047 1870 1094 1931 di·
1142 1875 1191 1930 tus
1210 1870 1398 1934 miserabilis
1414 1877 1472 1947 est,
1491 1887 1561 1931 curn
1577 1868 1679 1930 ournis
1695 1868 1788 1929 bomo
1804 1875 1954 1930 nascetur
1970 1868 2003 1928 li·

236 1961 310 2020 oes;
334 1948 484 2024 coniuges
499 1963 571 2009 suas
593 1947 702 2009 sericis
725 1947 862 2009 restibus
889 1949 1039 2021 induunt,
1066 1957 1096 2014 et
1140 1952 1210 2031 ber,
1229 1961 1260 2016 et
1273 1955 1448 2018 libertatem
1466 1955 1560 2017 rebus
1575 1950 1722 2014 omnibus
1736 1957 1928 2030 anteponat:
1953 1953 2007 2014 sed

237 2030 318 2107 quod
334 2031 408 2092 satis
423 2047 493 2092 esse
510 2029 662 2108 potuisset
677 2031 768 2092 victui
786 2033 953 2104 moderato,
977 2043 1006 2094 et
1021 2037 1095 2094 sim·
1138 2039 1466 2118 mancipiorumquae
1483 2039 1668 2099 damnantur
1679 2037 1717 2096 ad
1729 2035 1886 2112 triremeS,
1903 2036 1957 2099 rel
1970 2035 2005 2098 ad

235 2113 309 2192 plici
323 2113 557 2184 amictui‚tntum
571 2114 765 2175 eonsumitur
780 2115 810 2176 in
825 2115 964 2177 restibus
981 2120 1094 2196 pretin-
1139 2122 1273 2194 metalla,
1290 2123 1338 2185 rel
1354 2124 1391 2186 ad
1409 2121 1519 2183 molam
1536 2120 1726 2195 vertendam,
1743 2119 1791 2181 rel
1807 2119 1846 2180 ad
1864 2135 2006 2200 pugnau-

237 2196 293 2262 sis.
311 2202 341 2258 et
355 2197 559 2258 «retentatione
576 2195 752 2260 vanissima.
1136 2205 1212 2265 dum
1230 2208 1267 2267 ad
1286 2206 1425 2278 bestias,
1451 2206 1497 2268 rel
1514 2207 1550 2266 ad
1567 2203 1645 2265 alios
1661 2202 1801 2266 eiusdem
1817 2204 1952 2283 generis
1967 2204 2006 2266 la·

277 2277 337 2342 Sed
353 2295 444 2341 causa
461 2283 626 2358 praecipua
643 2298 699 2342 eur
712 2281 797 2343 multi
815 2299 968 2361 pauperes
984 2285 1092 2346 misera
1140 2288 1246 2363 bores,
1264 2289 1385 2354 infinita
1402 2288 1626 2369 propemodum
1645 2286 1765 2350 miseria
1782 2296 1854 2349 est:
1873 2303 1948 2348 uam
1964 2286 2006 2350 iu-

235 2363 421 2426 neaassitate
435 2362 647 2437 conficiantur,
666 2371 694 2426 et
711 2367 796 2426 multi
819 2367 927 2427 divites
944 2369 1093 2444 pecunias
1142 2379 1206 2448 star
1225 2375 1431 2437 iumentorum
1448 2375 1531 2436 omni
1547 2371 1707 2450 requie,ac
1721 2370 1887 2450 reirigerio
1903 2381 2009 2434 carent

235 2462 307 2508 suas
323 2447 501 2520 recondant,
520 2447 670 2507 etmalint
685 2447 785 2518 lame,
813 2451 926 2528 sitique
949 2453 1091 2528 cruciari,
1138 2461 1169 2516 et
1189 2455 1226 2520 ad
1246 2459 1424 2528 continuos,
1443 2457 1707 2535 gravissimosque
1731 2452 1854 2517 labores
1869 2455 2008 2517 verberi-

236 2545 328 2606 quam
344 2531 501 2591 cumulum
519 2531 718 2606 pecuniarum
736 2531 932 2608 diminuere,
961 2534 1009 2595 illa
1034 2543 1091 2608 est,
1137 2539 1198 2602 bus
1212 2539 1828 2620 adiguntnr3etiuterimpascuut'urpane
1840 2539 2008 2617 angustiae

235 2613 306 2690 quia
324 2629 383 2674 uun
401 2611 560 2675 cenddunt
576 2615 605 2674 in
627 2613 781 2688 Domino,
809 2617 859 2692 nui
887 2617 975 2680 diues
990 2623 1035 2680 cat
1055 2619 1094 2680 iu
1139 2629 1169 2686 et
1185 2641 1262 2702 aqua
1280 2625 1513 2700 tribulationis3
1536 2643 1572 2686 ac
1595 2627 1719 2685 demum
1742 2622 1845 2682 adbuc
1866 2624 2008 2685 virentes

232 2697 474 2760 misericordie.
486 2697 524 2759 Ει
537 2712 607 2759 rere
619 2699 759 2760 mirabile
772 2706 830 2774 est,
843 2702 925 2777 quod
942 2699 1093 2766 Dominus
1138 2709 1295 2786 quandam
1313 2711 1403 2786 quasi
1421 2708 1610 2789 gehennam,
1629 2721 1690 2768 non
1706 2704 1788 2786 apud
1804 2705 1938 2781 interos,
1955 2709 2007 2768 aed

232 2779 314 2858 apud
328 2779 713 2852 Matthaeumcertissimis
726 2792 756 2844 et
771 2781 952 2846 clarissimis
968 2786 1093 2846 rationi·
1138 2791 1220 2868 apud
1237 2809 1370 2871 superos
1388 2793 1557 2872 patiuntur.
1575 2791 1613 2852 Ει
1636 2797 1739 2850 tamen
1761 2790 1908 2851 homiues
1923 2796 2007 2864 sunt,

232 2862 315 2942 ΜΞ,
343 2869 374 2925 ii
387 2863 643 2928 similitudinibus
669 2865 900 2939 i0ffl⁰nsit³lib
926 2867 989 2930 Deo
1011 2868 1091 2931 Patri
1136 2883 1166 2936 et
1180 2891 1277 2952 saepe
1293 2877 1413 2939 innoxii
1430 2883 1514 2950 sunt,
1530 2881 1561 2937 et
1578 2872 1678 2936 noxiis
1700 2881 1802 2934 tamea
1818 2873 1941 2934 sarrire
1958 2891 2006 2936 ee

232 2961 337 3010 curam
352 2963 424 3010 esse
439 2949 478 3010 de
493 2948 595 3020 nubis,
613 2955 643 3008 et
659 2947 735 3010 nibil
763 2949 853 3011 nobis
869 2967 971 3027 neque
987 2951 1024 3012 ad
1049 2953 1089 3012 vi·
1136 2958 1354 3038 guntur.Gerte
1370 2961 1484 3039 siquis
1500 2958 1613 3021 mentis
1628 2954 1878 3019 consideratione
1895 2955 2004 3020 orbem

232 3036 327 3107 ctum,
343 3033 498 3111 nequead
517 3033 658 3092 restitum
675 3047 768 3105 posse
783 3032 929 3109 delicere,
943 3035 979 3112 ,si
997 3035 1091 3096 centl-

230 3115 339 3178 damus
355 3115 384 3175 in
402 3131 451 3192 eo,
465 3122 496 3176 et
507 3119 609 3176 tamen
623 3125 682 3176 tam
696 3117 803 3193 paucis
815 3119 1092 3198 persuaseritqut-

230 3197 289 3259 bus
305 3199 446 3277 dogmata
462 3198 632 3273 altissime,
661 3207 691 3258 et
713 3197 900 3262 delllcillima
924 3203 1092 3280 persuasit.

230 3280 307 3354 Quid
324 3281 452 3353 certius,
466 3289 517 3342 aut
534 3281 708 3344 evidentius
724 3291 904 3362 argumento
921 3285 972 3348 illo
987 3285 1091 3347 Domi·

229 3363 273 3438 ni,
291 3363 322 3432 Si
336 3364 421 3427 Deus
440 3366 538 3442 pascit
554 3365 686 3428 rntatttta
703 3369 780 3427 caeli
797 3384 877 3445 quae
894 3385 954 3430 non
972 3376 1091 3445 serunt,

231 3464 333 3524 neque
350 3454 478 3522 metunt,
496 3454 526 3511 et
542 3451 629 3512 restit
646 3447 708 3510 litia
725 3449 807 3530 agri,
835 3467 913 3530 quae
929 3467 991 3514 non
1007 3453 1092 3515 labo·

230 3539 319 3600 rant,
348 3539 558 3610 nequenent:
582 3533 738 3611 quomodo
761 3548 822 3594 uon
846 3537 943 3615 magis
959 3537 1091 3597 bomini-

230 3613 289 3678 bus
305 3614 379 3692 illis,
396 3632 476 3692 quos
492 3619 529 3676 ad
547 3615 713 3696 imaginem
736 3633 822 3679 suam
840 3620 966 3692 crearit,
983 3630 1013 3682 et
1036 3635 1092 3698 per

228 3696 375 3776 Spiritum
393 3704 532 3761 sanctum
546 3699 577 3760 in
594 3697 676 3761 illins
692 3699 857 3778 adoptarit,
875 3703 980 3765 omnia
995 3703 1032 3763 ad
1048 3705 1091 3765 vi-

227 3785 299 3853 tam,
316 3789 345 3841 et
361 3782 486 3846 rictum.
503 3787 594 3862 atque
610 3781 755 3844 amictum
772 3788 946 3848 necessaria
973 3803 1087 3864 suppe-

229 3862 366 3925 ditabit?
390 3865 425 3926 ιιι
439 3867 466 3926 si
480 3863 564 3928 Deus
584 3866 653 3928 istis
668 3865 807 3946 Regnum
831 3870 986 3930 caelorum
1003 3887 1089 3948 prae·

227 3948 366 4026 pararit,
394 3950 549 4027 quomodo
576 3949 700 4010 interim
731 3953 906 4013 neccssaria
933 3958 970 4015 ad
998 3956 1089 4014 vitam

228 4031 456 4110 transigendam
474 4031 640 4112 denegabit
657 4031 674 4092 i
690 4031 829 4112 lienique
862 4036 971 4099 veritas
986 4039 1090 4113 explo-

223 4121 288 4176 rata
303 4123 362 4191 est,
381 4131 473 4192 posse
485 4115 582 4178 Deum
600 4117 625 4176 si
641 4116 726 4190 velit,
743 4116 776 4178 in
793 4127 948 4182 momento
965 4137 1026 4180 non
1040 4137 1090 4182 so*

224 4198 287 4258 lum
306 4203 480 4260 necessaria
504 4201 686 4276 providere,
711 4203 766 4260 sed
791 4201 881 4262 etiarn
899 4205 1089 4276 locupletare

226 4282 425 4342 mendicum:
445 4283 473 4342 id
491 4283 572 4344 enim
590 4283 715 4346 disertis
730 4285 833 4346 verbis
851 4287 942 4349 docet
958 4287 1090 4362 Spiritus

224 4381 251 4426 s.
268 4380 325 4443 per
339 4363 606 4436 Ecclesiastieum,
622 4384 690 4426 cum
708 4369 761 4428 ait:
778 4366 886 4430 Facile
903 4377 947 4433 est
963 4373 999 4434 ita
1016 4386 1091 4432 oou·

140 4465 144 4476 ·
224 4449 264 4510 iis
279 4447 456 4511 Deisnbito
473 4449 645 4511 ltonestnre
660 4467 853 4528 portaerem.
877 4453 933 4516 libi
959 4471 1013 4528 per
1035 4454 1090 4514 lto·

223 4537 375 4602 nestore,
399 4533 602 4608 intelligitur,
629 4535 842 4610 locupletare,
872 4543 903 4598 ιιι
919 4539 1011 4598 babet
1033 4553 1090 4598 vox

225 4613 344 4676 Greca:
370 4631 438 4675 nam
456 4617 487 4675 iu
503 4618 611 4678 eodem
629 4634 697 4694 cap.
716 4617 871 4696 legimus,
899 4637 915 4682 a
934 4621 995 4682 ileu
1019 4637 1090 4682 esse

227 4697 327 4768 ritum,
345 4701 375 4760 et
388 4705 530 4770 mortem,
548 4699 677 4771 bonum,
695 4708 725 4759 et
741 4703 866 4776 uratum,
882 4703 1087 4775 honestatem,

226 4786 256 4840 et
271 4789 500 4862 perapertatem3
524 4781 575 4844 ubi
592 4792 792 4862 opponuntur
805 4793 956 4862 tamquam
973 4795 1090 4850 contra·

1137 3048 1287 3105 terrarum
1301 3045 1433 3106 lustrare
1449 3043 1603 3118 voluerit,
1628 3049 1658 3104 et
1681 3045 1797 3102 attente
1816 3045 1876 3099 tam
1896 3041 2006 3103 intole-

1137 3124 1266 3187 rabilem
1283 3126 1495 3190 infelicitatem
1512 3126 1638 3188 lratrnm
1654 3139 1782 3184 suorum
1799 3125 2002 3200 perpendere

1136 3207 1287 3288 eoeperit,
1306 3227 1367 3274 uon
1385 3211 1507 3290 poterit,
1524 3209 1646 3272 etiarnsi
1672 3206 1824 3278 vuluerit,
1850 3206 2006 3287 lacrymas

1137 3294 1309 3374 continere3
1326 3295 1382 3357 sed
1398 3313 1457 3357 nce
1473 3295 1551 3356 velle
1574 3292 1724 3380 debebit,
1749 3289 1775 3350 si
1799 3288 1871 3366 pius
1894 3292 1959 3365 sit,
1978 3300 2006 3352 et

1137 3379 1293 3439 cummuni
1315 3377 1448 3441 Domino
1470 3384 1531 3440 iam
1555 3378 1714 3455 ingentem
1743 3388 1951 3446 aerumnam,
1974 3383 2003 3434 et

1136 3461 1341 3526 calamitatem
1358 3465 1590 3535 commendare,
1608 3468 1640 3523 et
1654 3455 1840 3520 sacrificium
1858 3471 2005 3535 eompas-

1136 3543 1234 3607 sionis
1250 3545 1410 3607 immolare
1424 3544 1567 3608 veluerit.

1178 3625 1275 3690 Venio
1291 3645 1375 3691 nune
1392 3630 1429 3690 ed
1446 3630 1523 3691 alias
1550 3635 1613 3690 tres
1639 3639 1803 3686 aerumnas
1830 3624 2003 3716 contrarias

1136 3712 1366 3789 superioribus,
1385 3713 1592 3774 ualetudinem
1609 3710 1736 3784 bonam,
1760 3705 1936 3769 divitiarum
1953 3725 2000 3771 co

1137 3793 1241 3870 piam,
1259 3801 1290 3857 et
1306 3796 1427 3876 imperii
1445 3801 1643 3874 potestatem.
1660 3791 1697 3852 lit
1712 3790 1837 3867 quidem
1862 3806 1929 3854 non
1945 3809 2004 3854 am·

1134 3876 1211 3954 bigo
1229 3880 1286 3940 tria
1302 3879 1359 3941 ista
1379 3927 1387 3954 ,
1405 3879 1484 3941 bona
1501 3895 1572 3940 esse
1587 3927 1595 3954 ,
1613 3876 1694 3938 addo
1719 3875 1810 3935 etiam
1835 3889 1912 3936 esse
1927 3876 2002 3938 dour

1134 3959 1191 4020 Dei
1209 3969 1239 4023 et
1254 3979 1347 4039 posse
1365 3980 1433 4024 cnm
1452 3964 1566 4040 pietate
1582 3960 1768 4032 consistere,
1785 3965 1817 4018 et
1829 3959 1871 4018 ad
1888 3960 2002 4036 sempi-

1135 4048 1221 4104 terna
1242 4045 1321 4106 buna
1347 4046 1550 4122 promerenda
1569 4045 1654 4125 utilia
1671 4057 1742 4104 esse
1759 4057 1854 4117 posse
1872 4057 1936 4103 non
1955 4061 2004 4105 ne-

1135 4127 1249 4205 gesna
1268 4145 1302 4190 ea
1317 4128 1355 4189 de
1370 4145 1461 4190 eausa
1476 4131 1557 4190 inter
1569 4127 1711 4202 miserias
1727 4127 1923 4186 numeranda
1937 4143 2006 4190 esse

1137 4211 1257 4274 censui.
1274 4217 1305 4272 et
1322 4211 1465 4274 miserias
1483 4212 1580 4275 tribus
1599 4207 1818 4290 superioribus
1834 4211 2005 4288 graviores,

1136 4299 1166 4354 ci
1181 4299 1312 4358 maiores
1329 4295 1480 4357 affirmare
1497 4313 1558 4357 non
1573 4297 1657 4357 timui
1674 4309 1732 4354 nec
1745 4293 2005 4369 time03quoniam

1136 4377 1172 4437 ad
1190 4379 1280 4438 vitam
1298 4387 1453 4440 aeternam
1469 4429 1476 4452 ,
1495 4397 1573 4446 uuae
1590 4393 1744 4441 summum
1761 4375 1878 4436 bonum
1897 4385 1959 4442 cst.
1979 4387 2006 4439 et

1137 4458 1207 4520 linis
1222 4461 1259 4524 ad
1278 4479 1370 4540 quem
1385 4465 1476 4524 creati
1495 4479 1615 4535 suanus,
1633 4459 1846 4527 obtinendam,
1872 4465 1903 4518 et
1920 4477 2005 4524 asse·

1137 4547 1304 4618 quendam,
1324 4549 1420 4624 magis
1436 4546 1564 4624 impedit
1584 4546 1749 4621 aliquando
1766 4544 1895 4611 sanitas,
1912 4561 2003 4618 quam

1137 4630 1316 4704 aegrotatio,
1336 4629 1459 4690 divitiae
1476 4647 1566 4708 utram
1585 4633 1720 4709 egestas,
1738 4630 1769 4687 et
1783 4624 1899 4702 imperi
1920 4635 2004 4704 pete·

1137 4717 1222 4783 stas,
1248 4728 1338 4789 quam
1357 4715 1513 4775 servitutis
1537 4714 1684 4775 abiectio.
1709 4701 1823 4771 Conlcr
1837 4711 2004 4772 sanitatem

1137 4809 1206 4853 cum
1224 4796 1446 4874 aegrotatione.
1471 4797 1529 4874 Qui
1553 4799 1633 4858 berte
1650 4793 1729 4854 ualet
1744 4838 1751 4864 ‚
1769 4807 1837 4852 raro
1862 4797 2006 4856 meminit

226 4863 271 4924 ria
288 4864 446 4942 honestas,
464 4874 494 4926 et
512 4874 687 4948 paupertas,
707 4873 738 4925 ιιι
753 4870 823 4936 rita,
841 4877 871 4929 et
885 4887 981 4945 mors,
996 4879 1025 4931 et
1039 4873 1091 4932 bo·
1139 4875 1261 4940 Dcnrini
1286 4878 1357 4956 sui,
1376 4887 1407 4939 nt
1423 4897 1484 4958 quo
1502 4897 1561 4941 non
1586 4879 1717 4942 multum
1740 4890 1834 4954 egere
1857 4874 2005 4953 ridetur,

227 4961 323 5022 num,
352 4956 381 5008 et
397 4950 523 5011 malum.
541 4948 758 5028 significantur
780 4959 881 5014 autem
898 4953 1020 5016 divitiae
1038 4970 1089 5016 no·
1140 4970 1298 5040 promptus
1313 4972 1360 5023 est
1376 4962 1413 5023 ad
1432 4971 1570 5042 peecata,
1587 4960 1767 5041 praesertim
1785 4957 1923 5021 earnalia
1938 4977 2006 5038 per·

229 5029 312 5091 mine
329 5031 510 5104 honestatis,
529 5035 598 5110 arria
616 5033 820 5113 honoratum,
845 5043 875 5098 et
891 5037 1090 5113 splendidum
1139 5047 1300 5122 patranda3
1318 5047 1443 5121 exultat,
1460 5046 1538 5108 ludit
1553 5095 1560 5119 ,
1578 5049 1708 5116 iocatur,
1733 5042 1890 5117 tripudiat,
1910 5045 2004 5106 dulce

227 5111 345 5175 iaciunt
371 5115 526 5177 bominem
550 5117 691 5192 divitiae3
716 5119 829 5194 vilem,
857 5129 886 5182 et
908 5121 1090 5200 despectum
1138 5127 1181 5187 illi
1200 5136 1247 5188 est
1264 5131 1430 5190 comedere
1446 5177 1453 5200 ,
1468 5129 1599 5198 bibere,
1623 5139 1654 5193 et
1670 5129 1825 5201 dormire3
1842 5142 1949 5204 grave,
1975 5135 2005 5190 et

229 5195 344 5272 inopia.
372 5195 501 5260 iltrrsum
524 5199 634 5261 ueritas
650 5202 805 5276 explorata
822 5211 881 5281 est,
899 5207 975 5269 telle
992 5205 1090 5266 ileum
1139 5227 1276 5273 amarum
1293 5229 1394 5283 orare,
1410 5213 1566 5288 ieiunare,
1578 5207 1607 5276 et
1624 5213 1763 5292 vigilare:
1776 5214 1884 5270 contra
1896 5225 2007 5289 aegro·

228 5281 338 5342 amieis
354 5281 421 5342 suis
436 5280 467 5341 in
491 5297 524 5344 se
547 5281 775 5347 conlidentibus
791 5289 897 5350 saltem
915 5288 1091 5352 neccssaria
1139 5300 1200 5366 tus,
1218 5295 1272 5372 qui
1288 5297 1335 5358 rel
1350 5297 1509 5358 decumbit
1523 5297 1554 5358 in
1572 5298 1653 5360 lecto
1669 5293 1795 5366 debilis,
1820 5297 1851 5352 et
1867 5294 2003 5366 uolens,

227 5365 410 5442 providere,
427 5381 495 5424 cum
522 5367 668 5434 scriptum
685 5371 723 5430 sit
741 5389 749 5432 ε
772 5371 843 5434 Non
859 5379 903 5434 est
918 5375 1034 5451 inopia
1049 5373 1086 5434 tt·
1133 5377 1180 5437 rel
1199 5395 1268 5439 enm
1287 5379 1448 5440 doloribus
1464 5428 1472 5452 ,
1497 5388 1527 5441 et
1544 5380 1736 5444 moeroribus
1754 5379 1911 5448 luctatur,
1938 5395 1999 5438 nun

226 5448 389 5511 arentibus
404 5464 489 5521 eum,
507 5457 548 5524 et,
565 5449 635 5513 Nutt
647 5454 718 5516 aidi
732 5455 855 5518 irtstttm
871 5457 1085 5525 derelictum.
1133 5461 1247 5540 cogitat
1269 5461 1307 5523 de
1331 5463 1561 5542 voluptatibus,
1591 5481 1692 5542 neque
1718 5461 1759 5523 do
1785 5459 1949 5535 conviviis,
1970 5479 2005 5523 ac

226 5547 287 5593 aec
301 5547 412 5602 semen
426 5533 495 5595 cirta
511 5548 671 5612 quaereas
684 5537 1086 5620 ponem‚et‚Scitote,quie
1135 5546 1230 5608 multe
1248 5548 1350 5607 rninns
1367 5546 1405 5607 de
1423 5547 1516 5622 ludis,
1535 5557 1566 5609 et
1581 5549 1670 5624 iocis;
1690 5546 1745 5608 scd
1758 5544 1799 5605 de
1814 5543 1942 5604 miseria
1961 5549 2004 5606 ri-

227 5615 340 5676 nultue
356 5614 541 5692 conliditur
562 5615 721 5696 Domino,
748 5627 778 5683 et
792 5623 946 5701 confusus
961 5633 1016 5688 est.
1040 5623 1086 5688 Ex
1134 5635 1182 5691 tae
1199 5629 1384 5705 praesentis,
1402 5629 1436 5692 et
1448 5633 1486 5692 de
1502 5631 1598 5710 gloria
1616 5630 1693 5694 uitae
1704 5627 1883 5702 laturae,de
1898 5628 2001 5688 vicina

229 5697 342 5774 quibus
355 5699 474 5763 duabus
486 5701 649 5766 sententiis
662 5703 820 5770 manileste
832 5707 1088 5788 colligiturprae·
1135 5719 1244 5790 morte,
1262 5713 1302 5776 de
1317 5713 1435 5778 ratione
1460 5715 1616 5779 reddenda
1633 5713 1697 5780 ileo
1712 5761 1720 5792 ,
1738 5710 1832 5777 ettam
1847 5710 1888 5773 de
1905 5711 2003 5774 rerba
