4048 6242
309 237 362 298 286
917 236 1152 298 ascensoriis
1171 238 1207 296 tri
1229 229 1333 298 obuli

239 369 402 434 mullorum
418 367 544 432 millium
560 370 811 448 lngelorurnoui
827 371 925 434 stellis
941 372 1085 434 omnibus
1169 372 1288 436 Deinde
1304 374 1402 436 anima
1418 367 1549 436 lrurncnc
1567 418 1575 448 ,
1603 373 1673 453 gula
1695 375 1822 453 spiritus
1841 376 1978 456 simplex

239 453 344 530 ptores
360 459 390 514 ct
404 449 571 516 lucidiores
586 455 704 518 coctam
721 453 799 515 coeli
815 461 1085 524 exornantcernc·
1130 463 1189 527 est,
1204 455 1384 519 immortalis
1402 455 1490 518 ctiam
1506 463 1565 533 est,
1579 473 1639 520 oon
1656 459 1737 520 enim
1752 459 1843 522 babel
1855 461 1886 522 in
1900 477 1936 522 sc
1949 479 1982 518 a·

237 550 271 597 re
288 536 406 597 animas
421 539 595 598 sanctorum
612 535 890 605 bominumotroris
902 535 1084 616 Angelorum
1130 537 1239 616 liquid,
1257 540 1339 600 unde
1353 538 1478 602 distrabi
1494 540 1540 600 rel
1553 541 1678 602 interire
1694 542 1864 620 possinsad
1875 542 1906 605 ia
1920 543 1982 604 trac

238 618 474 696 insertas,quasl
488 618 624 695 planetas
636 618 733 681 stellis
745 617 925 681 llrmameoti
938 621 1087 681 admistas
1132 637 1163 682 ro
1179 636 1301 698 quoque
1318 628 1463 697 quantum
1480 620 1602 700 gloriari
1628 630 1729 702 potest
1743 639 1838 703 super
1858 627 1983 688 aninras

237 707 268 763 et
284 701 357 776 guid
373 701 432 762 erit
446 700 563 762 cantica
579 701 703 764 laudum
720 703 870 772 audire,et
885 700 960 763 illud
977 718 1088 781 peren·
1131 703 1288 765 brutorum
1301 703 1669 781 aninaanliamquaeeam
1682 721 1811 785 corporo
1823 709 1984 770 intereunt

238 798 278 844 ac
290 783 421 845 Alleluia
436 784 582 846 consonis
597 783 723 856 sceibus
740 788 768 844 ln
786 784 895 861 plateis
908 783 1036 846 ciritaiis
1054 787 1087 846 il·
1132 791 1247 847 tantum
1270 786 1437 849 conditoris
1462 787 1511 849 sol
1536 786 1751 851 excellentiam
1772 789 1935 868 suspicere
1953 795 1986 851 ct

236 864 298 928 lius
312 863 492 928 dulcissime
508 868 714 940 resonare,sic
731 867 812 928 enim
829 865 891 938 liet,
903 874 933 928 ut
950 883 1007 929 nec
1021 867 1085 944 ipsa
1132 867 1273 929 admirari
1289 869 1393 939 debet,
1412 869 1463 950 qui
1487 885 1547 931 non
1575 870 1676 934 sotum
1700 871 1901 945 immortalis,
1925 873 1985 935 scd

238 949 318 1012 coeli
334 948 530 1025 pulchritudo
546 947 598 1010 libi
616 964 726 1026 magna
740 949 885 1018 rideatur,
904 958 933 1009 et
948 965 1026 1026 quae
1043 953 1087 1010 in·
1132 953 1339 1029 sempiternus
1354 953 1443 1015 eliam
1459 958 1517 1014 est.
1532 951 1639 1014 sarna
1662 957 1743 1015 enim
1770 955 1902 1017 humana
1928 957 1985 1016 alt·

238 1032 285 1093 tra
299 1032 419 1094 coelum
435 1036 507 1092 suut
521 1029 647 1093 omnino
665 1031 839 1107 perexigua.
857 1048 892 1094 ac
910 1047 988 1107 pcnn
1005 1033 1087 1092 nulla
1133 1035 1256 1111 quarrdo
1272 1049 1333 1096 non
1348 1034 1418 1109 luit,
1434 1040 1465 1095 et
1480 1034 1575 1098 solius
1597 1034 1651 1097 Ilei
1676 1036 1829 1100 voluntale
1850 1039 1887 1100 ad
1912 1051 1986 1100 csse

239 1131 274 1174 ac
291 1130 346 1191 per
360 1115 419 1176 troc
434 1114 657 1176 coartamueoda
685 1120 714 1174 et
736 1111 934 1190 despicabilia
952 1114 1089 1178 iudicen-
1134 1115 1284 1192 pertenit,
1301 1128 1331 1180 et
1346 1117 1484 1180 eiusdem
1498 1118 1652 1180 roluntalc
1674 1119 1738 1192 bei,
1762 1126 1868 1197 posset
1883 1120 1922 1182 ad
1940 1123 1985 1181 ni·

240 1204 300 1258 tur.
469 1215 471 1226 ¹
1133 1199 1230 1260 bitum
1245 1199 1354 1279 redigi,
1372 1199 1509 1279 quamvis
1524 1200 1555 1260 io
1580 1213 1615 1262 se
1639 1203 1844 1280 corruptionis
1869 1203 1986 1280 princi·

1133 1281 1217 1357 pium
1235 1297 1296 1344 non
1311 1281 1434 1346 habeat.
1450 1283 1555 1359 ltaque
1570 1289 1653 1344 recte
1676 1285 1752 1347 dixit
1764 1285 1929 1365 Apostolos
1945 1289 1986 1346 dc

497 1359 641 1423 duabus
665 1362 834 1432 OCTAVUS
1134 1363 1210 1426 lieo:
1228 1362 1289 1439 in
1301 1367 1387 1428 sciris
1398 1365 1492 1428 babel
1504 1365 1789 1444 immortalitatem,
1804 1369 1888 1430 solus
1899 1368 1986 1431 enirn

1135 1447 1218 1508 nulla
1233 1449 1271 1522 ri,
1289 1448 1374 1511 nullo
1390 1465 1475 1525 casu,
1493 1447 1575 1508 nulla
1589 1449 1708 1511 rationo
1723 1450 1849 1514 dissolri
1866 1457 1984 1526 potest,

321 1527 373 1590 llcc
388 1528 646 1593 consideratione
662 1533 794 1594 animae
808 1532 994 1596 rationalis.
1133 1545 1203 1590 cum
1220 1527 1260 1592 sii
1274 1531 1374 1609 ipsum
1391 1546 1474 1606 esse,
1490 1531 1556 1608 ipsa
1571 1531 1640 1605 rita,
1658 1540 1688 1593 et
1699 1533 1769 1594 tons
1784 1535 1908 1597 essendi
1926 1581 1935 1607 ‚
1954 1541 1986 1594 at

1135 1609 1225 1674 ritae.

279 1699 534 1767 Pertransirimus
549 1706 711 1782 bucusque
727 1723 776 1771 res
791 1723 900 1770 omnes
915 1706 1090 1785 corporales
1174 1695 1274 1758 lertio
1286 1695 1386 1758 anima
1397 1695 1529 1758 bumana
1542 1694 1984 1778 lomineinlelligaotiaeprae·

239 1782 443 1849 commentis
458 1788 727 1863 consideratione,
751 1808 789 1852 ex
809 1790 903 1853 rebus
925 1791 1036 1852 creatis
1052 1791 1089 1852 ad
1134 1776 1194 1839 0000
1210 1786 1268 1848 000.
1286 1780 1444 1858 008000οῐ0
1459 1781 1540 1841 00000
1557 1793 1617 1840 000
1632 1777 1731 1842 000000
1748 1781 1879 1857 0000000,
1893 1789 1925 1876 00
1937 1797 1986 1843 00·

238 1873 406 1931 creatorem
422 1871 589 1932 ascendere
606 1873 741 1935 nitimur.
764 1873 827 1935 lam
851 1887 921 1935 roro
944 1889 1036 1952 supra
1058 1889 1089 1934 o·
1135 1875 1238 1938 00000.
1263 1862 1431 1938 sindones,
1447 1867 1478 1924 et
1499 1869 1651 1956 sonoset
1665 1863 1811 1934 calorem,
1829 1865 1988 1958 oltricus,

240 1951 357 2011 maram
374 1967 536 2029 dormtum
554 1953 754 2032 dignitatem,
779 1954 951 2018 laverimus
973 1959 1090 2018 animas
1134 1943 1303 2020 arcarum,
1320 1945 1586 2020 remollescere
1610 1942 1640 2004 al
1656 1959 1766 2022 genas,
1791 1961 1871 2024 qaae
1885 1961 1989 2008 aensa-

238 2030 527 2110 hnmanas,quaead
541 2033 678 2097 inllmum
692 2053 790 2116 genus
802 2038 1006 2116 spiritualium
1020 2037 1092 2099 sub·
1135 2025 1194 2088 0005
1208 2029 1345 2103 00000000
1361 2032 1476 2106 palent.
1489 2025 1546 2089 000
1562 2024 1651 2122 elilim
1668 2031 1707 2122 do
1723 2028 1891 2124 substantia
1907 2028 1991 2090 iudi-

237 2119 416 2175 stonitarum
431 2118 856 2196 pertinerenoscuntur,inlcr
867 2119 1089 2199 quas,etlteum
1137 2114 1195 2180 000,
1208 2115 1238 2171 00
1250 2110 1287 2172 de
1300 2110 1392 2172 00000
1406 2125 1464 2170 000
1478 2109 1576 2170 stilum
1590 2109 1731 2204 01080110,
1747 2111 1801 2173 sed
1815 2119 1906 2172 eitam
1919 2113 1992 2173 uni·

239 2194 319 2257 nihil
335 2197 469 2260 medium
490 2199 580 2263 nobis
595 2203 739 2281 occurrit,
756 2209 877 2281 praeter
899 2202 1093 2266 Hierarolrios
1136 2195 1255 2266 000000,
1273 2199 1303 2254 00
1318 2208 1380 2255 000
1395 2192 1494 2254 000οι0
1512 2199 1684 2267 0000000000
1701 2199 1805 2267 00000,
1822 2195 1876 2256 sed
1895 2197 1991 2255 eliam

239 2283 270 2340 ei
289 2280 414 2342 ordines
429 2280 629 2360 Angelorum.
734 2323 737 2329 ,
1138 2274 1234 2335 lutura
1251 2276 1424 2342 coniectat.
1441 2280 1472 2336 et
1486 2275 1687 2336 discurrendo
1706 2275 1897 2338 transcendit
1916 2293 1990 2338 coe·

279 2361 371 2425 Porro
389 2363 518 2424 bumana
540 2367 664 2444 lanima,
687 2372 798 2430 santam
822 2367 914 2430 habal
935 2383 1004 2430 aum
1027 2368 1091 2430 pao
1136 2357 1195 2427 los,
1213 2362 1351 2436 penetrat
1364 2358 1504 2438 abyssos,
1522 2372 1558 2418 or
1574 2355 1675 2418 censis
1696 2363 1849 2420 scrutatur
1864 2357 1988 2432 erecta,
2019 2380 2020 2448 ι

238 2445 397 2506 conditore
412 2445 654 2524 similitudinem,
666 2459 697 2512 ut
711 2448 802 2529 plane
817 2453 967 2529 ignorem,
983 2468 1019 2512 an
1032 2451 1091 2514 alia
1137 2445 1168 2501 00
1182 2455 1219 2500 00
1237 2438 1355 2503 00000000
1378 2440 1505 2502 00000000
1525 2439 1563 2534 au
1586 2453 1708 2534 000000
1731 2439 1871 2536 00000000
1888 2442 1989 2503 Deum

239 2526 285 2587 ria
304 2531 374 2604 guis
397 2532 494 2605 possit
516 2530 637 2594 laertius
660 2537 696 2594 ad
721 2533 815 2596 Deum
842 2533 1091 2613 cognoscendum
1138 2522 1260 2599 ipsum,
1284 2522 1335 2601 (100
1357 2523 1457 2586 lucem
1484 2521 1599 2584 00000000
1624 2523 1893 2600 0000000000000000,
1920 2524 1992 2587 0000

239 2608 422 2679 ascendero.
443 2627 533 2688 quarn
550 2629 587 2674 ex
602 2615 851 2678 consideratione
874 2617 1016 2694 propriae
1031 2616 1093 2678 ani·
1138 2603 1250 2666 mentis
1264 2605 1394 2684 00000000·
1411 2611 1502 2687 atque
1518 2604 1577 2667 0000
1592 2611 1640 2666 000
1655 2605 1770 2682 iumen,
1784 2605 1823 2667 000
1837 2623 1898 2687 tii
1913 2607 1992 2668 000000

244 2707 326 2755 moe.
343 2690 450 2769 ltaque
465 2696 560 2756 rotuli
573 2695 656 2760 Deus
672 2699 827 2762 bominem
843 2715 914 2761 esse
935 2698 1092 2761 inexcusa-
1136 2702 1164 2749 0-
1180 2686 1313 2751 0000000
1327 2689 1358 2750 00
1374 2687 1538 2766 Evangelio
1551 2703 1561 2749 ²
1576 2687 1656 2750 00000
1672 2687 1936 2767 incommodae
1954 2693 1991 2750 00·

241 2771 351 2849 ortena,
368 2773 394 2836 st
411 2774 546 2838 narratam
560 2778 613 2842 ber
630 2796 690 2842 aaa
708 2782 902 2858 oaoaaaaam
916 2797 981 2842 eam
995 2784 1092 2859 speras
1138 2769 1279 2834 lamiam
1303 2786 1432 2834 omnam
1457 2770 1822 2866 maraenocniearcm
1842 2771 1880 2834 aa
1901 2772 1991 2835 nana

244 2855 297 2916 liei
315 2856 426 2918 auritio
441 2861 605 2924 comitante
621 2881 658 2926 cx
680 2865 799 2926 animae
820 2880 895 2927 succ
916 2867 1092 2944 cognitione
1137 2855 1308 2919 mnodum.
1325 2860 1357 2916 00
1374 2853 1466 2916 000000
1481 2855 1513 2915 in
1527 2853 1672 2917 Psalmis:
1690 2852 1861 2932 8090000001
1876 2860 1922 2917 000
1936 2871 1991 2917 sti·

243 2953 305 3000 non
322 2937 487 3003 dillleuliar
502 2945 623 3006 lacaena
640 2946 749 3024 possit,
1136 2951 1197 3013 per
1208 2951 1268 2998 nos
1284 2937 1394 3000 lamen
1407 2937 1514 2999 ιιιιιιιιι
1528 2939 1576 2998 lai
1588 2935 1731 3012 Domine,
1745 2944 1788 2999 ei:
1801 2936 1902 2999 Nolite
1912 2934 1989 3016 iteri

284 3020 416 3084 Primum
435 3023 536 3100 igilur,
553 3029 651 3088 animo
669 3027 801 3090 hominis
823 3029 949 3106 spiritus
972 3033 1030 3104 csl;
1047 3027 1093 3092 sic
1137 3021 1220 3081 00000
1235 3033 1336 3099 eguus
1352 3025 1381 3082 00
1396 3019 1513 3091 mulus,
1527 3019 1644 3099 0000000
1657 3033 1725 3082 000
1740 3025 1784 3081 000
1795 3020 1989 3082 encaenias.

243 3103 325 3164 anim
342 3114 499 3181 exponant
513 3108 609 3170 sanati
632 3109 733 3172 ratres
756 3113 805 3173 itta
828 3111 920 3172 rerba
943 3109 1090 3174 Genesis:
1138 3100 1243 3180 llagaa
1260 3108 1307 3163 aet
1322 3103 1398 3164 oneo
1413 3103 1533 3165 animae
1546 3101 1700 3180 dignitas,
1719 3117 1773 3178 rer
1789 3119 1878 3180 gaam
1896 3103 1990 3164 boma

240 3183 404 3249 Fornacali
414 3186 658 3256 Damiansllema
670 3192 832 3258 hominem
844 3209 887 3256 ιω
899 3194 975 3256 iimo
988 3200 1093 3256 tarrae
1136 3185 1250 3246 similis
1271 3191 1317 3248 esi
1331 3184 1408 3257 Deo,
1424 3187 1456 3246 et
1469 3182 1630 3246 dissimilis
1646 3183 1753 3246 bestiis
1772 3229 1781 3257 ,
1797 3190 1888 3262 atoue
1915 3187 1990 3246 hinc

240 3275 270 3329 ci
282 3269 457 3348 inspiravit
481 3273 517 3333 in
531 3273 648 3349 laniem
675 3278 745 3338 cius
769 3277 973 3355 spiraculum
992 3277 1091 3339 pirae:
1138 3269 1313 3330 coniectare
1329 3273 1430 3347 potest
1444 3282 1480 3328 rc
1496 3265 1588 3328 debet
1603 3266 1717 3336 horno.
1734 3272 1844 3345 quanta
1860 3270 1901 3330 sii
1915 3273 1991 3329 eml-

242 3359 271 3412 el
288 3352 363 3413 illud
382 3351 508 3416 Tobiae:
525 3357 678 3436 Plaedt'pe
692 3361 794 3438 rggg'pp‘
807 3361 958 3438 gpg'n'lum
972 3375 1091 3436 meum,
1139 3350 1241 3412 lienllr'l
1257 3357 1287 3412 el
1302 3351 1474 3413 sublimitas
1489 3347 1608 3412 Domini
1624 3347 1791 3412 conditoris
1806 3349 1866 3413 sul.
1885 3349 1990 3412 Anima

242 3442 272 3494 et
287 3433 363 3495 illud
379 3433 909 3521 Ecclesiasiae:ltcocrtolurputais
922 3443 960 3504 ia
975 3449 1093 3504 lerrour
1138 3433 1220 3493 00000
1244 3432 1360 3496 tomice
1383 3429 1574 3512 intelligendi
1597 3432 1733 3510 praediis
1760 3437 1818 3507 osi,
1835 3435 1889 3495 sed
1906 3432 1991 3495 Deus

239 3529 336 3577 suam
352 3522 380 3576 el
393 3518 527 3594 spirtius
550 3522 661 3585 redcat
677 3525 723 3587 nd
736 3524 860 3601 Deam,
883 3525 941 3604 qai
955 3525 1042 3586 dedii
1055 3525 1094 3586 ii·
1137 3518 1186 3576 esi
1201 3515 1263 3588 lux,
1280 3519 1310 3578 el
1332 3515 1545 3594 intelligentia.
1562 3515 1669 3577 Anima
1691 3514 1835 3578 discurrit
1856 3533 1871 3576 a
1888 3523 1992 3578 causis

245 3599 328 3662 lant.
346 3598 489 3673 Quamvis
504 3608 605 3664 aulem
629 3605 809 3668 vocabulum
836 3607 963 3681 spiritus
985 3621 1095 3668 conrc·
1138 3597 1175 3657 ad
1192 3595 1313 3671 0000000,
1337 3603 1368 3662 00
1388 3597 1426 3661 000
1448 3595 1567 3660 00000000
1588 3596 1625 3658 00
1648 3611 1770 3668 00000οι
1787 3604 1877 3673 alque
1893 3613 1930 3660 00
1947 3599 1991 3660 di·

244 3684 308 3742 aiat
324 3686 414 3741 ortam
431 3689 533 3757 venta,
547 3685 586 3748 aa
601 3703 662 3763 qao
676 3688 788 3750 digitur
802 3693 832 3750 ln
849 3689 1095 3768 psarmrggspgar.
1139 3693 1248 3742 scursa
1265 3695 1326 3743 ono
1342 3679 1410 3744 sine
1426 3695 1535 3759 magno
1550 3681 1655 3743 labore
1670 3679 1829 3742 scientiam
1846 3688 1990 3742 cenatur:

243 3773 294 3826 tus
312 3764 553 3842 procellarum,
576 3774 607 3830 et
630 3771 659 3830 tn
676 3769 863 3850 Evangelia:
886 3769 1025 3852 Spissius
1039 3769 1096 3834 gbl
1141 3760 1221 3825 boas
1236 3761 1346 3826 intuitu
1362 3779 1423 3826 ono
1438 3779 1474 3825 ac
1489 3763 1620 3842 simplici
1636 3762 1727 3825 simul
1740 3777 1839 3824 omnia
1854 3764 1991 3840 perlecto

241 3847 311 3908 cult
324 3846 439 3925 spirat,
457 3852 607 3912 eloacam
621 3852 690 3914 eius
705 3853 820 3928 audii,
847 3859 948 3918 lamen
965 3869 1024 3916 non
1041 3853 1095 3915 du·
1139 3847 1309 3925 cognoscit·
1333 3846 1440 3910 000000
1462 3845 1603 3924 0000000000
1624 3861 1672 3920 00,
1690 3851 1768 3922 0000
1783 3853 1866 3918 0000,
1884 3862 1919 3908 00
1935 3864 1990 3925 000

243 3928 329 3991 bium
341 3930 545 4006 esl‚splritom
559 3935 759 4011 procellarum
776 3951 846 4000 esse
858 3951 969 4016 corpas
981 3935 1094 4000 tennis·
1140 3928 1197 3990 boc
1212 3929 1342 3991 scicntia
1359 3930 1428 3992 cias
1444 3928 1587 4007 pendela
1603 3927 1709 3990 rebus:
1724 3929 1803 3990 bens
1816 3929 1989 4008 intelligan-

244 4014 370 4082 simum,
388 4010 469 4089 quod
486 4014 525 4075 ob
538 4031 688 4078 summam
705 4035 789 4080 suam
806 4018 1017 4089 subtilitatem,
1035 4033 1096 4080 raa-
1139 4011 1179 4073 do
1193 4010 1284 4082 lacit,
1302 4018 1334 4074 ut
1348 4025 1398 4075 res
1413 4011 1496 4082 sint,
1514 4027 1550 4073 ac
1566 4025 1622 4088 per
1637 4013 1696 4074 lroo
1711 4027 1811 4072 reruur
1827 4011 1989 4074 existentia

243 4094 292 4172 gia
303 4093 633 4173 imitarorspirituatem
648 4107 890 4176 naturamgaam
904 4102 984 4164 atiud
1000 4103 1095 4180 good·
1138 4109 1154 4154 r
1171 4093 1224 4156 liei
1240 4093 1369 4156 seientia
1393 4094 1517 4173 pendet·
1533 4092 1641 4156 laima
1664 4095 1703 4155 do
1725 4094 1819 4156 rebus
1835 4095 1947 4158 tuturis
1963 4102 1994 4157 at

244 4191 380 4255 eumque
394 4193 517 4252 corpus,
535 4183 633 4243 aalma
648 4197 719 4245 roro
740 4185 870 4245 bumana
894 4186 1017 4261 proprie
1032 4186 1095 4262 spi·
1138 4191 1273 4252 cumque
1288 4176 1464 4240 coniectat:
1482 4176 1564 4238 Deus
1580 4175 1680 4238 omnic
1697 4175 1795 4238 lutura
1813 4178 1994 4239 conminus

248 4264 324 4320 00000
340 4265 399 4331 esi,
416 4276 476 4323 000
493 4277 618 4339 corpus.
635 4279 737 4343 noque
760 4282 796 4329 ex
813 4269 937 4330 materie
954 4266 1095 4345 produci·
1138 4260 1314 4338 perspicue,
1338 4275 1428 4338 quam
1446 4259 1610 4339 praeterita
1633 4263 1664 4322 et
1679 4257 1849 4338 praesentia
1865 4275 1993 4338 semper

247 4350 305 4414 tur,
322 4343 377 4404 000
393 4358 408 4404 0
423 4342 488 4406 1000
503 4351 636 4422 creatur,
649 4346 688 4410 dr
703 4365 761 4429 qur
777 4365 810 4412 re
825 4351 907 4432 apud
924 4348 1096 4413 Catholieos
1138 4340 1396 4406 inluetanllulma
1409 4341 1513 4405 mullis
1523 4340 1641 4420 indiget
1654 4339 1914 4420 ultoretligenrlaa
1929 4360 1993 4405 nau·

243 4427 327 4486 nulta
343 4431 550 4490 contenebrata
566 4437 624 4494 est.
1139 4441 1198 4488 nus
1213 4431 1363 4503 exerceat,
1381 4425 1514 4502 obiecto,
1531 4424 1649 4504 specie,
1675 4424 1899 4501 phantasmate,
1917 4433 1946 4486 et
1964 4445 1993 4486 a·

285 4508 342 4571 llic
356 4507 448 4588 igilur
462 4509 571 4586 incipit
585 4513 763 4578 excellentia
779 4515 920 4586 animae,
945 4521 973 4577 et
989 4515 1092 4578 simili·
1138 4507 1211 4571 liis:
1229 4509 1310 4572 beas
1326 4507 1408 4570 natta
1431 4513 1559 4586 renger,
1582 4506 1649 4584 ipsa
1672 4507 1754 4568 enim
1779 4505 1914 4568 essentia
1938 4523 1992 4570 saa

245 4589 319 4654 tudo
332 4592 370 4656 ad
385 4591 496 4666 Deum,
513 4593 597 4658 licus
612 4600 693 4660 enirn
710 4597 837 4675 spiritus
852 4604 947 4666 estut
961 4596 1096 4660 Salvator
1138 4595 1197 4667 osi,
1213 4591 1256 4652 illi
1272 4592 1386 4667 omnia,
1404 4589 1465 4653 imo
1481 4592 1571 4652 etiam
1588 4590 1653 4668 ipsa
1668 4605 1723 4651 soa
1737 4588 1871 4652 essonila
1887 4596 1936 4651 est
1950 4591 1993 4651 ilti

244 4681 348 4752 aperta
364 4679 556 4754 pronunciat:
574 4679 712 4759 Spiritus
727 4685 771 4743 eei
786 4681 878 4759 Dema,
896 4689 924 4744 gr
942 4683 999 4760 qni
1019 4695 1095 4742 enm
1139 4672 1356 4752 intelligentia.
1379 4673 1518 4750 benigue
1535 4671 1648 4749 enimc,
1665 4671 1737 4734 durn
1754 4677 1801 4734 cst
1815 4674 1846 4735 ln
1862 4687 1994 4751 corpore

245 4757 407 4829 oaorem,
429 4761 468 4822 in
487 4761 791 4840 opimiaeraerirare
805 4771 927 4843 oporiet
942 4763 1093 4826 admove.
1138 4769 1199 4817 non
1216 4756 1315 4819 solum
1333 4756 1426 4819 [teum
1444 4769 1505 4818 aaa
1528 4754 1630 4832 arder,
1654 4754 1710 4817 seo
1734 4769 1835 4832 nenne
1849 4754 1988 4850 sagatos

245 4839 307 4902 Sed
323 4855 506 4919 quamquam
523 4850 552 4905 el
567 4844 650 4908 Deos
665 4847 792 4924 spiritus
806 4855 864 4924 esi,
879 4852 910 4910 et
923 4848 1023 4907 anima
1039 4847 1095 4908 bu·
1137 4837 1221 4900 ridet
1237 4885 1245 4916 ,
1264 4853 1366 4920 neque
1391 4838 1525 4919 seipsam
1542 4837 1624 4901 ridet
1640 4885 1647 4913 ,
1666 4853 1768 4916 neque
1782 4838 1986 4900 substanttam

245 4938 334 4984 mana
351 4925 480 5000 spiritus
495 4931 553 4996 cst,
571 4935 670 4990 tamen
687 4929 770 4992 lleus
783 4936 830 4994 est
841 4927 967 5011 spiritus
980 4929 1096 4990 increa-
1139 4920 1243 4994 000000
1269 4923 1407 5000 00000000
1428 4919 1631 4998 0000000000οι
1655 4921 1780 4999 0000000
1802 4919 1894 4995 00000,
1911 4926 1942 4981 00
1959 4924 1992 5016 010

246 5011 307 5076 ιιιι,
324 5010 357 5067 et
370 5013 500 5075 creator.
518 5009 618 5071 anima
633 5011 761 5089 spiritus
776 5020 909 5076 creatos:
926 5027 962 5074 ex
976 5025 1036 5086 ouo
1049 5027 1097 5074 se·
1140 5003 1242 5066 multis
1263 5004 1386 5082 lcltltar,
1409 5004 1539 5083 plurima
1562 5004 1693 5084 ignorat,
1711 5005 1749 5065 de
1765 5003 1907 5081 pluribus
1923 5019 1990 5082 opr-

246 5090 350 5166 quilor
366 5087 480 5150 talaria
498 5090 638 5154 distantia
651 5096 731 5156 inter
745 5095 953 5175 spiritumqui
970 5098 1017 5155 esi
1030 5097 1095 5155 aar·
1140 5087 1278 5161 aionem.
1301 5087 1339 5150 de
1361 5087 1557 5166 paucissimis
1578 5101 1680 5148 reram
1700 5085 1862 5148 solentiam
1885 5088 1991 5148 babet.

246 5189 305 5244 rara,
322 5177 351 5234 et
366 5172 518 5247 spiritum,
544 5176 594 5252 qui
610 5182 658 5239 est
671 5178 778 5256 ileos,
797 5178 925 5258 proinde
948 5181 1094 5252 quantum
1139 5168 1222 5232 Deus
1234 5177 1334 5233 aulem
1347 5167 1990 5251 ninilignorcinibilopinatur,numnuam

245 5256 351 5318 laetari
368 5259 467 5330 potest
482 5257 579 5319 anima
595 5304 603 5331 ,
620 5259 700 5338 quod
716 5260 757 5323 sit
771 5263 801 5325 in
816 5274 930 5339 genere
955 5260 1095 5322 substan·
1140 5251 1265 5326 totlitur.
1289 5269 1453 5330 0000000οι
1469 5256 1560 5323 00000,
1577 5253 1688 5316 omitia
1707 5251 1799 5316 noda
1812 5257 1888 5314 0000
1903 5258 1933 5315 ei
1955 5267 1992 5313 0·

245 5340 306 5401 tiae
321 5336 500 5416 spiritualis,
526 5355 560 5401 oo
575 5357 630 5419 per
646 5344 705 5406 troc
726 5345 814 5406 coelo
829 5352 858 5406 el
873 5343 1037 5424 syderibus
1051 5343 1091 5404 al·
1138 5338 1231 5416 perta
1244 5335 1345 5398 ocutis
1360 5339 1440 5406 elas,
1458 5341 1489 5396 nl
1503 5335 1667 5414 tlpostolos
1683 5335 1817 5411 loquitur
1831 5335 1863 5398 in
1876 5335 1993 5411 episto·

248 5424 305 5483 tior
321 5418 478 5484 nobilitate
495 5426 630 5498 naturae,
649 5432 761 5488 lantum
778 5425 929 5489 humiliari
945 5425 1048 5502 debci,
1061 5442 1097 5487 ac
1140 5419 1169 5482 io
1183 5419 1219 5480 ad
1233 5419 1400 5483 Hebraeos.
1417 5417 1494 5498 Ergo
1510 5423 1535 5482 si
1550 5419 1623 5481 lanii
1638 5416 1709 5479 iacit
1723 5421 1814 5480 bomo
1830 5417 1992 5480 scientiam

246 5505 309 5566 ileo
324 5502 473 5567 conditori
487 5505 585 5569 subici
604 5554 612 5582 ,
629 5509 711 5588 qood
728 5509 872 5574 annihila
886 5505 961 5572 lacta
977 5510 1017 5571 sit
1035 5554 1042 5586 ,
1067 5513 1098 5573 el
1142 5519 1240 5572 suam.
1265 5506 1298 5564 ul
1312 5503 1477 5580 spostolus
1492 5501 1593 5565 dicat:
1612 5497 1754 5564 sacella
1768 5501 1878 5572 lorini.
1896 5517 1992 5577 ouan-

247 5605 284 5652 ιιι
299 5605 332 5654 ιι
347 5586 424 5652 nibil
441 5586 491 5649 sit.
1145 5593 1207 5652 tour
1224 5585 1362 5650 admirari
1379 5584 1470 5650 debet
1484 5585 1642 5650 scientiam
1655 5583 1833 5661 conditoris,
1847 5583 1896 5648 cui
1909 5599 1992 5646 corn-
